4842 6642
799 858 937 914 caurus
963 859 1120 914 uncinus
1145 861 1290 914 saurus
1559 843 1627 910 157

458 1007 608 1102 quando
634 1015 689 1082 est
715 1007 822 1081 nimis
848 1008 967 1104 longa.
994 1007 1038 1080 Et
1062 1007 1132 1080 boc
1157 1005 1296 1099 accidit,
1314 1027 1352 1080 sc
1375 1026 1448 1078 uon
1466 1008 1495 1079 ε’
1509 1026 1627 1098 oppon

456 1132 498 1204 di
522 1132 578 1203 dic
602 1131 639 1203 io
664 1131 733 1219 dic,
758 1128 861 1220 idest,
887 1127 915 1200 si
943 1147 1014 1201 non
1041 1126 1186 1201 additur
1216 1126 1396 1222 gradatim
1427 1126 1490 1222 ipsi
1523 1125 1628 1201 uobi-

458 1249 565 1344 litati,
587 1248 734 1344 quaudo
760 1248 857 1323 enim
876 1240 912 1339 (¹)
940 1245 1107 1320 nobilitas
1132 1245 1278 1344 generis
1304 1245 1568 1319 transfunditur
1584 1245 1630 1320 de

460 1391 534 1443 uno
560 1371 596 1443 in
624 1371 736 1444 alium
765 1369 987 1461 valorosum,
1023 1373 1111 1440 tunc
1141 1365 1315 1442 continuo
1344 1366 1474 1442 crescit
1505 1373 1543 1440 et
1574 1366 1630 1439 lu-

457 1489 585 1582 cescit;
612 1489 675 1564 sed
701 1488 849 1582 quando
875 1488 969 1562 cadit
995 1487 1031 1560 in
1057 1486 1269 1583 degeneres,
1288 1494 1375 1562 tunc
1402 1487 1473 1562 cito
1490 1485 1628 1561 delicit:

458 1608 556 1683 unde
587 1608 754 1682 videmus
787 1607 834 1682 de
866 1607 961 1682 iacto
986 1605 1085 1701 quod
1110 1615 1156 1680 ut
1183 1607 1384 1702 plurimum
1421 1606 1559 1682 nobiles
1592 1613 1630 1680 et

459 1731 569 1805 clarae
593 1728 738 1803 iamiliae
768 1728 1014 1803 terminantur
1044 1727 1081 1800 iu
1112 1726 1235 1821 aliquo
1266 1727 1435 1803 imbecilli
1469 1733 1506 1803 et
1538 1728 1628 1801 tristi

460 1851 613 1946 captivo.

532 1972 606 2042 Dal
622 1971 688 2042 voi.
708 1970 777 2043 Ista
796 1975 851 2043 est
871 1968 1031 2044 secunda
1053 1988 1137 2063 pars
1153 1968 1345 2064 generalis,
1368 1969 1404 2042 in
1426 1991 1499 2063 qua
1520 1973 1631 2043 autor

458 2089 631 2166 describit
648 2089 852 2185 specialiter
868 2088 1047 2185 originem
1063 2088 1194 2162 domus
1212 2107 1307 2182 suae3
1321 2095 1358 2163 et
1370 2090 1490 2184 primo
1508 2097 1633 2164 osten-

458 2209 509 2284 dit
524 2209 712 2304 quomodo
726 2209 772 2282 ad
788 2209 1006 2304 captandam
1021 2208 1311 2282 benevolentiam
1330 2208 1407 2304 ipse
1420 2209 1529 2284 luerit
1542 2232 1632 2284 usus

460 2352 593 2428 magna
624 2330 832 2404 reverentia
867 2328 1054 2421 loquendo
1087 2329 1135 2402 illi
1151 2320 1187 2421 (²)
1225 2329 1473 2426 Cacciaguidae
1505 2330 1633 2405 maiori

459 2469 540 2526 suo.
568 2451 612 2525 Et
637 2450 799 2525 breviter
825 2450 904 2523 vult
920 2448 1042 2524 dicere
1059 2448 1158 2543 quod
1175 2449 1283 2544 coepit
1300 2449 1399 2543 loqui
1416 2449 1559 2544 blande,
1577 2451 1633 2525 di-

460 2571 578 2647 ceudo
602 2571 791 2667 pluraliter
818 2570 866 2644 illi
893 2591 978 2662 oos,·
995 2591 1070 2664 quo
1098 2569 1206 2644 modo
1232 2569 1403 2663 loquendi
1424 2569 1543 2665 primo
1574 2571 1630 2644 usi

460 2698 545 2766 sunt
563 2691 705 2766 romani
726 2711 814 2786 erga
841 2690 1035 2765 Caesarem.
1063 2689 1164 2764 Sicut
1180 2689 1278 2763 enim
1301 2690 1425 2764 scribit
1441 2689 1630 2765 Lucanus:

461 2834 547 2888 cum
574 2813 707 2906 Caesar,
726 2812 850 2908 iugato
875 2809 1048 2906 Pompeio
1073 2817 1111 2884 et
1136 2810 1271 2885 Senatu
1299 2830 1344 2884 ex
1372 2811 1483 2905 ltalia,
1510 2811 1633 2885 venis·

462 2940 518 3009 set
555 2934 724 3026 Romam,
750 2938 788 3006 et
822 2932 918 3005 illam
957 2931 1160 3007 ordinasset
1190 2951 1257 3024 pro
1289 2930 1389 3006 libito
1424 2930 1632 3024 voluntatis,

462 3052 645 3128 translatis
671 3052 706 3126 in
734 3072 773 3126 se
799 3051 971 3126 omnibus
996 3050 1240 3148 dignitatibus,
1275 3052 1416 3125 romani
1440 3051 1634 3146 adulanter

462 3174 708 3269 loquebantur
734 3171 783 3244 illi
809 3171 846 3245 in
872 3171 1015 3265 plurali,
1041 3169 1201 3245 dicentes
1217 3161 1275 3262 ill:
1308 3171 1396 3266 quid
1432 3169 1636 3266 praecipitis,

462 3293 609 3369 domine
635 3292 848 3386 imperator,
872 3297 1050 3385 perpetue
1076 3289 1259 3364 dictatori
1285 3291 1372 3385 quid
1399 3291 1546 3366 mandat
1572 3312 1637 3366 re·

462 3420 537 3488 stra
559 3412 730 3486 maiestas
748 3409 922 3484 excelsa?
939 3415 976 3484 et
997 3409 1046 3483 ita
1064 3410 1110 3484 de
1127 3411 1315 3484 similibus.
1333 3411 1385 3485 Ad
1406 3412 1633 3507 propositum

462 3553 552 3630 argo
578 3532 664 3606 dicit
688 3537 815 3606 autor:
842 3550 912 3626 ego
938 3530 1005 3604 ieci
1031 3550 1121 3626 erga
1147 3531 1258 3603 istum
1284 3531 1463 3606 maiorem
1496 3552 1636 3624 meum,

462 3655 557 3729 siout
583 3653 669 3726 olim
699 3651 841 3726 romani
869 3671 958 3747 erga
986 3651 1188 3724 maximum
1208 3650 1402 3740 Caesarem.
1428 3652 1563 3728 Ordina
1584 3653 1636 3727 sic

463 3774 619 3868 literam,
631 3777 676 3845 Le
686 3775 813 3866 parole
825 3775 891 3845 mic
903 3773 1191 3866 ricomiuciuron,
1206 3770 1352 3865 scilicet,
1367 3773 1632 3868 persuadendo,

463 3896 526 3968 dol
557 3895 627 3984 voi,
653 3891 739 3985 quia
767 3891 912 3985 scilicet,
943 3890 1036 3985 coepi
1070 3889 1211 3964 dicere:
1246 3911 1331 3985 vos,
1367 3899 1404 3967 et
1434 3893 1529 3987 dicit,
1562 3897 1635 3985 cte,

465 4013 569 4109 idest,
586 4012 684 4106 quod
702 4032 820 4108 genus
837 4011 1020 4105 loquendi,
1034 4016 1148 4084 Romo
1162 4014 1283 4103 pmma
1298 4015 1449 4105 sufferte,
1463 4013 1581 4108 primo
1597 4002 1634 4106 (⁸)

466 4154 571 4230 passa
597 4138 653 4206 est
676 4133 763 4207 olim
792 4138 957 4226 tempore
976 4131 1147 4226 Caesaris3
1167 4132 1224 4205 vel
1241 4132 1444 4207 secundum
1464 4134 1574 4209 aliam
1592 4135 1636 4209 li·

467 4261 598 4348 teram,
619 4257 678 4328 cic
689 4255 811 4346 primo
828 4254 978 4345 sollerte,
1000 4252 1101 4345 idest,
1120 4252 1220 4346 quod
1237 4253 1354 4348 primo
1372 4254 1534 4329 oblatum
1554 4256 1636 4350 luit,

465 4395 491 4448 o
515 4380 641 4466 Romo,
669 4374 770 4466 idest,
797 4394 818 4447 a
846 4373 1006 4446 romanis
1032 4373 1177 4447 Caesari.
1199 4372 1243 4445 Et
1267 4372 1365 4466 dicit,
1385 4376 1423 4446 iu
1442 4376 1514 4465 cie,
1532 4375 1636 4471 idest,

467 4493 605 4589 inquo
631 4494 741 4569 modo
772 4492 943 4586 loquendi
975 4491 1173 4587 pluraliter,
1206 4495 1242 4565 lo
1272 4513 1339 4566 suo
1367 4495 1529 4587 sumptio
1559 4517 1638 4570 meu

463 4635 648 4708 perscore,
674 4614 760 4708 quia
788 4612 894 4688 bodio
924 4610 1066 4686 romani
1099 4611 1221 4686 minus
1253 4618 1409 4687 utuntur
1445 4613 1504 4688 tali
1531 4615 1635 4690 locu·

467 4735 565 4811 tione
582 4735 735 4827 caeteris,
749 4733 864 4807 immo
879 4753 952 4806 non
969 4731 1131 4807 dicerent
1153 4752 1256 4828 papae
1272 4739 1310 4807 et
1325 4733 1549 4831 imperatori,
1567 4736 1634 4810 nisi

530 4921 558 4984 ι’)
573 4921 598 4971 S·
616 4934 687 4972 vero·
998 4917 1026 4982 (¹)
1042 4921 1068 4972 s.
1085 4921 1133 4985 ipsi
1148 4921 1331 4986 cncctngutdoe.

530 4998 556 5060 ι’)
573 4998 604 5048 Ε.
621 4997 733 5048 diceutes
748 4998 786 5048 eir
802 4998 873 5063 quid.
999 4997 1025 5060 (Ἳ
1041 4999 1071 5050 Ε.
1088 4999 1161 5062 idest,
1178 5000 1272 5064 primo.
