4842 6642
428 1253 595 1323 CANTUS
616 1251 877 1322 TRIGESIMUS
900 1249 1134 1332 SECUNDUS,
1153 1252 1190 1316 in
1211 1270 1271 1334 ooo
1294 1249 1503 1334 distinquitnr
1527 1247 1605 1315 ordo

509 1366 671 1434 doctorum
686 1386 750 1450 por
769 1365 893 1450 modus
912 1365 986 1431 noni
1007 1369 1038 1430 et
1058 1363 1172 1430 oeteis
1196 1361 1394 1440 Testamenti,
1411 1365 1442 1427 et
1462 1365 1604 1426 monstro

507 1477 639 1545 (Μίνω
658 1477 698 1545 dc
717 1477 941 1544 tenoemteo.

583 1747 622 1813 ,.

608 1864 781 1915 arrarro
804 1845 844 1915 ot
865 1861 930 1916 suo
950 1843 1074 1934 pium
1107 1844 1186 1934 puel
1212 1843 1471 1933 contemplante.
1499 1839 1603 1912 Post-

429 1981 542 2056 quam
572 1962 610 2035 in
643 1961 823 2057 superiori
854 1961 1014 2057 capituto
1047 1959 1215 2056 proxime
1248 1957 1468 2055 praecedenti
1493 1963 1602 2032 autor

430 2087 554 2155 noster
573 2081 773 2156 declaravit
791 2081 948 2156 lormam
966 2081 1179 2176 generalem
1198 2079 1377 2175 paradisi;
1399 2098 1497 2152 nunc
1514 2095 1603 2150 con·

428 2207 626 2295 sequenter
646 2200 684 2274 iu
702 2200 769 2275 isto
783 2201 914 2274 xxxu
928 2201 1089 2296 capitulo
1105 2199 1276 2275 describit
1293 2197 1426 2273 dictam
1446 2197 1602 2272 turmam

429 2319 586 2416 paradisi
607 2320 643 2394 in
664 2320 886 2416 particulari.
905 2321 949 2395 Et
966 2341 1128 2416 praesens
1151 2319 1353 2415 capitulum
1381 2323 1498 2414 potest
1518 2317 1605 2391 bre-

429 2441 522 2514 uiter
534 2439 643 2514 dividi
661 2438 698 2514 in
715 2447 876 2535 quatuor
892 2446 1016 2536 partes
1028 2439 1237 2536 generalem
1253 2438 1287 2512 in
1309 2458 1468 2533 quarum
1484 2435 1603 2533 prima

430 2568 540 2635 autor
565 2559 753 2658 distinguit
777 2560 944 2636 ordinem
970 2560 1155 2657 graduum
1182 2561 1378 2634 beatorum
1407 2558 1541 2633 veteris
1566 2564 1605 2632 et

431 2680 515 2754 aovi
532 2681 764 2756 Testamenti.
777 2680 817 2754 ln
831 2681 992 2756 mcunda
1011 2687 1180 2756 removet
1195 2701 1312 2754 unum
1331 2678 1485 2753 dubium
1505 2677 1603 2752 circa

429 2801 603 2895 parvulos
622 2800 845 2896 innocentes,
863 2801 929 2874 ibi:
953 2805 1006 2876 Or
1030 2801 1146 2875 dubbii
1169 2807 1216 2874 tu.
1244 2801 1283 2874 ln
1309 2798 1416 2874 tertia
1433 2796 1604 2872 describit

429 2919 674 3016 principaliter
698 2920 960 2996 beatitudinem
979 2927 1113 2995 nostre
1130 2919 1300 3014 domine,
1314 2925 1351 2994 et
1368 2918 1603 3016 singulariter

429 3041 602 3137 angelum
616 3039 824 3115 Gabrielem
840 3040 935 3116 iuter
954 3040 1604 3134 caterosiertantem,ibi:1tipuordu

428 3163 533 3234 omoi.
559 3161 600 3234 ln
624 3168 758 3253 quarta
786 3166 825 3235 et
850 3160 978 3235 ultima
1004 3159 1177 3234 describit
1197 3160 1413 3256 principales
1435 3158 1606 3254 patricios

428 3279 538 3354 buius
562 3280 669 3373 aute,
703 3279 772 3354 ibi:
791 3284 854 3353 llo
869 3283 990 3354 vienne
1005 3283 1112 3353 omui.
1139 3279 1192 3354 ad
1218 3280 1380 3376 primum
1408 3299 1499 3376 ergo
1525 3278 1606 3353 dico
1706 3363 1711 3372 ,

428 3399 527 3495 quod
552 3400 590 3474 in
614 3400 737 3496 prima
766 3407 871 3497 parte
895 3401 1059 3499 generali
1085 3408 1195 3476 autor
1227 3400 1415 3498 distinguit
1438 3399 1605 3475 ordinem

426 3515 611 3618 graduum
629 3521 832 3597 beatorum
851 3523 1047 3616 utriusque
1064 3521 1297 3597 Testamenti.
1317 3523 1361 3595 lit
1378 3522 1498 3617 primo
1516 3541 1607 3597 con·

430 3642 577 3716 tinuans
603 3641 698 3717 dicta
723 3642 895 3736 dicendis,
913 3641 1070 3718 ostendit
1095 3641 1283 3737 quomodo
1309 3641 1518 3717 Bernardus
1543 3663 1606 3717 ac-

429 3761 587 3838 cinxerit
612 3781 653 3838 se
677 3763 723 3838 ad
749 3763 955 3838 docendum
983 3762 1106 3859 ipsum
1128 3763 1296 3838 ordinem
1318 3763 1512 3859 specialem
1541 3783 1606 3859 pa-

432 3882 559 3978 radisi3
578 3883 678 3959 unde
693 3883 796 3958 dicit:
819 3886 905 3972 (tuot
918 3887 1181 3978 contemplante,
1197 3884 1300 3979 idest,
1317 3884 1376 3959 ille
1397 3879 1607 3959 Bernardus

431 4004 694 4100 contemplans,
716 4007 873 4099 tapetio,
891 4004 1038 4099 scilicet,
1057 4006 1120 4099 qui
1139 4004 1278 4101 positus
1295 4010 1349 4079 est
1368 4004 1404 4079 in
1422 4003 1494 4079 flue
1511 4025 1607 4100 prae·

431 4123 594 4198 maenus
619 4123 779 4221 capituli,
797 4125 932 4200 scilicet
953 4124 1111 4220 qualiter
1130 4143 1323 4221 egueram
1342 4123 1458 4198 lactus
1474 4124 1608 4199 ardeu-

432 4243 503 4317 tior
534 4250 573 4320 et
601 4245 775 4320 attentior
808 4245 848 4318 iu
876 4243 1183 4340 contemplatone
1207 4243 1342 4339 Mariae,
1369 4243 1495 4319 videns
1519 4263 1608 4319 con-

432 4362 708 4457 templationem
733 4363 846 4459 ipsius
870 4363 1070 4459 Bernardi3
1103 4371 1142 4440 et
1170 4363 1277 4440 dicit:
1309 4367 1348 4438 ot
1377 4385 1442 4438 suo
1469 4367 1608 4458 muner,

431 4483 517 4578 qnia
544 4482 700 4558 allectus
724 4491 806 4559 erat
830 4489 1012 4579 sequutus
1041 4483 1077 4558 in
1110 4501 1172 4559 me
1200 4485 1404 4560 secundum
1431 4484 1606 4580 placitum

431 4623 510 4679 sue
537 4604 745 4698 voluntatis,
766 4605 854 4700 quia
872 4604 1105 4680 desiderabat
1121 4625 1182 4678 me
1207 4605 1257 4679 ita
1283 4605 1445 4701 perlecto
1470 4605 1609 4702 disponi

432 4723 479 4798 ad
496 4724 842 4819 contemplationem
861 4725 975 4822 ipsius
987 4723 1184 4818 Bernardi;
1203 4725 1261 4800 vel
1275 4725 1479 4800 secundum
1498 4725 1606 4800 aliam

434 4845 598 4918 literam:
616 4847 783 4940 totsctto,
810 4853 847 4922 et
873 4854 962 4921 tunc
987 4864 1148 4940 expone:
1179 4845 1239 4919 ille
1269 4845 1521 4941 contemplans
1549 4866 1609 4921 me

436 4962 610 5039 affectum
636 4973 675 5041 et
698 4967 941 5042 affectuosum
965 4963 1167 5039 secundum
1186 4963 1360 5058 placitum
1387 4985 1517 5060 suum;
1544 4967 1608 5042 sed
