<?xml version="1.0" encoding="UTF-8"?>
<!DOCTYPE html PUBLIC "-//W3C//DTD XHTML 1.0 Transitional//EN"
    "http://www.w3.org/TR/xhtml1/DTD/xhtml1-transitional.dtd">
<html xmlns="http://www.w3.org/1999/xhtml" xml:lang="en" lang="en">
 <head>
  <title>
</title>
<meta http-equiv="Content-Type" content="text/html;charset=utf-8" />
  <meta name='ocr-system' content='tesseract 3.04.00' />
  <meta name='ocr-capabilities' content='ocr_page ocr_carea ocr_par ocr_line ocrx_word'/>
</head>
<body>
  <div class='ocr_page' id='page_1' title='image "./comentumsuperda02benvgoog_0494.png"; bbox 0 0 4842 6642; ppageno 0'>
   <div class='ocr_carea' id='block_1_1' title="bbox 849 819 1638 890">
    <p class='ocr_par' dir='ltr' id='par_1_1' title="bbox 849 819 1638 890">
     <span class='ocr_line' id='line_1_1' title="bbox 849 819 1638 890; baseline -0.001 -3"><span class='ocrx_word' id='word_1_1' title='bbox 849 819 922 888; x_wconf 78' lang='lat' dir='ltr'><strong>tta</strong></span> <span class='ocrx_word' id='word_1_2' title='bbox 1242 833 1447 890; x_wconf 81' lang='lat' dir='ltr'><strong>mueuruu</strong></span> <span class='ocrx_word' id='word_1_3' title='bbox 1471 833 1638 889; x_wconf 78' lang='lat' dir='ltr'><strong>rannnm</strong></span> 
     </span>
    </p>
   </div>
   <div class='ocr_carea' id='block_1_2' title="bbox 845 978 2025 1319">
    <p class='ocr_par' dir='ltr' id='par_1_2' title="bbox 845 978 2025 1319">
     <span class='ocr_line' id='line_1_2' title="bbox 846 978 2025 1080; baseline 0.003 -26"><span class='ocrx_word' id='word_1_4' title='bbox 846 978 967 1054; x_wconf 91' lang='lat' dir='ltr'><strong>centia</strong></span> <span class='ocrx_word' id='word_1_5' title='bbox 993 983 1048 1053; x_wconf 78' lang='lat' dir='ltr'><strong>est</strong></span> <span class='ocrx_word' id='word_1_6' title='bbox 1073 979 1111 1053; x_wconf 92' lang='lat' dir='ltr'><strong>in</strong></span> <span class='ocrx_word' id='word_1_7' title='bbox 1137 979 1280 1077; x_wconf 79' lang='lat' dir='ltr'><strong>magnis</strong></span> <span class='ocrx_word' id='word_1_8' title='bbox 1304 980 1511 1075; x_wconf 86' lang='lat' dir='ltr'><strong>sumptibus</strong></span> <span class='ocrx_word' id='word_1_9' title='bbox 1532 980 1626 1055; x_wconf 87' lang='lat' dir='ltr'><strong>sicut</strong></span> <span class='ocrx_word' id='word_1_10' title='bbox 1645 979 1842 1056; x_wconf 82' lang='lat' dir='ltr'><strong>liberalitas</strong></span> <span class='ocrx_word' id='word_1_11' title='bbox 1872 983 1909 1057; x_wconf 96' lang='lat' dir='ltr'><strong>in</strong></span> <span class='ocrx_word' id='word_1_12' title='bbox 1939 1004 2025 1080; x_wconf 91' lang='lat' dir='ltr'><strong>par-</strong></span> 
     </span>
     <span class='ocr_line' id='line_1_3' title="bbox 847 1097 2024 1198; baseline 0.006 -26"><span class='ocrx_word' id='word_1_13' title='bbox 847 1097 923 1192; x_wconf 82' lang='lat' dir='ltr'><strong>vis3</strong></span> <span class='ocrx_word' id='word_1_14' title='bbox 944 1106 982 1172; x_wconf 90' lang='lat' dir='ltr'><strong>et</strong></span> <span class='ocrx_word' id='word_1_15' title='bbox 1002 1100 1072 1174; x_wconf 88' lang='lat' dir='ltr'><strong>hoc</strong></span> <span class='ocrx_word' id='word_1_16' title='bbox 1090 1100 1147 1174; x_wconf 85' lang='lat' dir='ltr'><strong>iac</strong></span> <span class='ocrx_word' id='word_1_17' title='bbox 1163 1121 1284 1194; x_wconf 88' lang='lat' dir='ltr'><strong>usqne</strong></span> <span class='ocrx_word' id='word_1_18' title='bbox 1300 1101 1347 1176; x_wconf 94' lang='lat' dir='ltr'><strong>ad</strong></span> <span class='ocrx_word' id='word_1_19' title='bbox 1366 1101 1512 1176; x_wconf 86' lang='lat' dir='ltr'><strong>finalem</strong></span> <span class='ocrx_word' id='word_1_20' title='bbox 1529 1101 1670 1176; x_wconf 77' lang='lat' dir='ltr'><strong>exitum</strong></span> <span class='ocrx_word' id='word_1_21' title='bbox 1689 1099 1774 1176; x_wconf 81' lang='lat' dir='ltr'><strong>vitre</strong></span> <span class='ocrx_word' id='word_1_22' title='bbox 1795 1123 1905 1198; x_wconf 74' lang='lat' dir='ltr'><strong>meae3</strong></span> <span class='ocrx_word' id='word_1_23' title='bbox 1924 1103 2024 1180; x_wconf 91' lang='lat' dir='ltr'><strong>unde</strong></span> 
     </span>
     <span class='ocr_line' id='line_1_4' title="bbox 845 1210 2021 1319; baseline 0.006 -28"><span class='ocrx_word' id='word_1_24' title='bbox 845 1217 951 1292; x_wconf 88' lang='lat' dir='ltr'><strong>dicit:</strong></span> <span class='ocrx_word' id='word_1_25' title='bbox 976 1210 1008 1291; x_wconf 78' lang='lat' dir='ltr'><strong>ci</strong></span> <span class='ocrx_word' id='word_1_26' title='bbox 1030 1221 1091 1292; x_wconf 83' lang='lat' dir='ltr'><strong>cle</strong></span> <span class='ocrx_word' id='word_1_27' title='bbox 1115 1222 1272 1293; x_wconf 77' lang='lat' dir='ltr'><strong>tunimo</strong></span> <span class='ocrx_word' id='word_1_28' title='bbox 1297 1222 1369 1294; x_wconf 86' lang='lat' dir='ltr'><strong>mio</strong></span> <span class='ocrx_word' id='word_1_29' title='bbox 1388 1224 1554 1316; x_wconf 73' lang='lat' dir='ltr'><strong>alesatio</strong></span> <span class='ocrx_word' id='word_1_30' title='bbox 1579 1224 1640 1294; x_wconf 81' lang='lat' dir='ltr'><strong>toi</strong></span> <span class='ocrx_word' id='word_1_31' title='bbox 1662 1242 1768 1312; x_wconf 86' lang='lat' dir='ltr'><strong>sono,</strong></span> <span class='ocrx_word' id='word_1_32' title='bbox 1786 1222 1889 1318; x_wconf 86' lang='lat' dir='ltr'><strong>idest,</strong></span> <span class='ocrx_word' id='word_1_33' title='bbox 1907 1245 2021 1319; x_wconf 87' lang='lat' dir='ltr'><strong>quam</strong></span> 
     </span>
    </p>
   </div>
   <div class='ocr_carea' id='block_1_3' title="bbox 845 1341 2091 4690">
    <p class='ocr_par' dir='ltr' id='par_1_3' title="bbox 845 1341 2091 3224">
     <span class='ocr_line' id='line_1_5' title="bbox 848 1341 2022 1440; baseline 0.002 -24"><span class='ocrx_word' id='word_1_34' title='bbox 848 1341 982 1416; x_wconf 87' lang='lat' dir='ltr'><strong>sanasti</strong></span> <span class='ocrx_word' id='word_1_35' title='bbox 1007 1341 1056 1416; x_wconf 90' lang='lat' dir='ltr'><strong>ab</strong></span> <span class='ocrx_word' id='word_1_36' title='bbox 1081 1342 1293 1418; x_wconf 82' lang='lat' dir='ltr'><strong>infirmitate</strong></span> <span class='ocrx_word' id='word_1_37' title='bbox 1317 1343 1534 1440; x_wconf 78' lang='lat' dir='ltr'><strong>ignorantiae</strong></span> <span class='ocrx_word' id='word_1_38' title='bbox 1560 1343 1810 1438; x_wconf 79' lang='lat' dir='ltr'><strong>elvitiorum,</strong></span> <span class='ocrx_word' id='word_1_39' title='bbox 1837 1365 1921 1439; x_wconf 86' lang='lat' dir='ltr'><strong>quae</strong></span> <span class='ocrx_word' id='word_1_40' title='bbox 1946 1344 2022 1418; x_wconf 95' lang='lat' dir='ltr'><strong>duo</strong></span> 
     </span>
     <span class='ocr_line' id='line_1_6' title="bbox 846 1458 2021 1556; baseline 0 -19"><span class='ocrx_word' id='word_1_41' title='bbox 846 1462 1009 1538; x_wconf 82' lang='lat' dir='ltr'><strong>maxime</strong></span> <span class='ocrx_word' id='word_1_42' title='bbox 1026 1458 1213 1536; x_wconf 88' lang='lat' dir='ltr'><strong>iniir&#39;maut</strong></span> <span class='ocrx_word' id='word_1_43' title='bbox 1229 1463 1405 1556; x_wconf 88' lang='lat' dir='ltr'><strong>animam,</strong></span> <span class='ocrx_word' id='word_1_44' title='bbox 1419 1469 1455 1539; x_wconf 93' lang='lat' dir='ltr'><strong>et</strong></span> <span class='ocrx_word' id='word_1_45' title='bbox 1473 1469 1668 1538; x_wconf 87' lang='lat' dir='ltr'><strong>enervant:</strong></span> <span class='ocrx_word' id='word_1_46' title='bbox 1687 1465 1799 1538; x_wconf 93' lang='lat' dir='ltr'><strong>homo</strong></span> <span class='ocrx_word' id='word_1_47' title='bbox 1813 1463 1912 1538; x_wconf 92' lang='lat' dir='ltr'><strong>euim</strong></span> <span class='ocrx_word' id='word_1_48' title='bbox 1934 1484 2021 1538; x_wconf 90' lang='lat' dir='ltr'><strong>cum</strong></span> 
     </span>
     <span class='ocr_line' id='line_1_7' title="bbox 845 1582 2021 1681; baseline 0.002 -25"><span class='ocrx_word' id='word_1_49' title='bbox 845 1582 891 1656; x_wconf 93' lang='lat' dir='ltr'><strong>sit</strong></span> <span class='ocrx_word' id='word_1_50' title='bbox 909 1582 1144 1678; x_wconf 79' lang='lat' dir='ltr'><strong>imperfectus</strong></span> <span class='ocrx_word' id='word_1_51' title='bbox 1161 1582 1279 1658; x_wconf 90' lang='lat' dir='ltr'><strong>tribus</strong></span> <span class='ocrx_word' id='word_1_52' title='bbox 1299 1583 1405 1658; x_wconf 92' lang='lat' dir='ltr'><strong>malis</strong></span> <span class='ocrx_word' id='word_1_53' title='bbox 1424 1583 1617 1681; x_wconf 87' lang='lat' dir='ltr'><strong>premitur,</strong></span> <span class='ocrx_word' id='word_1_54' title='bbox 1635 1583 1783 1679; x_wconf 87' lang='lat' dir='ltr'><strong>scilicet,</strong></span> <span class='ocrx_word' id='word_1_55' title='bbox 1803 1583 2021 1680; x_wconf 76' lang='lat' dir='ltr'><strong>ignorantia,</strong></span> 
     </span>
     <span class='ocr_line' id='line_1_8' title="bbox 845 1702 2021 1802; baseline 0.003 -25"><span class='ocrx_word' id='word_1_56' title='bbox 845 1702 933 1777; x_wconf 84' lang='lat' dir='ltr'><strong>vitio</strong></span> <span class='ocrx_word' id='word_1_57' title='bbox 950 1711 989 1779; x_wconf 89' lang='lat' dir='ltr'><strong>et</strong></span> <span class='ocrx_word' id='word_1_58' title='bbox 1004 1702 1219 1801; x_wconf 75' lang='lat' dir='ltr'><strong>indigentia3</strong></span> <span class='ocrx_word' id='word_1_59' title='bbox 1237 1704 1301 1780; x_wconf 93' lang='lat' dir='ltr'><strong>sed</strong></span> <span class='ocrx_word' id='word_1_60' title='bbox 1318 1704 1515 1802; x_wconf 80' lang='lat' dir='ltr'><strong>indigentia</strong></span> <span class='ocrx_word' id='word_1_61' title='bbox 1533 1704 1667 1802; x_wconf 90' lang='lat' dir='ltr'><strong>premit</strong></span> <span class='ocrx_word' id='word_1_62' title='bbox 1683 1725 1834 1800; x_wconf 82' lang='lat' dir='ltr'><strong>corpus3</strong></span> <span class='ocrx_word' id='word_1_63' title='bbox 1853 1705 1913 1779; x_wconf 89' lang='lat' dir='ltr'><strong>illa</strong></span> <span class='ocrx_word' id='word_1_64' title='bbox 1932 1725 2021 1780; x_wconf 87' lang='lat' dir='ltr'><strong>vero</strong></span> 
     </span>
     <span class='ocr_line' id='line_1_9' title="bbox 845 1823 2022 1922; baseline 0.002 -24"><span class='ocrx_word' id='word_1_65' title='bbox 845 1823 921 1898; x_wconf 95' lang='lat' dir='ltr'><strong>duo</strong></span> <span class='ocrx_word' id='word_1_66' title='bbox 946 1823 1130 1917; x_wconf 82' lang='lat' dir='ltr'><strong>animam3</strong></span> <span class='ocrx_word' id='word_1_67' title='bbox 1156 1829 1189 1898; x_wconf 85' lang='lat' dir='ltr'><strong>si</strong></span> <span class='ocrx_word' id='word_1_68' title='bbox 1213 1827 1353 1900; x_wconf 67' lang='lat' dir='ltr'><strong>meandi</strong></span> <span class='ocrx_word' id='word_1_69' title='bbox 1377 1828 1441 1901; x_wconf 89' lang='lat' dir='ltr'><strong>dol</strong></span> <span class='ocrx_word' id='word_1_70' title='bbox 1455 1845 1579 1918; x_wconf 88' lang='lat' dir='ltr'><strong>corpo,</strong></span> <span class='ocrx_word' id='word_1_71' title='bbox 1597 1825 1700 1919; x_wconf 90' lang='lat' dir='ltr'><strong>idest,</strong></span> <span class='ocrx_word' id='word_1_72' title='bbox 1718 1834 1911 1922; x_wconf 91' lang='lat' dir='ltr'><strong>separetur</strong></span> <span class='ocrx_word' id='word_1_73' title='bbox 1929 1833 2022 1902; x_wconf 90' lang='lat' dir='ltr'><strong>tem-</strong></span> 
     </span>
     <span class='ocr_line' id='line_1_10' title="bbox 848 1945 2021 2040; baseline 0.003 -22"><span class='ocrx_word' id='word_1_74' title='bbox 848 1965 939 2040; x_wconf 90' lang='lat' dir='ltr'><strong>pore</strong></span> <span class='ocrx_word' id='word_1_75' title='bbox 964 1946 1103 2039; x_wconf 89' lang='lat' dir='ltr'><strong>mortis,</strong></span> <span class='ocrx_word' id='word_1_76' title='bbox 1125 1951 1331 2039; x_wconf 73' lang='lat' dir='ltr'><strong>pincenati</strong></span> <span class='ocrx_word' id='word_1_77' title='bbox 1357 1954 1400 2040; x_wconf 84' lang='lat' dir='ltr'><strong>tc,</strong></span> <span class='ocrx_word' id='word_1_78' title='bbox 1423 1947 1511 2040; x_wconf 89' lang='lat' dir='ltr'><strong>quia</strong></span> <span class='ocrx_word' id='word_1_79' title='bbox 1535 1947 1671 2021; x_wconf 86' lang='lat' dir='ltr'><strong>scilicet</strong></span> <span class='ocrx_word' id='word_1_80' title='bbox 1700 1946 1826 2022; x_wconf 86' lang='lat' dir='ltr'><strong>iecerit</strong></span> <span class='ocrx_word' id='word_1_81' title='bbox 1850 1945 2021 2022; x_wconf 90' lang='lat' dir='ltr'><strong>mandata</strong></span> 
     </span>
     <span class='ocr_line' id='line_1_11' title="bbox 850 2059 2091 2162; baseline 0.002 -22"><span class='ocrx_word' id='word_1_82' title='bbox 850 2073 990 2140; x_wconf 82' lang='lat' dir='ltr'><strong>tua-</strong></span> <span class='ocrx_word' id='word_1_83' title='bbox 1005 2059 1093 2141; x_wconf 77' lang='lat' dir='ltr'><strong>rost.</strong></span> <span class='ocrx_word' id='word_1_84' title='bbox 1120 2067 1184 2142; x_wconf 90' lang='lat' dir='ltr'><strong>llic</strong></span> <span class='ocrx_word' id='word_1_85' title='bbox 1209 2073 1320 2142; x_wconf 90' lang='lat' dir='ltr'><strong>autor</strong></span> <span class='ocrx_word' id='word_1_86' title='bbox 1345 2067 1446 2162; x_wconf 93' lang='lat' dir='ltr'><strong>ponit</strong></span> <span class='ocrx_word' id='word_1_87' title='bbox 1463 2066 1636 2143; x_wconf 88' lang='lat' dir='ltr'><strong>ellectum</strong></span> <span class='ocrx_word' id='word_1_88' title='bbox 1663 2087 1740 2142; x_wconf 73' lang='lat' dir='ltr'><strong>suae</strong></span> <span class='ocrx_word' id='word_1_89' title='bbox 1766 2068 1958 2162; x_wconf 82' lang='lat' dir='ltr'><strong>orationis3</strong></span> <span class='ocrx_word' id='word_1_90' title='bbox 1984 2075 2021 2144; x_wconf 89' lang='lat' dir='ltr'><strong>et</strong></span> <span class='ocrx_word' id='word_1_91' title='bbox 2090 2155 2091 2158; x_wconf 6' lang='lat' dir='ltr'><strong>p</strong></span> 
     </span>
     <span class='ocr_line' id='line_1_12' title="bbox 850 2186 2023 2282; baseline 0 -21"><span class='ocrx_word' id='word_1_92' title='bbox 850 2186 1013 2262; x_wconf 87' lang='lat' dir='ltr'><strong>breviter</strong></span> <span class='ocrx_word' id='word_1_93' title='bbox 1039 2187 1117 2262; x_wconf 87' lang='lat' dir='ltr'><strong>vult</strong></span> <span class='ocrx_word' id='word_1_94' title='bbox 1142 2187 1267 2262; x_wconf 87' lang='lat' dir='ltr'><strong>dicere</strong></span> <span class='ocrx_word' id='word_1_95' title='bbox 1291 2186 1391 2282; x_wconf 88' lang='lat' dir='ltr'><strong>quod</strong></span> <span class='ocrx_word' id='word_1_96' title='bbox 1414 2187 1563 2262; x_wconf 81' lang='lat' dir='ltr'><strong>Beatrir</strong></span> <span class='ocrx_word' id='word_1_97' title='bbox 1594 2186 1797 2282; x_wconf 82' lang='lat' dir='ltr'><strong>acceptavit</strong></span> <span class='ocrx_word' id='word_1_98' title='bbox 1828 2187 2023 2282; x_wconf 84' lang='lat' dir='ltr'><strong>gratitudi-</strong></span> 
     </span>
     <span class='ocr_line' id='line_1_13' title="bbox 851 2306 2023 2405; baseline 0 -25"><span class='ocrx_word' id='word_1_99' title='bbox 851 2326 936 2381; x_wconf 91' lang='lat' dir='ltr'><strong>nem</strong></span> <span class='ocrx_word' id='word_1_100' title='bbox 963 2314 1001 2382; x_wconf 91' lang='lat' dir='ltr'><strong>et</strong></span> <span class='ocrx_word' id='word_1_101' title='bbox 1026 2307 1314 2405; x_wconf 82' lang='lat' dir='ltr'><strong>recognitionem</strong></span> <span class='ocrx_word' id='word_1_102' title='bbox 1331 2307 1481 2382; x_wconf 80' lang='lat' dir='ltr'><strong>autoris</strong></span> <span class='ocrx_word' id='word_1_103' title='bbox 1501 2306 1604 2381; x_wconf 84' lang='lat' dir='ltr'><strong>Unde</strong></span> <span class='ocrx_word' id='word_1_104' title='bbox 1620 2307 1838 2382; x_wconf 86' lang='lat' dir='ltr'><strong>continuans</strong></span> <span class='ocrx_word' id='word_1_105' title='bbox 1855 2306 1950 2382; x_wconf 93' lang='lat' dir='ltr'><strong>dicta</strong></span> <span class='ocrx_word' id='word_1_106' title='bbox 1967 2307 2023 2381; x_wconf 92' lang='lat' dir='ltr'><strong>di-</strong></span> 
     </span>
     <span class='ocr_line' id='line_1_14' title="bbox 853 2421 2021 2522; baseline 0 -21"><span class='ocrx_word' id='word_1_107' title='bbox 853 2426 988 2522; x_wconf 89' lang='lat' dir='ltr'><strong>ceudis,</strong></span> <span class='ocrx_word' id='word_1_108' title='bbox 1014 2425 1118 2502; x_wconf 87' lang='lat' dir='ltr'><strong>dicit:</strong></span> <span class='ocrx_word' id='word_1_109' title='bbox 1145 2432 1186 2500; x_wconf 87' lang='grc' dir='ltr'><strong>Ιο</strong></span> <span class='ocrx_word' id='word_1_110' title='bbox 1212 2421 1401 2521; x_wconf 77' lang='lat' dir='ltr'><strong>pruinosi,</strong></span> <span class='ocrx_word' id='word_1_111' title='bbox 1429 2427 1565 2502; x_wconf 90' lang='lat' dir='ltr'><strong>scilicet</strong></span> <span class='ocrx_word' id='word_1_112' title='bbox 1589 2427 1793 2502; x_wconf 88' lang='lat' dir='ltr'><strong>secundum</strong></span> <span class='ocrx_word' id='word_1_113' title='bbox 1819 2428 2021 2522; x_wconf 90' lang='lat' dir='ltr'><strong>suprascri-</strong></span> 
     </span>
     <span class='ocr_line' id='line_1_15' title="bbox 850 2539 2019 2643; baseline -0.001 -22"><span class='ocrx_word' id='word_1_114' title='bbox 850 2552 949 2643; x_wconf 87' lang='lat' dir='ltr'><strong>ptam</strong></span> <span class='ocrx_word' id='word_1_115' title='bbox 978 2546 1149 2641; x_wconf 83' lang='lat' dir='ltr'><strong>formam,</strong></span> <span class='ocrx_word' id='word_1_116' title='bbox 1175 2569 1195 2620; x_wconf 85' lang='lat' dir='ltr'><strong>e</strong></span> <span class='ocrx_word' id='word_1_117' title='bbox 1219 2550 1333 2640; x_wconf 81' lang='lat' dir='ltr'><strong>puella</strong></span> <span class='ocrx_word' id='word_1_118' title='bbox 1358 2539 1388 2620; x_wconf 82' lang='lat' dir='ltr'><strong>si</strong></span> <span class='ocrx_word' id='word_1_119' title='bbox 1413 2551 1571 2641; x_wconf 81' lang='lat' dir='ltr'><strong>lontano,</strong></span> <span class='ocrx_word' id='word_1_120' title='bbox 1599 2569 1695 2622; x_wconf 82' lang='lat' dir='ltr'><strong>conte</strong></span> <span class='ocrx_word' id='word_1_121' title='bbox 1715 2567 1844 2641; x_wconf 86' lang='lat' dir='ltr'><strong>porea,</strong></span> <span class='ocrx_word' id='word_1_122' title='bbox 1873 2550 2019 2640; x_wconf 59' lang='lat' dir='ltr'><strong>somme,</strong></span> 
     </span>
     <span class='ocr_line' id='line_1_16' title="bbox 850 2666 2020 2764; baseline 0.001 -24"><span class='ocrx_word' id='word_1_123' title='bbox 850 2667 955 2762; x_wconf 86' lang='lat' dir='ltr'><strong>quasi</strong></span> <span class='ocrx_word' id='word_1_124' title='bbox 967 2667 1189 2763; x_wconf 81' lang='lat' dir='ltr'><strong>gratulando</strong></span> <span class='ocrx_word' id='word_1_125' title='bbox 1201 2666 1433 2764; x_wconf 83' lang='lat' dir='ltr'><strong>gratitudinis</strong></span> <span class='ocrx_word' id='word_1_126' title='bbox 1447 2669 1862 2760; x_wconf 56' lang='lat' dir='ltr'><strong>mmenpoaroomnu,</strong></span> <span class='ocrx_word' id='word_1_127' title='bbox 1872 2667 1919 2742; x_wconf 92' lang='lat' dir='ltr'><strong>ad</strong></span> <span class='ocrx_word' id='word_1_128' title='bbox 1932 2687 2020 2741; x_wconf 89' lang='lat' dir='ltr'><strong>con·</strong></span> 
     </span>
     <span class='ocr_line' id='line_1_17' title="bbox 851 2786 2021 2883; baseline -0.002 -19"><span class='ocrx_word' id='word_1_129' title='bbox 851 2788 1076 2864; x_wconf 89' lang='lat' dir='ltr'><strong>tirmandnm</strong></span> <span class='ocrx_word' id='word_1_130' title='bbox 1102 2807 1164 2862; x_wconf 92' lang='lat' dir='ltr'><strong>me</strong></span> <span class='ocrx_word' id='word_1_131' title='bbox 1188 2787 1227 2861; x_wconf 94' lang='lat' dir='ltr'><strong>in</strong></span> <span class='ocrx_word' id='word_1_132' title='bbox 1251 2786 1319 2863; x_wconf 88' lang='lat' dir='ltr'><strong>ista</strong></span> <span class='ocrx_word' id='word_1_133' title='bbox 1344 2787 1481 2882; x_wconf 89' lang='lat' dir='ltr'><strong>optima</strong></span> <span class='ocrx_word' id='word_1_134' title='bbox 1502 2787 1756 2883; x_wconf 90' lang='lat' dir='ltr'><strong>dispositione;</strong></span> <span class='ocrx_word' id='word_1_135' title='bbox 1782 2795 1820 2862; x_wconf 92' lang='lat' dir='ltr'><strong>et</strong></span> <span class='ocrx_word' id='word_1_136' title='bbox 1839 2787 1942 2863; x_wconf 85' lang='lat' dir='ltr'><strong>dicit:</strong></span> <span class='ocrx_word' id='word_1_137' title='bbox 1959 2791 2021 2880; x_wconf 89' lang='lat' dir='ltr'><strong>poi</strong></span> 
     </span>
     <span class='ocr_line' id='line_1_18' title="bbox 848 2898 2019 3004; baseline 0 -21"><span class='ocrx_word' id='word_1_138' title='bbox 848 2901 1008 2983; x_wconf 78' lang='lat' dir='ltr'><strong>sitorud</strong></span> <span class='ocrx_word' id='word_1_139' title='bbox 1037 2911 1098 2983; x_wconf 86' lang='lat' dir='ltr'><strong>ott’</strong></span> <span class='ocrx_word' id='word_1_140' title='bbox 1110 2916 1231 2983; x_wconf 81' lang='lat' dir='ltr'><strong>eterno</strong></span> <span class='ocrx_word' id='word_1_141' title='bbox 1256 2913 1420 3002; x_wconf 76' lang='lat' dir='ltr'><strong>scamno,</strong></span> <span class='ocrx_word' id='word_1_142' title='bbox 1444 2907 1591 3003; x_wconf 83' lang='lat' dir='ltr'><strong>scilicet,</strong></span> <span class='ocrx_word' id='word_1_143' title='bbox 1615 2898 1669 2984; x_wconf 73' lang='lat' dir='ltr'><strong>&#39;ad</strong></span> <span class='ocrx_word' id='word_1_144' title='bbox 1700 2907 2019 3004; x_wconf 85' lang='lat' dir='ltr'><strong>contemplandam</strong></span> 
     </span>
     <span class='ocr_line' id='line_1_19' title="bbox 847 3028 2020 3127; baseline 0.002 -25"><span class='ocrx_word' id='word_1_145' title='bbox 847 3029 1085 3124; x_wconf 83' lang='lat' dir='ltr'><strong>divinitatem,</strong></span> <span class='ocrx_word' id='word_1_146' title='bbox 1109 3049 1133 3114; x_wconf 86' lang='lat' dir='ltr'><strong>a</strong></span> <span class='ocrx_word' id='word_1_147' title='bbox 1159 3029 1265 3104; x_wconf 89' lang='lat' dir='ltr'><strong>cuius</strong></span> <span class='ocrx_word' id='word_1_148' title='bbox 1291 3029 1389 3105; x_wconf 83' lang='lat' dir='ltr'><strong>tonte</strong></span> <span class='ocrx_word' id='word_1_149' title='bbox 1419 3028 1572 3104; x_wconf 81' lang='lat' dir='ltr'><strong>scaturit</strong></span> <span class='ocrx_word' id='word_1_150' title='bbox 1605 3029 1724 3104; x_wconf 92' lang='lat' dir='ltr'><strong>omnis</strong></span> <span class='ocrx_word' id='word_1_151' title='bbox 1756 3029 1904 3127; x_wconf 83' lang='lat' dir='ltr'><strong>largitas</strong></span> <span class='ocrx_word' id='word_1_152' title='bbox 1934 3051 2020 3127; x_wconf 85' lang='lat' dir='ltr'><strong>gra·</strong></span> 
     </span>
     <span class='ocr_line' id='line_1_20' title="bbox 850 3149 998 3224; baseline -0.007 -1"><span class='ocrx_word' id='word_1_153' title='bbox 850 3149 998 3224; x_wconf 89' lang='lat' dir='ltr'><strong>tiarum.</strong></span> 
     </span>
    </p>

    <p class='ocr_par' dir='ltr' id='par_1_4' title="bbox 848 3269 2023 4690">
     <span class='ocr_line' id='line_1_21' title="bbox 922 3269 2019 3367; baseline 0.002 -25"><span class='ocrx_word' id='word_1_154' title='bbox 922 3270 991 3342; x_wconf 83' lang='lat' dir='ltr'><strong>E&#39;l</strong></span> <span class='ocrx_word' id='word_1_155' title='bbox 1003 3275 1107 3342; x_wconf 82' lang='lat' dir='ltr'><strong>scoto</strong></span> <span class='ocrx_word' id='word_1_156' title='bbox 1124 3273 1220 3342; x_wconf 81' lang='lat' dir='ltr'><strong>Sene.</strong></span> <span class='ocrx_word' id='word_1_157' title='bbox 1247 3269 1318 3342; x_wconf 91' lang='lat' dir='ltr'><strong>lsta</strong></span> <span class='ocrx_word' id='word_1_158' title='bbox 1339 3275 1394 3342; x_wconf 87' lang='lat' dir='ltr'><strong>est</strong></span> <span class='ocrx_word' id='word_1_159' title='bbox 1411 3275 1543 3363; x_wconf 85' lang='lat' dir='ltr'><strong>quarta</strong></span> <span class='ocrx_word' id='word_1_160' title='bbox 1562 3277 1598 3345; x_wconf 93' lang='lat' dir='ltr'><strong>et</strong></span> <span class='ocrx_word' id='word_1_161' title='bbox 1616 3269 1744 3345; x_wconf 92' lang='lat' dir='ltr'><strong>ultima</strong></span> <span class='ocrx_word' id='word_1_162' title='bbox 1762 3290 1846 3364; x_wconf 88' lang='lat' dir='ltr'><strong>pars</strong></span> <span class='ocrx_word' id='word_1_163' title='bbox 1862 3289 2019 3367; x_wconf 80' lang='lat' dir='ltr'><strong>genera-</strong></span> 
     </span>
     <span class='ocr_line' id='line_1_22' title="bbox 849 3382 2021 3484; baseline 0.001 -22"><span class='ocrx_word' id='word_1_164' title='bbox 849 3382 957 3482; x_wconf 82' lang='lat' dir='ltr'><strong>lis(¹),</strong></span> <span class='ocrx_word' id='word_1_165' title='bbox 983 3387 1020 3462; x_wconf 93' lang='lat' dir='ltr'><strong>in</strong></span> <span class='ocrx_word' id='word_1_166' title='bbox 1045 3409 1120 3482; x_wconf 84' lang='lat' dir='ltr'><strong>qua</strong></span> <span class='ocrx_word' id='word_1_167' title='bbox 1144 3395 1255 3463; x_wconf 91' lang='lat' dir='ltr'><strong>autor</strong></span> <span class='ocrx_word' id='word_1_168' title='bbox 1279 3389 1436 3464; x_wconf 83' lang='lat' dir='ltr'><strong>ostendit</strong></span> <span class='ocrx_word' id='word_1_169' title='bbox 1460 3389 1647 3484; x_wconf 85' lang='lat' dir='ltr'><strong>quomodo</strong></span> <span class='ocrx_word' id='word_1_170' title='bbox 1668 3389 1788 3464; x_wconf 88' lang='lat' dir='ltr'><strong>dictus</strong></span> <span class='ocrx_word' id='word_1_171' title='bbox 1812 3389 2021 3466; x_wconf 87' lang='lat' dir='ltr'><strong>Bernardus</strong></span> 
     </span>
     <span class='ocr_line' id='line_1_23' title="bbox 849 3507 2022 3606; baseline 0.001 -25"><span class='ocrx_word' id='word_1_172' title='bbox 849 3507 1072 3603; x_wconf 86' lang='lat' dir='ltr'><strong>persuaserit</strong></span> <span class='ocrx_word' id='word_1_173' title='bbox 1097 3507 1165 3582; x_wconf 88' lang='lat' dir='ltr'><strong>sibi</strong></span> <span class='ocrx_word' id='word_1_174' title='bbox 1190 3507 1519 3584; x_wconf 90' lang='lat' dir='ltr'><strong>considerationem</strong></span> <span class='ocrx_word' id='word_1_175' title='bbox 1552 3508 1662 3582; x_wconf 88' lang='lat' dir='ltr'><strong>huius</strong></span> <span class='ocrx_word' id='word_1_176' title='bbox 1694 3509 1808 3606; x_wconf 81' lang='lat' dir='ltr'><strong>regni,</strong></span> <span class='ocrx_word' id='word_1_177' title='bbox 1835 3516 1877 3583; x_wconf 93' lang='lat' dir='ltr'><strong>ut</strong></span> <span class='ocrx_word' id='word_1_178' title='bbox 1902 3515 2022 3605; x_wconf 91' lang='lat' dir='ltr'><strong>posset</strong></span> 
     </span>
     <span class='ocr_line' id='line_1_24' title="bbox 849 3625 2020 3729; baseline 0.004 -29"><span class='ocrx_word' id='word_1_179' title='bbox 849 3625 989 3703; x_wconf 78' lang='lat' dir='ltr'><strong>facilius</strong></span> <span class='ocrx_word' id='word_1_180' title='bbox 1014 3628 1208 3724; x_wconf 80' lang='lat' dir='ltr'><strong>pervenire</strong></span> <span class='ocrx_word' id='word_1_181' title='bbox 1233 3629 1279 3704; x_wconf 90' lang='lat' dir='ltr'><strong>ad</strong></span> <span class='ocrx_word' id='word_1_182' title='bbox 1306 3629 1537 3725; x_wconf 87' lang='lat' dir='ltr'><strong>praesentiam</strong></span> <span class='ocrx_word' id='word_1_183' title='bbox 1565 3629 1673 3727; x_wconf 84' lang='lat' dir='ltr'><strong>regis,</strong></span> <span class='ocrx_word' id='word_1_184' title='bbox 1692 3631 1875 3707; x_wconf 90' lang='lat' dir='ltr'><strong>mediante</strong></span> <span class='ocrx_word' id='word_1_185' title='bbox 1901 3631 2020 3729; x_wconf 80' lang='lat' dir='ltr'><strong>gratia</strong></span> 
     </span>
     <span class='ocr_line' id='line_1_25' title="bbox 849 3748 2021 3850; baseline 0.002 -26"><span class='ocrx_word' id='word_1_186' title='bbox 849 3755 886 3824; x_wconf 90' lang='lat' dir='ltr'><strong>et</strong></span> <span class='ocrx_word' id='word_1_187' title='bbox 912 3748 1040 3824; x_wconf 84' lang='lat' dir='ltr'><strong>lavore</strong></span> <span class='ocrx_word' id='word_1_188' title='bbox 1065 3750 1213 3846; x_wconf 76' lang='lat' dir='ltr'><strong>regine.</strong></span> <span class='ocrx_word' id='word_1_189' title='bbox 1241 3749 1285 3823; x_wconf 86' lang='lat' dir='ltr'><strong>Et</strong></span> <span class='ocrx_word' id='word_1_190' title='bbox 1309 3750 1356 3824; x_wconf 94' lang='lat' dir='ltr'><strong>ad</strong></span> <span class='ocrx_word' id='word_1_191' title='bbox 1380 3751 1575 3826; x_wconf 89' lang='lat' dir='ltr'><strong>clariorem</strong></span> <span class='ocrx_word' id='word_1_192' title='bbox 1598 3750 1872 3848; x_wconf 83' lang='lat' dir='ltr'><strong>intelligentiam</strong></span> <span class='ocrx_word' id='word_1_193' title='bbox 1898 3752 2021 3850; x_wconf 82' lang='lat' dir='ltr'><strong>dicen·</strong></span> 
     </span>
     <span class='ocr_line' id='line_1_26' title="bbox 848 3869 2021 3965; baseline 0.004 -22"><span class='ocrx_word' id='word_1_194' title='bbox 848 3869 982 3944; x_wconf 90' lang='lat' dir='ltr'><strong>dorum</strong></span> <span class='ocrx_word' id='word_1_195' title='bbox 1009 3875 1065 3945; x_wconf 80' lang='lat' dir='ltr'><strong>est</strong></span> <span class='ocrx_word' id='word_1_196' title='bbox 1081 3869 1140 3944; x_wconf 78' lang='lat' dir='ltr'><strong>liic</strong></span> <span class='ocrx_word' id='word_1_197' title='bbox 1160 3870 1451 3965; x_wconf 78' lang='lat' dir='ltr'><strong>praenotandum,</strong></span> <span class='ocrx_word' id='word_1_198' title='bbox 1470 3870 1571 3964; x_wconf 87' lang='lat' dir='ltr'><strong>quod</strong></span> <span class='ocrx_word' id='word_1_199' title='bbox 1591 3877 1699 3946; x_wconf 89' lang='lat' dir='ltr'><strong>autor</strong></span> <span class='ocrx_word' id='word_1_200' title='bbox 1716 3871 1830 3947; x_wconf 87' lang='lat' dir='ltr'><strong>ductu</strong></span> <span class='ocrx_word' id='word_1_201' title='bbox 1850 3873 2021 3948; x_wconf 91' lang='lat' dir='ltr'><strong>Beatricis</strong></span> 
     </span>
     <span class='ocr_line' id='line_1_27' title="bbox 849 3988 2020 4089; baseline 0.003 -26"><span class='ocrx_word' id='word_1_202' title='bbox 849 3990 1043 4085; x_wconf 84' lang='lat' dir='ltr'><strong>hucusque</strong></span> <span class='ocrx_word' id='word_1_203' title='bbox 1068 3988 1156 4064; x_wconf 89' lang='lat' dir='ltr'><strong>ridit</strong></span> <span class='ocrx_word' id='word_1_204' title='bbox 1180 4010 1310 4066; x_wconf 85' lang='lat' dir='ltr'><strong>omnes</strong></span> <span class='ocrx_word' id='word_1_205' title='bbox 1330 3990 1475 4066; x_wconf 88' lang='lat' dir='ltr'><strong>ordines</strong></span> <span class='ocrx_word' id='word_1_206' title='bbox 1501 3991 1696 4066; x_wconf 88' lang='lat' dir='ltr'><strong>beatorum</strong></span> <span class='ocrx_word' id='word_1_207' title='bbox 1725 3999 1763 4066; x_wconf 86' lang='lat' dir='ltr'><strong>et</strong></span> <span class='ocrx_word' id='word_1_208' title='bbox 1787 3993 2020 4089; x_wconf 84' lang='lat' dir='ltr'><strong>angelorum,</strong></span> 
     </span>
     <span class='ocr_line' id='line_1_28' title="bbox 849 4109 2019 4208; baseline 0 -23"><span class='ocrx_word' id='word_1_209' title='bbox 849 4117 888 4185; x_wconf 91' lang='lat' dir='ltr'><strong>et</strong></span> <span class='ocrx_word' id='word_1_210' title='bbox 916 4130 1066 4184; x_wconf 88' lang='lat' dir='ltr'><strong>omnem</strong></span> <span class='ocrx_word' id='word_1_211' title='bbox 1101 4110 1257 4185; x_wconf 78' lang='lat' dir='ltr'><strong>formam</strong></span> <span class='ocrx_word' id='word_1_212' title='bbox 1282 4109 1448 4205; x_wconf 87' lang='lat' dir='ltr'><strong>paradisi</strong></span> <span class='ocrx_word' id='word_1_213' title='bbox 1482 4111 1519 4184; x_wconf 96' lang='lat' dir='ltr'><strong>in</strong></span> <span class='ocrx_word' id='word_1_214' title='bbox 1553 4112 1734 4208; x_wconf 79' lang='lat' dir='ltr'><strong>generali:</strong></span> <span class='ocrx_word' id='word_1_215' title='bbox 1767 4131 1865 4186; x_wconf 91' lang='lat' dir='ltr'><strong>nunc</strong></span> <span class='ocrx_word' id='word_1_216' title='bbox 1894 4121 2019 4188; x_wconf 88' lang='lat' dir='ltr'><strong>autem</strong></span> 
     </span>
     <span class='ocr_line' id='line_1_29' title="bbox 848 4231 2022 4330; baseline 0.002 -24"><span class='ocrx_word' id='word_1_217' title='bbox 848 4239 1069 4306; x_wconf 88' lang='lat' dir='ltr'><strong>ascensurus</strong></span> <span class='ocrx_word' id='word_1_218' title='bbox 1094 4231 1140 4307; x_wconf 91' lang='lat' dir='ltr'><strong>ad</strong></span> <span class='ocrx_word' id='word_1_219' title='bbox 1165 4231 1325 4306; x_wconf 87' lang='lat' dir='ltr'><strong>tribunal</strong></span> <span class='ocrx_word' id='word_1_220' title='bbox 1350 4231 1479 4307; x_wconf 83' lang='lat' dir='ltr'><strong>aeterni</strong></span> <span class='ocrx_word' id='word_1_221' title='bbox 1505 4231 1601 4329; x_wconf 82' lang='lat' dir='ltr'><strong>regis</strong></span> <span class='ocrx_word' id='word_1_222' title='bbox 1632 4252 1705 4307; x_wconf 94' lang='lat' dir='ltr'><strong>non</strong></span> <span class='ocrx_word' id='word_1_223' title='bbox 1733 4231 1809 4308; x_wconf 89' lang='lat' dir='ltr'><strong>iidit</strong></span> <span class='ocrx_word' id='word_1_224' title='bbox 1835 4253 1903 4309; x_wconf 88' lang='lat' dir='ltr'><strong>nec</strong></span> <span class='ocrx_word' id='word_1_225' title='bbox 1927 4254 2022 4330; x_wconf 85' lang='lat' dir='ltr'><strong>prae-</strong></span> 
     </span>
     <span class='ocr_line' id='line_1_30' title="bbox 849 4350 2023 4447; baseline 0.004 -22"><span class='ocrx_word' id='word_1_226' title='bbox 849 4350 962 4425; x_wconf 91' lang='lat' dir='ltr'><strong>sumit</strong></span> <span class='ocrx_word' id='word_1_227' title='bbox 986 4372 1093 4447; x_wconf 87' lang='lat' dir='ltr'><strong>posse</strong></span> <span class='ocrx_word' id='word_1_228' title='bbox 1117 4351 1312 4447; x_wconf 80' lang='lat' dir='ltr'><strong>pervenire</strong></span> <span class='ocrx_word' id='word_1_229' title='bbox 1337 4351 1383 4426; x_wconf 93' lang='lat' dir='ltr'><strong>ad</strong></span> <span class='ocrx_word' id='word_1_230' title='bbox 1412 4351 1502 4425; x_wconf 94' lang='lat' dir='ltr'><strong>illud</strong></span> <span class='ocrx_word' id='word_1_231' title='bbox 1534 4351 1600 4425; x_wconf 89' lang='lat' dir='ltr'><strong>nisi</strong></span> <span class='ocrx_word' id='word_1_232' title='bbox 1634 4351 1818 4428; x_wconf 89' lang='lat' dir='ltr'><strong>mediante</strong></span> <span class='ocrx_word' id='word_1_233' title='bbox 1848 4351 2023 4430; x_wconf 81' lang='lat' dir='ltr'><strong>interces-</strong></span> 
     </span>
     <span class='ocr_line' id='line_1_31' title="bbox 850 4463 2023 4568; baseline 0.002 -22"><span class='ocrx_word' id='word_1_234' title='bbox 850 4471 959 4547; x_wconf 87' lang='lat' dir='ltr'><strong>sione·</strong></span> <span class='ocrx_word' id='word_1_235' title='bbox 983 4471 1106 4548; x_wconf 85' lang='lat' dir='ltr'><strong>llariae</strong></span> <span class='ocrx_word' id='word_1_236' title='bbox 1121 4463 1178 4566; x_wconf 81' lang='lat'>(²):</span> <span class='ocrx_word' id='word_1_237' title='bbox 1218 4471 1300 4548; x_wconf 91' lang='lat' dir='ltr'><strong>ideo</strong></span> <span class='ocrx_word' id='word_1_238' title='bbox 1331 4471 1603 4568; x_wconf 79' lang='lat' dir='ltr'><strong>elegantissime</strong></span> <span class='ocrx_word' id='word_1_239' title='bbox 1637 4471 1835 4548; x_wconf 90' lang='lat' dir='ltr'><strong>introducit</strong></span> <span class='ocrx_word' id='word_1_240' title='bbox 1873 4473 2023 4548; x_wconf 86' lang='lat' dir='ltr'><strong>beatum</strong></span> 
     </span>
     <span class='ocr_line' id='line_1_32' title="bbox 851 4582 2023 4690; baseline 0.001 -23"><span class='ocrx_word' id='word_1_241' title='bbox 851 4591 1093 4688; x_wconf 75' lang='lat' dir='ltr'><strong>deneardum,</strong></span> <span class='ocrx_word' id='word_1_242' title='bbox 1119 4592 1182 4687; x_wconf 90' lang='lat' dir='ltr'><strong>qui</strong></span> <span class='ocrx_word' id='word_1_243' title='bbox 1208 4591 1442 4668; x_wconf 92' lang='lat' dir='ltr'><strong>commendat</strong></span> <span class='ocrx_word' id='word_1_244' title='bbox 1456 4582 1492 4684; x_wconf 54' lang='grc' dir='ltr'><strong>(Β)</strong></span> <span class='ocrx_word' id='word_1_245' title='bbox 1521 4612 1610 4667; x_wconf 92' lang='lat' dir='ltr'><strong>eum</strong></span> <span class='ocrx_word' id='word_1_246' title='bbox 1637 4593 1695 4668; x_wconf 91' lang='lat' dir='ltr'><strong>isti</strong></span> <span class='ocrx_word' id='word_1_247' title='bbox 1726 4593 1876 4690; x_wconf 78' lang='lat' dir='ltr'><strong>regium,</strong></span> <span class='ocrx_word' id='word_1_248' title='bbox 1904 4600 1946 4668; x_wconf 90' lang='lat' dir='ltr'><strong>ut</strong></span> <span class='ocrx_word' id='word_1_249' title='bbox 1969 4594 2023 4668; x_wconf 93' lang='lat' dir='ltr'><strong>di-</strong></span> 
     </span>
    </p>
   </div>
   <div class='ocr_carea' id='block_1_4' title="bbox 914 4823 1865 5044">
    <p class='ocr_par' dir='ltr' id='par_1_5' title="bbox 914 4823 1865 5044">
     <span class='ocr_line' id='line_1_33' title="bbox 915 4823 1474 4888; baseline -0.004 -13"><span class='ocrx_word' id='word_1_250' title='bbox 915 4823 943 4888; x_wconf 79' lang='lat'><strong>(¹)</strong></span> <span class='ocrx_word' id='word_1_251' title='bbox 959 4825 990 4875; x_wconf 82' lang='lat' dir='ltr'><strong>lt.</strong></span> <span class='ocrx_word' id='word_1_252' title='bbox 1006 4825 1133 4888; x_wconf 71' lang='lat' dir='ltr'><strong>generalis</strong></span> <span class='ocrx_word' id='word_1_253' title='bbox 1148 4825 1226 4875; x_wconf 84' lang='lat' dir='ltr'><strong>huius</strong></span> <span class='ocrx_word' id='word_1_254' title='bbox 1242 4823 1357 4888; x_wconf 83' lang='lat' dir='ltr'><strong>capituli,</strong></span> <span class='ocrx_word' id='word_1_255' title='bbox 1373 4824 1399 4873; x_wconf 89' lang='lat' dir='ltr'><strong>in</strong></span> <span class='ocrx_word' id='word_1_256' title='bbox 1416 4837 1474 4888; x_wconf 76' lang='lat' dir='ltr'><strong>qua.</strong></span> 
     </span>
     <span class='ocr_line' id='line_1_34' title="bbox 914 4899 1865 4967; baseline 0.001 -13"><span class='ocrx_word' id='word_1_257' title='bbox 914 4899 943 4964; x_wconf 66' lang='grc' dir='ltr'><strong>Γ)</strong></span> <span class='ocrx_word' id='word_1_258' title='bbox 958 4901 989 4954; x_wconf 77' lang='grc' dir='ltr'><strong>Ε.</strong></span> <span class='ocrx_word' id='word_1_259' title='bbox 1005 4901 1117 4967; x_wconf 70' lang='lat' dir='ltr'><strong>Virginis</strong></span> <span class='ocrx_word' id='word_1_260' title='bbox 1132 4916 1236 4966; x_wconf 82' lang='lat' dir='ltr'><strong>semper</strong></span> <span class='ocrx_word' id='word_1_261' title='bbox 1251 4901 1341 4954; x_wconf 77' lang='lat' dir='ltr'><strong>illaria</strong></span> <span class='ocrx_word' id='word_1_262' title='bbox 1357 4903 1452 4966; x_wconf 75' lang='lat' dir='ltr'><strong>regina</strong></span> <span class='ocrx_word' id='word_1_263' title='bbox 1468 4907 1563 4952; x_wconf 74' lang='lat' dir='ltr'><strong>nostro</strong></span> <span class='ocrx_word' id='word_1_264' title='bbox 1579 4904 1781 4967; x_wconf 74' lang='lat' dir='ltr'><strong>pretiosissime:</strong></span> <span class='ocrx_word' id='word_1_265' title='bbox 1798 4904 1865 4956; x_wconf 83' lang='lat' dir='ltr'><strong>idco.</strong></span> 
     </span>
     <span class='ocr_line' id='line_1_35' title="bbox 915 4976 1498 5044; baseline 0.003 -16"><span class='ocrx_word' id='word_1_266' title='bbox 915 4976 942 5041; x_wconf 62' lang='grc' dir='ltr'><strong>θ)</strong></span> <span class='ocrx_word' id='word_1_267' title='bbox 958 4979 989 5029; x_wconf 84' lang='lat' dir='ltr'><strong>n.</strong></span> <span class='ocrx_word' id='word_1_268' title='bbox 1006 4979 1201 5031; x_wconf 81' lang='lat' dir='ltr'><strong>recommendat</strong></span> <span class='ocrx_word' id='word_1_269' title='bbox 1217 4991 1277 5030; x_wconf 83' lang='lat' dir='ltr'><strong>eum</strong></span> <span class='ocrx_word' id='word_1_270' title='bbox 1293 4979 1378 5030; x_wconf 84' lang='lat' dir='ltr'><strong>cidem</strong></span> <span class='ocrx_word' id='word_1_271' title='bbox 1394 4979 1498 5044; x_wconf 70' lang='lat' dir='ltr'><strong>ruptura</strong></span> 
     </span>
    </p>
   </div>
   <div class='ocr_carea' id='block_1_5' title="bbox 0 0 2427 6642">
    <p class='ocr_par' dir='ltr' id='par_1_6' title="bbox 0 0 2427 6642">
     <span class='ocr_line' id='line_1_36' title="bbox 0 0 2427 6642; baseline 0 0"><span class='ocrx_word' id='word_1_272' title='bbox 0 0 2427 6642; x_wconf 95' lang='lat' dir='ltr'><strong> </strong></span> 
     </span>
    </p>
   </div>
  </div>
 </body>
</html>
