4842 6642
773 792 845 859 226
1168 802 1374 857 musarum
1398 802 1565 855 rnnsursr

773 949 932 1023 scribam
971 955 1008 1023 et
1046 948 1288 1043 manifestem,
1326 949 1446 1021 uderu
1478 966 1547 1039 per
1574 947 1676 1019 celer
1703 946 1765 1017 cire
1792 961 1883 1017 cerro
1909 944 1949 1014 ia

772 1076 885 1160 terra,
909 1069 1014 1164 idest,
1040 1090 1107 1165 pru
1132 1068 1188 1143 bis
1213 1068 1276 1163 qui
1301 1073 1388 1142 sunt
1413 1068 1450 1141 in
1476 1067 1550 1141 vita
1582 1064 1727 1140 mortali
1756 1064 1794 1139 in
1823 1062 1949 1155 terrim

772 1197 810 1263 et
833 1189 932 1283 dicit,
958 1194 1032 1263 tutti
1058 1195 1175 1281 suiad,
1205 1189 1358 1282 scilicet,
1395 1209 1421 1263 a
1451 1187 1510 1262 ria
1525 1179 1562 1279 (¹)
1599 1205 1698 1260 verm
1730 1182 1875 1257 virtutis
1912 1190 1950 1259 et

768 1309 920 1406 justitiae
946 1310 1080 1385 iniuste
1104 1316 1327 1406 occupantes
1354 1331 1451 1383 uuus
1470 1310 1558 1404 jura
1584 1304 1747 1399 alterius,
1767 1311 1805 1380 et
1830 1304 1949 1379 inteu-

774 1429 901 1507 dentes
930 1430 978 1505 ad
1010 1431 1277 1505 cumulandum
1305 1430 1445 1505 seducti
1484 1429 1583 1503 male
1611 1426 1782 1521 exemplo
1819 1424 1950 1519 preta-

777 1558 921 1644 turum3
960 1552 1057 1627 unde
1094 1552 1202 1626 dicit:
1232 1556 1346 1627 dietro
1381 1555 1422 1625 ut
1456 1553 1532 1624 mul
1565 1552 1727 1641 esempic,
1763 1546 1946 1620 malorum

776 1678 975 1766 pasturum.
1003 1673 1163 1747 Sumunt
1191 1674 1290 1748 enim
1323 1663 1509 1764 subditil¹l
1535 1676 1800 1767 argumentum
1823 1688 1849 1741 a
1875 1666 1947 1740 vita

777 1798 978 1886 pasturum,
1004 1789 1041 1866 et
1066 1800 1230 1889 arguunt
1255 1792 1404 1887 quidam
1429 1793 1501 1866 sic:
1527 1813 1615 1867 cum
1642 1790 1833 1864 videamus
1858 1807 1949 1863 ucu-

781 1911 899 1987 lanter
915 1902 952 2004 (³)
978 1920 1016 1987 et
1043 1914 1191 2008 ubique,
1218 1914 1318 2008 quod
1343 1912 1541 2006 pontifices,
1566 1910 1781 2003 cardinales,
1804 1906 1950 1983 arcbie·

777 2033 924 2129 piscupi,
951 2034 1120 2130 episcopi,
1146 2035 1299 2131 priores,
1324 2035 1475 2109 abbates
1500 2041 1538 2109 et
1563 2032 1686 2127 magni
1717 2028 1881 2127 magistri
1912 2027 1950 2099 in

779 2174 886 2228 sacra
912 2154 1095 2251 theologia
1120 2155 1314 2230 intendunt
1328 2144 1364 2248 (⁸)
1384 2155 1481 2230 circa
1507 2153 1665 2246 delicias,
1684 2150 1863 2243 mollities,
1886 2168 1949 2243 pe-

779 2274 918 2369 cunias,
944 2275 1137 2371 dignitates
1166 2283 1203 2351 et
1234 2283 1368 2351 caetera
1391 2274 1639 2369 delectabilia,
1664 2279 1703 2348 et
1731 2292 1799 2346 nus
1818 2269 1949 2345 subditi

779 2394 946 2469 sedentes
964 2396 1000 2468 in
1017 2396 1153 2471 barche
1180 2398 1284 2491 sequi
1309 2396 1487 2471 debemus
1506 2396 1719 2490 exemplum
1738 2393 1951 2489 gubernan-

780 2515 872 2588 tium
899 2516 1041 2605 navim:
1068 2517 1235 2612 probatio
1260 2497 1542 2611 consequentius,
1570 2516 1657 2609 quia
1682 2514 1740 2589 isti
1769 2520 1951 2588 noverunt

775 2637 863 2731 jura
880 2638 1042 2712 bumana
1060 2645 1096 2711 et
1113 2638 1246 2732 diuina,
1261 2646 1297 2713 et
1310 2638 1410 2736 leges
1427 2638 1562 2713 veteris
1578 2644 1615 2711 et
1637 2636 1722 2711 nevi
1744 2634 1949 2711 testamenti

780 2765 817 2831 et
833 2778 983 2832 umuem
1004 2780 1148 2834 sacram
1165 2760 1398 2855 scripturam.
1425 2760 1527 2834 Unde
1551 2759 1598 2832 de
1622 2757 1767 2832 duabus
1790 2758 1949 2831 alterum

781 2884 850 2972 est3
869 2880 926 2953 vel
946 2880 1065 2953 sciunt
1083 2900 1123 2954 se
1139 2880 1235 2955 bene
1250 2900 1375 2977 agere,
1394 2882 1451 2955 vel
1469 2887 1696 2975 cognoscunt
1713 2882 1853 2952 tantam
1870 2896 1951 2951 esse

782 2998 1068 3075 misericordiam
1078 3001 1141 3075 Dei
1155 3002 1254 3095 quod
1267 3003 1379 3076 nollet
1392 3002 1547 3096 perdere
1561 3002 1762 3074 humanam
1778 3005 1949 3073 naturam

783 3126 857 3193 tam
886 3118 1051 3215 fragilem
1079 3127 1115 3195 et
1143 3122 1344 3216 infirmam;
1370 3122 1434 3196 sed
1459 3130 1561 3196 certe
1584 3122 1636 3195 sic
1661 3120 1822 3195 dicentes
1840 3118 1953 3192 debe-

783 3244 866 3312 rent
884 3240 1003 3334 petius
1020 3242 1209 3316 attendere
1221 3234 1257 3333 (⁵)
1271 3242 1408 3316 dictum
1423 3242 1554 3315 Christi
1579 3241 1748 3317 dicentis:
1764 3242 1953 3314 secundum

782 3366 895 3431 autem
928 3381 1038 3452 opera
1073 3383 1193 3435 eorum
1225 3366 1329 3435 rrolitc
1350 3368 1490 3457 sacere5
1524 3362 1649 3437 dicunt
1674 3361 1784 3453 enim,
1810 3368 1849 3435 et
1879 3380 1953 3434 nun

783 3478 936 3573 laniunt5
963 3488 1001 3555 et
1025 3491 1126 3557 certe
1146 3504 1218 3579 ege
1243 3485 1362 3578 petius
1387 3484 1499 3558 credo
1523 3482 1575 3557 sic
1600 3482 1773 3577 epicuree
1790 3480 1954 3555 viventes

784 3598 871 3674 nibil
896 3600 1048 3677 credere
1065 3601 1111 3676 de
1129 3602 1210 3697 lide,
1229 3604 1314 3698 quia
1333 3605 1361 3677 si
1379 3605 1573 3679 crederent
1594 3588 1776 3695 timerent,
1794 3600 1954 3675 abstine

785 3727 866 3795 rent
881 3710 916 3813 (⁶)
944 3723 990 3796 ab
1016 3722 1071 3795 bis
1096 3746 1180 3819 quae
1206 3725 1353 3799 iaciunt.
1380 3726 1429 3798 Et
1449 3734 1572 3800 tamen
1599 3731 1709 3798 auter
1731 3723 1767 3796 in
1793 3724 1864 3797 buc
1881 3742 1953 3796 nun

785 3842 972 3935 mentitur,
990 3844 1089 3937 quod
1117 3846 1282 3920 hemines
1302 3853 1510 3939 sequuntur
1525 3836 1562 3936 (⁷)
1583 3845 1722 3919 malum
1741 3844 1952 3938 exemplum

785 3970 991 4059 pastorum3
1010 3967 1219 4041 sicutenim
1241 3966 1398 4063 legimus
1414 3968 1500 4041 olim
1519 3988 1605 4041 cum
1631 3964 1783 4061 apostoli
1808 3972 1846 4040 et
1870 3963 1955 4037 imi-

787 4089 922 4159 tatores
938 4087 1189 4180 apostolurum
1209 4087 1430 4181 spernebant
1448 4086 1627 4189 mundum
1646 4106 1733 4161 cum
1755 4086 1830 4160 suis
1848 4106 1954 4181 pum-

787 4204 840 4298 pis
857 4210 895 4279 et
911 4204 1055 4298 divitiis,
1074 4214 1219 4301 reperta
1237 4212 1324 4281 sunt
1342 4207 1452 4281 millia
1474 4207 1665 4281 bominum
1686 4207 1749 4302 qui
1767 4207 1954 4281 abrenun-

790 4323 920 4399 tiantes
945 4327 1110 4422 proprie,
1136 4336 1265 4423 sponte
1289 4328 1372 4401 lacti
1407 4334 1492 4401 sunt
1517 4346 1696 4423 pauperes
1723 4332 1759 4401 et
1786 4325 1954 4418 humiles,

790 4466 856 4519 nec
885 4446 1087 4519 timuerunt
1114 4447 1344 4523 incommoda
1370 4456 1524 4541 naturae,
1543 4470 1610 4523 nec
1637 4448 1766 4541 minas,
1784 4468 1854 4523 uec
1880 4454 1957 4521 tur·

789 4584 843 4590 --.
850 4586 863 4590 -
871 4586 891 4591 --.
901 4586 1147 4594 .-...-..-—-.-—-—-

849 4628 877 4691 (’)
894 4631 924 4680 E.
941 4643 955 4679 a
973 4633 1012 4681 ria
1029 4634 1150 4690 veritatis.
1168 4634 1222 4685 sira
1238 4636 1428 4693 rcrnssrirtntir
1443 4642 1470 4685 et
1485 4639 1600 4687 scientim
1616 4637 1719 4689 inimic.

850 4708 877 4769 (¹)
893 4708 924 4758 Ε.
941 4710 1049 4761 reducti.
1298 4712 1325 4775 (⁸)
1341 4714 1372 4764 Ε.
1387 4714 1531 4765 oculariter
1546 4720 1574 4765 et
1588 4715 1662 4779 qumi
1677 4714 1781 4778 ubique.

850 4783 876 4845 (¹)
892 4784 923 4834 li.
938 4786 1082 4849 intendunt,
1099 4794 1129 4839 ut
1145 4788 1299 4853 plurimum,
1314 4792 1392 4842 eirca.

850 4862 877 4924 t')
893 4862 924 4912 E.
939 4864 1071 4915 attendere
1088 4868 1165 4916 rerba
1182 4868 1261 4930 ipsius
1277 4868 1380 4919 bomird
1397 4871 1478 4920 nostri
1493 4870 1554 4919 lesu
1570 4868 1664 4920 Cbrltti
1680 4868 1797 4918 dicentis.

850 4938 878 5001 (⁸)
894 4940 924 4991 Ε.
942 4945 1011 4991 etse
1027 4942 1192 4995 abstinerent.
1298 4946 1325 5009 (Ι)
1342 4946 1372 4997 R
1388 4952 1529 5010 sequantur
1545 4946 1612 4997 mala
1628 4945 1747 5009 exempla
1762 4949 1905 5009 partorum
