4842 6642
767 876 904 931 caurus
930 876 1121 932 vronsruus
1147 875 1290 929 saurus.
1539 865 1610 932 377

439 1022 524 1115 quia
551 1021 649 1096 Deus
675 1020 772 1095 dedit
798 1040 879 1095 esse
904 1020 1089 1115 universo,
1110 1044 1129 1095 c
1154 1022 1282 1093 l’esscr
1301 1022 1385 1111 mio,
1401 1020 1505 1114 idest,
1523 997 1611 1114 qiua

435 1141 534 1217 dedit
564 1160 647 1215 esse
678 1140 778 1233 mini,
805 1160 881 1234 quo
907 1140 991 1213 nihil
1018 1146 1072 1215 est
1101 1140 1269 1233 nobilius,
1300 1142 1337 1213 lu
1370 1148 1481 1214 morte
1511 1142 1561 1213 cb’
1579 1142 1614 1213 et

435 1270 600 1337 cortanna
621 1262 741 1354 percl'
754 1264 791 1333 io
816 1263 910 1354 uuo,
927 1260 1029 1354 idest,
1049 1260 1135 1354 quia
1161 1280 1290 1355 passus
1306 1268 1361 1335 est
1380 1281 1446 1355 pro
1465 1261 1613 1335 redem-

439 1384 537 1459 tione
562 1402 657 1457 mea.
684 1381 776 1455 Nam
809 1382 986 1457 maiorem
1017 1381 1210 1457 caritatem
1244 1403 1319 1456 nou
1349 1382 1458 1458 babet
1488 1383 1614 1475 bomo,

439 1524 552 1599 quam
584 1510 625 1576 ut
658 1507 770 1597 ponat
799 1500 959 1576 animam
990 1522 1097 1577 suam
1129 1508 1198 1577 etc.
1232 1502 1275 1573 ut
1309 1502 1339 1575 si
1369 1502 1511 1576 amicus
1544 1521 1614 1596 pro
1687 1589 1691 1595 ,

440 1624 560 1700 amioo
585 1643 683 1718 saepe
708 1621 856 1717 exponit
882 1622 1007 1717 vitam,
1028 1629 1068 1696 ut
1086 1622 1170 1697 dicit
1191 1621 1425 1717 philosophus
1450 1622 1487 1696 iu
1512 1621 1613 1696 Ethi-

441 1746 504 1841 cis‚
530 1751 669 1839 quanto
696 1742 825 1817 lortius
847 1762 976 1817 servus
995 1764 1061 1839 pro
1079 1743 1253 1818 domino‘l
1273 1764 1360 1818 cum
1381 1751 1504 1818 tamen
1522 1741 1614 1817 scri-

441 1868 505 1943 bat
524 1861 729 1939 Macrobius
754 1863 800 1937 dc
825 1883 944 1956 servo,
963 1864 1025 1957 qui
1048 1863 1215 1939 liberavit
1231 1864 1422 1937 dominum
1440 1861 1613 1959 ingratis·

442 1988 577 2061 simum
603 1966 626 2059 a
652 2004 727 2078 quo
754 1990 945 2077 receperat
971 1983 1126 2077 pessima
1152 1984 1286 2058 damna
1311 1982 1523 2075 crudeliter,
1551 1980 1638 2065 ubi,

443 2111 575 2182 tractat
598 2104 645 2179 de
670 2103 742 2178 lide
767 2123 961 2177 servorum
990 2103 1085 2177 libro
1110 2102 1360 2178 Saturnalium
1386 2110 1468 2196 otu,
1494 2124 1513 2174 e
1537 2103 1617 2194 quel

441 2230 501 2301 cbo
523 2247 630 2319 spera
657 2227 740 2316 cuni
762 2226 855 2318 sedet
878 2225 1026 2313 com’io,
1054 2223 1201 2317 scilicet,
1234 2225 1346 2299 vitam
1372 2232 1548 2299 aeternam
1574 2228 1616 2298 et

441 2347 610 2421 ultimam
638 2343 867 2437 felicitatem3
893 2342 1016 2417 omnia
1043 2344 1132 2436 baec,
1160 2346 1205 2416 m'
1218 2348 1336 2418 bonno
1361 2352 1481 2437 trotto,
1510 2342 1614 2435 idest

442 2468 693 2542 liberaverunt
720 2484 792 2557 me,
810 2466 868 2537 det
886 2484 967 2537 mor
984 2467 1061 2538 dctl’
1075 2486 1178 2538 anaor
1200 2471 1305 2555 torto,
1326 2465 1428 2557 idest,
1446 2465 1492 2539 dc
1508 2482 1614 2538 ama·

443 2586 602 2661 titudine
627 2584 764 2659 amoris
791 2582 926 2657 fallacis
951 2584 1220 2679 temporalium,
1238 2606 1257 2657 c
1276 2588 1322 2657 ιη’
1334 2588 1404 2657 buu
1418 2592 1520 2679 posto
1539 2586 1614 2657 ulto

441 2712 536 2798 moa,
562 2706 665 2798 idest,
691 2704 739 2778 ad
765 2710 926 2798 portum,
957 2705 1015 2778 vel
1046 2704 1201 2797 initium,
1229 2708 1286 2780 det
1309 2707 1441 2795 dinem,
1466 2704 1614 2797 scilicet,

443 2848 573 2904 amore
585 2846 675 2901 vero
689 2824 765 2918 bei,
780 2825 816 2898 in
837 2846 911 2918 quo
925 2825 1087 2899 consistit
1108 2834 1208 2901 recta
1229 2825 1436 2919 beatitud03
1455 2832 1492 2899 et
1508 2824 1612 2898 dicit:

442 2969 508 3023 con
534 2952 570 3021 to
600 2949 760 3039 predctta
795 2966 1011 3019 conoscmzo
1039 2949 1132 3038 uiuo,
1166 2946 1268 3039 idest,
1298 2967 1385 3021 cum
1413 2943 1614 3019 rationibus

442 3075 480 3144 et
497 3064 753 3143 autoritatibus
780 3064 1006 3159 supradictis,
1022 3085 1106 3159 quae
1124 3072 1210 3139 sunt
1232 3064 1377 3139 vivaces
1394 3070 1431 3139 et
1448 3062 1614 3139 efficaces

441 3188 487 3264 ad
505 3186 733 3283 probandum
754 3186 1099 3280 propositum-Le
1109 3189 1249 3279 [rorida.
1264 3186 1329 3260 ilic
1341 3195 1451 3261 autor
1463 3192 1613 3259 ostenso

441 3329 559 3403 quare
574 3307 699 3403 diligat
714 3308 847 3400 Deum,
861 3327 959 3381 nunc
972 3307 1128 3381 ostendit
1147 3307 1334 3402 quomodo
1346 3307 1472 3404 diligat
1490 3305 1614 3402 proxi·

407 3428 410 3435 '
442 3450 558 3519 mum,
568 3427 710 3502 dicens:
726 3430 858 3518 Am’io,
872 3426 974 3520 idest,
989 3448 1059 3524 ego
1074 3448 1171 3523 amo,
1183 3430 1215 3501 te
1228 3430 1369 3522 fronde,
1381 3427 1471 3501 idest
1486 3427 1614 3501 beatos

440 3554 476 3625 et
503 3548 687 3640 mortales²
714 3550 805 3620 ande
821 3550 858 3620 ‘s'
870 3551 1041 3641 infronda
1071 3554 1154 3621 tutto
1188 3551 1315 3639 l’orto,
1351 3546 1453 3639 idest,
1479 3547 1613 3639 quibus

440 3672 545 3745 tioret
571 3669 761 3763 paradisus
786 3675 823 3743 ct
849 3669 1022 3761 mundus,
1038 3670 1117 3742 dett
1130 3672 1296 3741 ortulano
1312 3676 1444 3761 etune,
1464 3668 1613 3759 scilicet,

440 3790 517 3883 Dei,
543 3795 581 3864 et
605 3788 709 3863 dicit:
736 3795 875 3861 colunto
901 3796 1031 3881 quanto
1052 3790 1090 3861 cli
1110 3788 1192 3861 benc
1209 3784 1231 3862 e*
1241 3794 1347 3880 porto
1369 3790 1467 3861 ulcr
1486 3791 1538 3883 du
1552 3790 1613 3874 tui,

441 3911 545 4003 idest,
570 3908 773 3984 secundum
797 3910 1037 4001 quantitatem
1066 3908 1210 3982 virtutis
1240 3914 1277 3983 et
1306 3908 1477 3983 bonitatis
1502 3910 1614 3983 colla·

442 4037 518 4107 tarn
540 4029 606 4104 sibi
631 4050 654 4102 a
680 4030 766 4103 beo.
787 4030 831 4101 Et
847 4028 905 4101 bic
923 4034 1008 4103 nota
1026 4027 1124 4122 quod
1142 4029 1347 4104 secundum
1365 4027 1611 4125 augustinum

441 4150 577 4248 gradus
603 4148 763 4223 caritatis
790 4149 840 4223 sic
866 4156 951 4223 sunt
973 4148 1230 4246 distinguendi,
1248 4149 1334 4242 quia
1358 4148 1477 4243 primo
1501 4148 1613 4223 debes

441 4271 594 4367 diligere
610 4270 708 4364 quod
735 4291 847 4364 supra
874 4277 909 4345 tc
934 4276 1001 4363 est,
1019 4270 1154 4345 scilicet
1176 4270 1314 4363 Deum;
1332 4270 1493 4345 secundo
1512 4268 1612 4363 quod

442 4394 534 4466 intra
562 4397 597 4465 te
622 4396 688 4482 est,
716 4388 852 4463 scilicet
877 4390 1038 4465 animam
1059 4398 1160 4464 tuam
1179 4396 1308 4465 etc-
1322 4384 1361 4465 Sl
1380 4393 1524 4464 com'io.
1547 4390 1613 4464 llic

441 4519 551 4585 autor
568 4508 729 4583 notificat
747 4508 936 4604 gaudium,
955 4508 1054 4603 quod
1073 4516 1273 4603 sequutum
1292 4515 1349 4583 est
1366 4530 1414 4585 er
1436 4530 1504 4583 sua
1525 4528 1612 4605 pro-

443 4630 608 4723 fessione,
634 4627 777 4703 dicens:
810 4633 862 4701 lin
883 4632 1079 4703 dolubu'mo
1105 4637 1208 4703 conto
1233 4622 1356 4703 risonb
1377 4632 1609 4723 percomta,

440 4750 587 4842 scilicet,
612 4748 708 4823 inter
733 4748 813 4823 illos
838 4749 976 4842 beatos,
1001 4741 1032 4821 sl
1056 4752 1190 4823 com'io
1216 4748 1609 4843 montmercantin

441 4892 527 4947 curn
554 4867 651 4942 linivi
679 4868 973 4965 responsionem3
999 4876 1036 4943 et
1061 4868 1165 4943 dicit:
1184 4891 1203 4942 e
1219 4873 1257 4942 lu
1281 4873 1353 4943 mio
1376 4871 1498 4943 donna
1512 4871 1610 4944 duca

289 5038 297 5051 -
441 5013 508 5069 con
531 4992 582 5083 oti
598 4992 693 5081 utut,
712 4989 815 5084 idest,
832 4989 979 5087 Beatrix
1001 4990 1171 5064 cantabat
1188 4992 1418 5086 gratulanter
1438 5010 1524 5068 cum
1543 4990 1610 5064 illis
