4842 6642
762 868 902 924 caurus
925 869 1117 924 vrorsmus
1141 868 1318 936 ausurus.
1559 859 1629 930 tlt
1751 856 1754 866 '

455 1014 493 1088 in
517 1013 732 1092 diffinitione
756 1013 839 1090 liei
864 1015 931 1090 isia
947 1013 1025 1090 (luo
1041 1013 1221 1091 vocabula
1241 1013 1443 1089 substantia
1461 1021 1498 1090 et
1513 1037 1629 1114 argu·

455 1143 635 1211 mentum.
649 1175 699 1194 -·
712 1141 758 1210 Et
786 1139 833 1210 io.
864 1135 929 1210 llio
961 1141 1073 1213 autor
1107 1134 1303 1230 respondet
1336 1136 1532 1232 propositae
1565 1157 1631 1234 pe·

455 1255 580 1334 titioni.
606 1257 651 1334 Et
675 1257 795 1353 primo
820 1256 977 1332 ostendit
1002 1275 1122 1352 quare
1146 1254 1243 1330 istud
1269 1275 1404 1331 nomen
1426 1256 1629 1334 substantia

455 1383 657 1472 reponatur
671 1369 710 1467 (¹)
735 1376 772 1450 in
801 1375 1017 1452 diillnitione
1050 1375 1151 1452 iidei:
1188 1381 1226 1452 ei
1255 1375 1518 1452 sententialiter
1551 1377 1630 1452 vult

455 1499 590 1592 dicere,
616 1497 715 1592 quod
740 1518 785 1572 ea
810 1518 894 1593 quoe
920 1503 1097 1593 apparent
1123 1497 1315 1572 manifesta
1342 1497 1377 1570 in
1404 1497 1512 1592 oculo,
1543 1504 1629 1572 sunt

455 1618 505 1692 ita
531 1618 674 1692 occulta
700 1617 738 1691 in
764 1623 863 1693 terra
889 1617 989 1712 quod
1014 1637 1088 1692 uon
1105 1624 1258 1713 possum
1274 1617 1322 1692 ab
1340 1616 1548 1692 hominibus
1565 1637 1629 1692 oo·

455 1737 581 1834 gnossi
607 1737 674 1812 nisi
699 1757 765 1833 per
790 1737 1065 1813 eredulitatem:
1083 1743 1122 1813 et
1141 1738 1221 1812 iraec
1238 1743 1294 1814 est
1311 1736 1412 1832 tides,
1430 1737 1529 1832 quod
1546 1757 1629 1812 cre·

455 1859 577 1934 dimus
603 1857 691 1936 illud
716 1858 815 1953 quod
841 1878 915 1933 non
942 1858 1190 1952 videmusne
1216 1858 1245 1932 si
1272 1857 1548 1954 presentialiter
1574 1857 1628 1932 vi-

455 1979 645 2073 deremus;
658 1984 697 2054 et
709 1997 820 2073 super
832 1979 904 2052 hoe
920 1977 1119 2053 tondamus
1136 1986 1300 2054 nostram
1320 1999 1434 2074 spem,
1448 1979 1628 2074 sperando

455 2120 522 2196 per
546 2100 642 2176 bona
667 2119 781 2194 opera
799 2099 994 2194 pervenire
1017 2099 1064 2175 ad
1091 2099 1267 2175 visionem
1294 2119 1425 2174 eorum
1452 2105 1489 2174 ei
1515 2099 1628 2195 parti·

454 2220 673 2317 cipationem
691 2239 823 2294 eorum
842 2219 980 2316 glorie.
1003 2220 1047 2292 lli
1068 2239 1115 2294 ex
1137 2221 1206 2294 lroe
1223 2219 1408 2316 colligitur
1425 2219 1524 2314 quod
1541 2218 1629 2296 fides

454 2348 510 2416 est
527 2340 728 2414 substantia
748 2321 873 2414 rerum
893 2338 1172 2434 sperandarum,
1186 2339 1272 2435 quia
1287 2359 1368 2435 spes
1386 2361 1496 2435 supra
1516 2339 1625 2418 iidem

454 2461 625 2537 iirmatur
639 2451 690 2555 (¹),
707 2467 746 2536 et
766 2459 928 2535 subsistit
944 2460 1040 2535 siout
1059 2459 1227 2536 accidens
1248 2461 1627 2556 supersubstantiam.

453 2583 559 2658 Nunc
580 2600 723 2677 erpone
746 2581 798 2656 sic
818 2582 983 2659 literam:
1001 2587 1047 2656 lli
1061 2585 1097 2655 io
1113 2604 1296 2676 oppresso,
1315 2583 1453 2678 supple,
1476 2602 1627 2678 respon·

453 2701 511 2775 di:
539 2703 570 2773 ie
590 2701 769 2793 profunde
792 2719 884 2791 cose,
910 2699 1046 2774 scilieet
1069 2700 1214 2776 excelsa
1237 2698 1370 2794 divina,
1396 2702 1455 2772 olle
1479 2703 1528 2774 mi
1551 2703 1628 2774 lor·

453 2824 588 2913 peona,
613 2818 716 2913 idest,
741 2818 891 2914 donant,
917 2822 989 2912 pra,
1014 2819 1162 2915 seilicet,
1189 2819 1226 2894 in
1251 2822 1357 2914 eoelo,
1389 2823 1425 2894 la
1459 2824 1516 2895 lor
1537 2841 1629 2916 paru

455 2960 581 3031 veura,
607 2938 710 3032 idest,
736 2939 999 3034 apparentiam,
1026 2940 1131 3033 quasi
1164 2938 1280 3016 dieat:
1317 2961 1401 3034 quae
1433 2941 1628 3020 ostendunt

454 3082 495 3137 se
520 3061 578 3134 liic
608 3066 829 3154 apparenter
853 3065 891 3133 et
915 3059 1108 3135 oculanter
1122 3050 1172 3154 i³i‚
1196 3081 1262 3133 son
1286 3053 1317 3133 si
1340 3081 1498 3153 naaman,
1525 3061 1628 3154 idest,

453 3182 612 3257 obseura
642 3186 680 3255 et
707 3179 902 3276 incognita,
927 3183 1003 3271 apti
1030 3183 1127 3255 oceli
1153 3181 1193 3253 ili
1222 3175 1354 3274 lappiri,
1388 3179 1490 3276 idest,
1523 3179 1628 3256 intel·

453 3305 608 3382 lectibus
632 3303 858 3398 mortalium,
883 3305 944 3377 cle
969 3305 992 3376 l
1004 3325 1099 3377 esser
1130 3307 1224 3390 loro,
1255 3301 1402 3397 scilicet,
1429 3300 1628 3398 prolundo-

453 3447 538 3501 rum
563 3425 787 3519 divinorum,
812 3420 890 3516 o'ri,
915 3423 1019 3518 idest,
1045 3429 1100 3498 est
1126 3423 1174 3498 ibi
1200 3425 1238 3498 in
1265 3431 1375 3519 terra,
1393 3428 1428 3498 ia
1446 3426 1525 3497 sola
1550 3445 1628 3498 cro-

451 3549 582 3636 mara,
612 3552 650 3622 et
682 3565 756 3621 non
790 3545 939 3621 seientia
971 3551 1094 3639 certa,
1125 3552 1163 3620 et
1194 3545 1296 3620 dicit:
1328 3566 1436 3619 soora
1466 3548 1503 3618 ia
1531 3549 1627 3640 puni,

451 3667 600 3761 scilieet,
613 3664 882 3758 eredulitatem,
898 3668 931 3738 si
943 3668 1059 3759 fondo
1075 3667 1178 3740 lolio
1194 3687 1320 3759 speum
1338 3671 1374 3740 et
1391 3665 1627 3740 ooneluditze

449 3779 540 3880 peri
558 3789 695 3880 prende
718 3790 872 3877 manzo,
897 3784 1000 3879 idest,
1026 3784 1278 3879 intentionem,
1304 3787 1343 3858 di
1365 3787 1558 3862 sustoazia.
1584 3783 1627 3858 lli

452 3907 574 3982 subdit
599 3926 718 4002 quare
747 3912 1012 4003 argumentum
1027 3893 1065 3996 (⁴)
1101 3911 1261 3999 ponatur
1295 3905 1330 3977 in
1365 3904 1460 3980 dicia
1494 3903 1627 3979 dillini·

454 4027 563 4121 tione,
581 4026 719 4102 disens:
737 4047 757 4100 a
772 4029 821 4099 rto
841 4033 961 4117 poesia
984 4027 1174 4116 neaman,
1191 4024 1295 4118 idest,
1314 4046 1336 4100 a
1354 4024 1525 4121 praediota
1543 4045 1626 4100 cre·

452 4147 617 4241 dulitate,
629 4151 661 4220 oi
672 4150 836 4220 conuenae
846 4148 1086 4236 eitonam,
1099 4144 1203 4237 idest,
1218 4145 1381 4220 lormare
1398 4143 1627 4241 syllogismos

452 4275 491 4344 et
514 4274 735 4366 argumenta
760 4273 898 4361 nostra,
924 4285 1035 4339 seara
1060 4287 1148 4338 ouer
1171 4269 1266 4340 altro
1294 4269 1395 4357 visto,
1421 4265 1523 4360 idest,
1548 4263 1626 4339 sine

450 4387 521 4465 alia
547 4388 763 4483 probatione
787 4387 846 4462 rel
866 4387 1116 4462 demonstrate
1130 4378 1169 4479 (ὓ)
1191 4387 1343 4462 ratione.
1363 4387 1406 4460 Et
1422 4385 1624 4462 eoneludltr

450 4501 582 4602 opero
614 4511 702 4585 tiene
733 4511 875 4584 latmo
889 4496 927 4601 ι’)
963 4508 998 4580 d'
1012 4515 1233 4598 argomento,
1263 4507 1367 4601 quasi
1398 4507 1511 4582 dicat:
1543 4504 1625 4580 ideo

512 4770 540 4832 υ)
555 4769 587 4820 Β.
605 4775 735 4833 ponatur·
803 4770 831 4830 i'i
847 4769 877 4819 li
894 4767 1020 4818 tuemur
1034 4780 1080 4818 sen
1096 4767 1225 4818 iirmntnr.
1304 4767 1331 4830 (ἦ
1347 4769 1378 4820 B.
1394 4767 1548 4820 oculariter.

512 4846 540 4910 (⁸)
555 4846 587 4896 lt.
602 4852 788 4910 argumentum
802 4847 881 4898 etiam
898 4849 1009 4910 ponatur
1025 4845 1052 4894 in
1068 4845 1122 4908 ipen
1137 4843 1289 4897 rliillnitlone
1306 4845 1374 4908 iidei,
1390 4846 1487 4896 linens.

513 4924 540 4982 ι’)
556 4923 588 4973 B.
603 4923 646 4974 rel
662 4923 888 4974 demonstratione.
904 4921 939 4972 Et
956 4920 1097 4972 muntii.

513 5001 542 5064 (⁸)
557 4999 589 5049 B.
603 4999 717 5057 wora
734 5000 808 5062 idest,
824 5000 1003 5060 intentionem,
1018 4999 1044 5050 α’
1050 5005 1203 5063 ormio.
