4842 6642
451 1249 615 1319 CANTUS
629 1247 820 1316 DECIMUS
836 1247 1030 1332 TERTIUS,
1043 1251 1079 1314 in
1090 1269 1150 1332 pao
1159 1249 1337 1331 praediatus
1346 1257 1475 1317 sauctus
1488 1251 1626 1319 idomas

803 1361 897 1427 soleret
913 1361 1038 1444 aliquos
1056 1359 1276 1427 dubitationes.

526 1599 745 1767 quaarur
768 1693 822 1764 odi
845 1692 929 1766 bene
946 1693 1104 1766 mmmm
1125 1713 1219 1785 supe.
1242 1693 1441 1786 Postquam
1459 1693 1496 1766 in
1513 1714 1625 1790 supa·

451 1813 541 1888 riori
558 1812 716 1908 capitulo
742 1811 910 1907 proxime
931 1811 1151 1907 praecadentl
1169 1818 1279 1886 autor
1295 1820 1421 1888 noster
1437 1812 1626 1910 descripsit

451 1934 564 2008 vitam
582 1931 679 2006 beati
697 1931 886 2026 Damnioi,
900 1953 984 2026 quae
1003 1931 1157 2006 faciebat
1174 1932 1221 2007 ad
1238 1933 1384 2028 plenam
1405 1934 1624 2010 solutionem

450 2052 557 2148 primi
591 2051 716 2146 dubil3
748 2071 847 2126 nunc
881 2059 1150 2146 consequenter
1181 2052 1219 2126 in
1251 2052 1320 2127 isto
1354 2054 1432 2127 lllll
1465 2055 1626 2149 capitulo
1741 2105 1748 2122 .

453 2172 605 2248 intendit
636 2173 781 2246 solvere
810 2170 1014 2246 secundum
1044 2171 1210 2246 dubium.
1249 2173 1296 2246 lu
1330 2194 1492 2268 praesens
1526 2173 1626 2268 capi-

450 2295 568 2370 tulum
603 2299 723 2389 potest
756 2292 918 2368 breviter
947 2292 1055 2367 dividi
1087 2294 1123 2366 in
1157 2301 1234 2368 tres
1261 2300 1385 2389 partes
1409 2296 1624 2391 generalem

451 2416 488 2490 in
513 2415 633 2511 prima
658 2435 819 2509 quarum
847 2413 1054 2488 manifestat
1078 2412 1171 2487 duas
1196 2434 1353 2489 coronas
1372 2415 1542 2510 superius
1557 2415 1624 2490 de-

449 2537 600 2631 scriptas
624 2555 691 2630 per
716 2554 829 2608 unam
860 2532 1132 2608 similitudinem
1163 2535 1240 2608 sive
1270 2535 1568 2631 imaginationem
1584 2529 1621 2627 (¹)

450 2655 792 2732 similitudinariam.
819 2653 860 2726 ln
885 2652 1046 2728 secunda
1071 2653 1179 2728 solvit
1203 2652 1370 2748 dubium,
1388 2654 1459 2729 ibi:
1481 2657 1549 2728 Poi
1563 2656 1626 2728 ote

451 2783 559 2850 moun.
586 2775 626 2850 ln
652 2774 758 2848 tertia
783 2773 845 2848 dat
870 2793 987 2846 rrnum
1013 2779 1240 2868 praeceptum
1266 2773 1505 2850 monitorium
1525 2773 1623 2849 circa

451 2895 670 2970 solutionem
695 2893 895 2968 dubiorum
922 2897 958 2967 et
984 2891 1258 2987 responsionem
1284 2893 1536 2987 pameliorum,
1553 2893 1622 2968 ibi:

451 3019 632 3107 Epuesto.
658 3014 713 3089 Ad
737 3013 900 3111 primum
927 3031 1018 3108 ergo
1042 3011 1123 3086 dico
1143 3011 1243 3105 quod
1259 3018 1369 3086 autor
1386 3012 1544 3106 explieat
1559 3001 1622 3086 su'·

451 3134 669 3229 prascriptas
693 3154 850 3210 coronas
875 3137 1093 3228 apparentes
1117 3131 1154 3205 in
1180 3151 1288 3226 spera
1312 3132 1396 3207 solis
1422 3153 1489 3227 par
1509 3153 1623 3208 unam

450 3254 724 3330 similitudinem
740 3253 1026 3351 imaginativam.
1040 3252 1094 3327 Ad
1107 3252 1215 3328 cuius
1227 3251 1502 3348 intelligentiam
1516 3261 1572 3330 est
1586 3246 1623 3348 (¹)

449 3376 569 3471 primo
596 3375 799 3452 notandum
826 3375 924 3469 quod
950 3381 1101 3450 autores
1130 3373 1366 3468 astronomia
1393 3375 1531 3451 laelunt
1559 3397 1624 3453 seu

450 3495 672 3572 differentias
697 3494 955 3591 quantitativas
981 3495 1017 3568 in
1042 3493 1153 3570 stellis
1178 3501 1318 3570 octavu
1344 3517 1479 3590 sperae3
1497 3502 1536 3571 et
1554 3497 1625 3572 mi-

450 3635 559 3691 nores
586 3624 623 3692 et
648 3615 889 3691 nubilosiores
917 3620 1121 3708 posuerunt
1152 3613 1189 3686 in
1219 3623 1324 3690 serta
1353 3615 1557 3692 differentia
1588 3622 1625 3691 et

451 3736 714 3834 magnitudine.
741 3737 814 3810 lllae
844 3735 891 3810 de
921 3735 1039 3830 prima
1073 3733 1325 3830 magnitudine
1353 3742 1440 3810 sunt
1470 3735 1625 3830 quinde-

451 3857 523 3932 cim
548 3864 617 3932 etc.
644 3856 749 3931 Modo
774 3857 820 3932 ad
846 3855 1072 3951 propositum
1098 3860 1208 3928 autor
1233 3857 1313 3928 rull
1336 3855 1460 3930 dicere
1478 3863 1625 3934 senten·

450 3975 585 4051 tialitar
618 3977 655 4050 ln
688 3976 844 4052 ellectu:
878 3976 907 4051 ai
940 3975 996 4050 ris
1029 3976 1124 4052 bene
1157 3973 1362 4072 intelligere
1393 3975 1553 4050 lormam
1586 3982 1624 4050 et

451 4097 617 4173 ordinem
644 4097 803 4172 duarum
830 4115 1054 4172 coronarum
1081 4096 1251 4192 superius
1274 4096 1541 4192 descriptarum
1568 4097 1624 4174 la·

450 4216 587 4293 ciasin
613 4223 827 4292 mentetua
861 4218 970 4294 talem
1005 4217 1325 4314 imaginationem:
1355 4218 1486 4314 oollige
1515 4218 1624 4311 quin·

450 4337 567 4412 decim
595 4337 717 4412 stellas
742 4336 891 4412 maioris
917 4337 1186 4433 magnitudinis,
1213 4337 1343 4412 deinde
1367 4344 1508 4433 septem
1540 4357 1624 4432 qum

449 4457 587 4534 iaciunt
611 4458 817 4552 plaustrum
843 4457 880 4530 in
905 4457 989 4552 polo
1015 4463 1152 4552 nostro,
1170 4456 1300 4549 deinde
1317 4457 1409 4533 duas
1430 4477 1515 4552 quae
1539 4464 1625 4533 sunt

448 4579 486 4652 in
511 4577 687 4674 principio
705 4577 857 4654 minoris
878 4597 987 4672 ursae,
1014 4584 1052 4652 et
1076 4577 1129 4652 sle
1154 4577 1291 4652 habeas
1316 4577 1623 4675 vigintiquatuor

449 4699 669 4774 carissimas
693 4698 829 4774 stellas:
856 4718 903 4775 ex
929 4698 986 4772 his
1010 4696 1137 4794 viginti
1154 4702 1316 4793 quatuor
1333 4697 1514 4772 eonstitue
1530 4697 1624 4774 duos

510 4960 538 5023 l't
553 4959 585 5010 E.
601 4914 750 5023 implum.
1000 4959 1028 5022 (¹)
1043 4959 1070 5012 S·
1085 4972 1101 5012 a
1117 4959 1149 5012 R
1165 4963 1206 5010 ast
1220 4958 1426 5022 prouolutum.
