4842 6642
976 787 1024 854 88
1366 797 1571 853 oouuuruu
1596 798 1764 853 rnnanrsr

976 943 1022 1018 ad
1049 944 1184 1018 coelum
1210 941 1258 1018 ad
1282 942 1484 1018 dexteram.
1506 942 1625 1038 Aliqui
1643 951 1767 1018 tamen
1784 963 1851 1038 per
1871 961 2001 1017 curam
2018 940 2150 1018 dexte-

974 1084 1054 1137 ram
1085 1068 1123 1138 et
1152 1062 1336 1138 sinistram
1371 1062 1576 1161 intelligunt
1611 1063 1725 1138 vitam
1755 1062 2075 1157 contemplativam
2109 1070 2148 1138 et

973 1185 1152 1260 activam:
1179 1190 1217 1258 et
1241 1183 1343 1258 dicit:
1368 1186 1427 1258 uei
1449 1188 1584 1276 mundi
1606 1187 1706 1278 offici,
1732 1184 1819 1279 quia
1843 1182 1912 1257 luit
1936 1183 2057 1278 primo
2079 1202 2148 1280 ge·

977 1305 1112 1382 neralis
1136 1303 1272 1378 ordinis
1298 1304 1498 1398 minorum,
1515 1304 1645 1380 deinde
1662 1305 1730 1379 luit
1746 1305 1864 1380 hctus
1881 1303 2075 1378 cardinalis
2091 1303 2149 1376 in·

977 1425 1091 1518 vitus3
1117 1429 1154 1499 et
1180 1431 1304 1498 tamen
1328 1443 1534 1519 numquam
1551 1424 1687 1500 dimisit
1707 1424 1870 1500 studium
1891 1423 2153 1519 speculationis

976 1551 1188 1620 sanctarum
1214 1545 1500 1642 seripturarum3
1518 1545 1634 1622 immo
1659 1546 1777 1621 multa
1800 1552 1839 1621 et
1862 1545 1990 1640 pulcra
2008 1544 2149 1640 scripsit

977 1667 1014 1740 in
1039 1686 1143 1740 sacra
1176 1667 1359 1762 theologia
1393 1667 1479 1762 quia
1513 1687 1671 1764 magnus
1702 1667 1831 1741 doctor
1862 1665 1940 1740 luit.
1953 1668 2149 1738 -lllami-

976 1793 1070 1860 aulo.
1097 1786 1161 1860 llic
1177 1787 1438 1862 Bouaventura
1459 1788 1623 1863 nominat
1642 1787 1732 1863 alios
1747 1786 1841 1861 duos
1858 1787 1988 1880 socios,
2004 1786 2147 1862 disens:

976 1909 1175 1981 illuminato
1192 1916 1225 1982 et
1235 1913 1382 2001 Apostiu
1398 1930 1465 1982 soa
1481 1911 1593 2002 paim,-
1614 1907 1670 1982 isti
1687 1907 1838 1983 luerunt
1856 1907 1903 1982 de
1920 1907 2047 2002 primis
2066 1908 2149 1982 imi-

977 2029 1156 2104 tatoribus
1177 2029 1358 2104 Francisci
1373 2021 1433 2123 (¹);
1452 2029 1551 2103 unde
1565 2028 1674 2103 dicit:
1692 2031 1830 2122 closer
1846 2031 1900 2103 dc'
1909 2031 2020 2122 primi
2038 2032 2151 2103 scolzi

971 2146 1239 2244 permutante
1263 2154 1321 2225 nel
1343 2158 1503 2243 oopeslro
1527 2171 1552 2223 u
1576 2153 1646 2224 Dio
1675 2154 1708 2224 sl
1733 2154 1814 2244 sero
1839 2154 1954 2245 omia,
1983 2151 2085 2248 idest,
2113 2153 2150 2226 in
2212 2217 2217 2226 .

978 2272 1105 2346 babitu
1121 2271 1303 2346 Francisci
1315 2263 1365 2365 (¹),
1382 2271 1487 2345 cuius
1504 2270 1636 2346 iratres
1653 2278 1801 2367 portant
1815 2271 1966 2348 cordam
1979 2273 2148 2347 cinctam.

979 2393 1050 2468 Sed
1076 2392 1134 2467 hic
1160 2393 1280 2468 oritur
1304 2391 1504 2469 dubitatio:
1524 2411 1612 2466 cum
1637 2391 1716 2466 istae
1739 2413 1887 2468 coronae
1912 2401 2079 2470 oonstent
2102 2415 2150 2469 ex

979 2513 1086 2589 claris
1099 2513 1322 2607 doctoribus,
1337 2512 1424 2587 viris
1441 2531 1586 2608 magne
1604 2512 1765 2588 scientie
1782 2520 1820 2589 et
1836 2514 2035 2610 sapientiae:
2055 2534 2149 2608 quo

980 2633 1089 2709 modo
1119 2634 1176 2708 isti
1206 2633 1281 2708 duo
1311 2634 1453 2727 iratres,
1479 2632 1545 2727 qui
1574 2631 1724 2708 luerunt
1748 2633 1915 2709 homines
1940 2635 2149 2731 ignorantes

980 2765 1209 2849 reponuntur
1242 2753 1338 2828 inter
1371 2753 1458 2828 istos
1497 2751 1805 2828 litteratissimus?
1839 2753 1891 2828 hd
1929 2755 2148 2829 solutionem

980 2874 1084 2949 istius
1096 2865 1135 2966 (³)
1160 2873 1394 2948 dubitationis
1425 2879 1481 2947 est
1513 2872 1714 2947 notandum
1731 2860 1782 2966 (⁴),
1808 2873 1906 2967 quod
1930 2880 2042 2948 autor
2067 2873 2151 2949 lacit

980 2990 1242 3087 pulcerrimum
1260 2990 1455 3066 fictionem.
1472 2989 1567 3063 Nam
1587 2989 1688 3084 ponit
1703 2995 1742 3064 et
1758 2997 1998 3085 representat
2009 2991 2150 3066 animas

979 3113 1135 3188 istorum
1153 3111 1347 3187 doctorum
1367 3110 1649 3187 selentilioorum
1674 3111 1712 3186 ln
1738 3111 1857 3208 ligura
1879 3114 2070 3188 stellarum
2092 3112 2152 3187 lu·

979 3232 1294 3328 tentissimarum,
1332 3232 1419 3328 quia
1457 3232 1522 3328 qui
1558 3231 1732 3308 erudiunt
1768 3233 1859 3308 alios
1894 3233 2149 3329 adjustitiam

980 3355 1081 3428 velut
1105 3355 1219 3428 stellae
1243 3353 1432 3450 fulgebant
1446 3344 1484 3445 (⁵)
1510 3353 1547 3425 in
1573 3373 1688 3448 reguo
1714 3352 1789 3447 liei,
1808 3359 1850 3426 ut
1878 3353 1930 3428 ait
1955 3355 2147 3449 Propheta.

979 3473 1084 3548 lllodo
1114 3472 1159 3548 ad
1193 3473 1444 3568 propositum:
1470 3472 1632 3568 predicti
1658 3473 1788 3548 iratres
1826 3473 1911 3549 licet
1946 3472 2041 3549 lorte
2078 3495 2153 3549 non

981 3594 1183 3670 erudierint
1213 3595 1271 3668 vel
1302 3592 1468 3668 doctriua
1502 3594 1561 3668 vel
1594 3593 1787 3688 scriptura,
1813 3599 1938 3670 tamen
1970 3614 2085 3689 opere
2114 3602 2151 3670 et

979 3715 1149 3809 exemplo
1182 3714 1278 3788 bene
1314 3713 1589 3790 edificaverunt
1622 3714 1732 3808 allos:
1767 3713 1850 3790 ideo
1890 3714 1937 3790 de
1966 3713 2152 3790 industria

980 3833 1066 3910 lacit
1092 3821 1316 3908 mentionem
1342 3833 1388 3907 de
1413 3833 1506 3927 ipsis.
1522 3872 1572 3887 -
1588 3837 1671 3925 opo.
1699 3834 1764 3908 llic
1795 3835 2055 3910 Bonaventura
2087 3834 2153 3910 de-

979 3954 1104 4030 scribit
1129 3953 1244 4028 alium
1269 3953 1471 4048 doctorem,
1497 3953 1639 4030 dicens:
1666 3959 1741 4047 ligo
1765 3959 1814 4030 do
1838 3958 2036 4030 Sonmuore
2056 3950 2076 4029 θ’
2094 3958 2153 4048 qui

976 4098 1045 4152 coa
1069 4078 1135 4150 elli.
1163 4075 1228 4149 llic
1253 4074 1321 4148 luit
1346 4074 1465 4170 primo
1490 4074 1689 4151 canonicus
1715 4076 1906 4174 regularis,
1927 4076 2059 4154 deindo
2083 4075 2152 4149 luit

977 4196 1176 4274 canonicus
1202 4195 1240 4270 in
1265 4195 1397 4270 Sancto
1423 4195 1569 4271 Victore
1594 4195 1766 4290 Parisius‚
1791 4217 1948 4295 magnus
1967 4197 2097 4272 doctor
2115 4195 2152 4270 in

976 4342 1082 4398 sacra
1101 4319 1283 4416 theologia
1309 4319 1347 4392 in
1373 4319 1565 4394 millesimo
1589 4319 1791 4396 centesimo
1815 4327 1963 4415 octav03
1989 4327 2027 4395 et
2052 4319 2148 4393 mul-

979 4448 1035 4516 tos
1059 4447 1098 4516 et
1123 4440 1272 4536 pulcros
1296 4439 1409 4514 libros
1433 4438 1599 4535 scripslt3
1624 4439 1694 4514 fult
1718 4439 1775 4515 vir
1799 4439 2034 4516 sanctissima:
2054 4438 2149 4514 ritae.

981 4561 1081 4636 Unde
1105 4582 1224 4654 quum
1250 4561 1436 4637 laboraret
1460 4559 1497 4635 in
1523 4561 1710 4656 extremis,
1737 4567 1880 4656 portato
1905 4561 1971 4636 sibi
1996 4581 2153 4656 corpore

977 4681 1120 4775 Christi,
1145 4681 1254 4755 dixit:
1280 4682 1405 4756 anima
1430 4703 1514 4757 mea
1540 4681 1634 4757 vade
1658 4682 1769 4757 simul
1794 4703 1881 4758 curn
1907 4683 2153 4779 Redemptore

1042 4865 1071 4930 (¹)
1087 4867 1117 4918 E.
1134 4868 1202 4918 beati
1217 4869 1356 4921 Frunolsri.
1480 4868 1508 4931 Ρ)
1524 4868 1556 4918 Ε.
1572 4869 1639 4920 beati
1654 4869 1795 4920 Frruclscl.
1919 4869 1947 4932 (⁸)
1963 4869 1994 4920 ll.
2010 4870 2094 4920 buius.

1043 4941 1113 5008 ils·
1129 4943 1271 4994 manuum.
1480 4943 1716 5010 olnlurgeuunt
