4842 6642
915 906 1053 962 CANTUS
1077 907 1206 962 NONUS·
1622 898 1643 962 Ἰ
1727 944 1731 950 -

476 1051 590 1148 tangit
614 1050 892 1126 diuturnitatem
925 1049 1033 1124 famae
1064 1050 1167 1125 istius
1201 1050 1358 1124 hominis
1391 1072 1475 1146 quae
1499 1051 1646 1144 durabit

473 1171 593 1246 adhuc
619 1171 826 1268 quingentis
851 1171 966 1264 anuis,
986 1171 1128 1246 dicens:
1155 1192 1174 1243 e
1199 1179 1317 1263 questo
1342 1175 1524 1245 cmtestmo
1549 1194 1647 1246 anno

474 1290 956 1385 consumptiones,
990 1291 1057 1365 iste
1096 1311 1277 1366 numerus
1314 1292 1548 1367 centenarius
1579 1312 1648 1366 an-

475 1432 609 1486 norum
636 1411 830 1506 quinquies
855 1411 1058 1486 iterabitur.
1092 1410 1299 1486 Currebant
1324 1412 1421 1487 enim
1448 1420 1535 1486 tunc
1560 1412 1647 1486 anni

476 1533 617 1606 Domini
646 1533 743 1607 mitte
768 1532 931 1625 trecenti,
949 1532 1097 1625 quando
1123 1543 1230 1626 poeta
1255 1533 1382 1607 habuit
1401 1553 1508 1608 suam
1535 1533 1647 1606 mira-

477 1652 586 1727 biiem
613 1652 801 1743 visionem,
822 1655 908 1744 prio
940 1655 1001 1726 otc
1032 1655 1161 1738 mucio,
1187 1652 1289 1746 idest,
1320 1661 1520 1748 antequam
1547 1654 1645 1727 sama

477 1773 636 1868 praedicti
668 1772 857 1848 moriatur·
889 1775 933 1847 Et
966 1773 1023 1847 hic
1058 1780 1155 1866 nota,
1182 1773 1282 1869 quod
1311 1771 1471 1867 autor(¹)
1504 1775 1647 1850 videtur

477 1913 650 1989 expresse
674 1893 796 1968 dicere
822 1892 1064 1986 mendacium,
1096 1913 1181 1967 curn
1217 1895 1264 1969 de
1293 1895 1441 1969 homine
1472 1895 1540 1970 isto
1567 1896 1646 1992 jam

477 2033 551 2087 non
571 2013 616 2087 sit
633 2012 730 2088 tama
748 2013 858 2089 etiam
881 2014 916 2086 iu
933 2013 1080 2108 propria
1097 2014 1237 2107 patria:
1265 2013 1346 2088 dico
1366 2015 1527 2090 breviter
1549 2015 1666 2110 quod.

475 2139 585 2206 autor
610 2133 688 2206 vuit
713 2133 868 2208 innuere
893 2134 1013 2226 tacite,
1040 2135 1138 2228 quod
1164 2131 1240 2228 ipso
1265 2133 1406 2208 dederit
1431 2135 1568 2208 tamam
1589 2135 1647 2208 isti

476 2254 619 2329 ratione
643 2254 788 2327 virtutis
805 2255 896 2347 eius,
915 2274 999 2348 quae
1024 2254 1122 2328 sama
1148 2275 1222 2328 non
1249 2254 1428 2328 morietur
1455 2275 1651 2350 usquequo

477 2375 575 2450 viret
600 2375 693 2450 liber
717 2375 795 2468 iste,
822 2375 885 2469 qui
911 2375 1058 2449 durabit
1083 2395 1149 2470 per
1176 2376 1291 2448 multa
1317 2375 1441 2450 secuta
1461 2397 1645 2450 annorum

477 2501 514 2570 et
538 2495 633 2569 sorte
658 2515 724 2590 per
751 2494 861 2570 miliia
887 2515 1083 2589 annorum,
1110 2495 1139 2569 si
1165 2507 1360 2590 possumus
1393 2496 1650 2570 coniecturare

476 2614 524 2690 de
549 2616 695 2708 tuturo,
720 2615 806 2710 quia
827 2615 995 2690 videmus
1012 2617 1196 2710 continuo,
1215 2615 1314 2710 quod
1334 2615 1432 2690 sama
1452 2615 1556 2690 istius
1581 2638 1652 2690 au-

479 2736 568 2810 toris
598 2736 738 2811 crescit.
775 2737 817 2808 Et
846 2755 893 2810 ex
925 2737 993 2810 hoc
1027 2743 1137 2831 autor
1165 2736 1384 2840 exhortatur
1414 2737 1580 2810 homines
1604 2736 1650 2810 ad

480 2857 605 2932 vivere
630 2857 804 2950 virtuose,
831 2863 872 2929 ut
898 2856 966 2932 viri
991 2857 1171 2950 sapientes
1195 2856 1283 2930 dent
1307 2855 1360 2931 eis
1386 2855 1534 2949 samam,
1559 2856 1655 2931 sicut

480 2977 557 3071 ipse
577 2977 656 3072 jam
682 2975 779 3050 dedit
804 2975 969 3068 Cunitiae,
987 2981 1023 3050 et
1048 2974 1147 3049 dabit
1172 2973 1295 3048 Fuico.
1323 2975 1413 3048 Dicit
1439 2995 1549 3070 crgo:
1577 2977 1656 3048 cedi

479 3119 517 3170 se
541 3099 657 3170 tuom
680 3099 712 3168 si
735 3097 789 3170 dc'
799 3097 882 3189 sore
901 3099 1087 3185 eccettcote,
1105 3093 1241 3168 scilicet
1262 3093 1298 3166 in
1324 3093 1471 3186 virtute,
1488 3087 1517 3166 si
1537 3097 1652 3167 ct'ol-

480 3224 538 3288 tro
563 3218 634 3288 otto
660 3218 696 3288 to
717 3218 838 3307 primo
862 3217 1034 3305 relinqua,
1061 3214 1163 3307 idest,
1191 3220 1232 3285 ut
1257 3213 1375 3307 prima
1401 3214 1488 3306 vita,
1505 3213 1653 3308 scilicet,

480 3335 700 3430 temporalis,
719 3335 903 3428 relinquat
922 3335 1031 3408 aliam
1052 3335 1163 3408 vitam
1182 3341 1398 3428 perpetuam
1417 3355 1483 3428 per
1501 3335 1649 3408 tamam.

479 3456 564 3531 ideo
596 3457 691 3530 bene
719 3455 805 3529 dicit
832 3455 1095 3542 Quintilianus:
1131 3458 1304 3542 Quoniam
1332 3455 1524 3545 derupotor
1553 3456 1654 3528 nobis

480 3581 539 3653 dio
565 3581 691 3668 mooe,
712 3579 949 3666 relinquamus
974 3577 1117 3666 aliquid,
1145 3595 1214 3666 quo
1238 3595 1305 3648 nos
1330 3577 1458 3648 umore
1482 3583 1650 3648 cesum.

480 3698 582 3773 Unde
609 3703 705 3790 nota,
732 3697 829 3790 quod
856 3695 1072 3770 naturaiiter
1102 3696 1213 3768 homo
1246 3695 1355 3768 habet
1385 3695 1561 3789 triplicem
1587 3717 1653 3790 np-
1743 3699 1752 3712 “

481 3819 646 3914 petitum,
666 3815 904 3892 conservandi
930 3816 1064 3906 scilicet
1089 3814 1331 3908 individuum,
1357 3815 1528 3908 speciem,
1547 3821 1584 3919 pt
1600 3816 1655 3889 sa-

483 3944 662 4031 mam,»ut
691 3937 832 4012 dicetur
862 3937 983 4011 adhuc
1012 3938 1048 4010 iu
1078 3937 1146 4010 isto
1176 3937 1346 4029 capituto.
1368 3977 1418 3990 -
1438 3941 1471 4009 Ε
1499 3929 1568 4009 oid:
1590 3937 1655 4010 Hic

482 4059 625 4134 Cunitia
658 4079 704 4133 ex
733 4057 836 4132 dictis
865 4056 950 4131 iacit
977 4077 1090 4130 unam
1122 4056 1410 4150 increpationem
1443 4056 1489 4130 ad
1522 4057 1600 4130 ilios
1616 4048 1655 4149 (¹)

482 4179 528 4258 de
553 4178 738 4272 provincia
764 4198 843 4270 sua,
870 4177 932 4271 qui
958 4177 1064 4251 hodie
1091 4176 1219 4249 vivunt
1245 4177 1382 4249 vitiose.
1409 4175 1453 4248 Et
1474 4175 1593 4270 primo
1618 4176 1655 4250 in
1773 4253 1777 4262 ⁴

482 4299 656 4398 generati,
690 4297 898 4372 describens
935 4297 1069 4372 iterum
1109 4296 1335 4392 provinciam
1370 4318 1392 4370 a
1431 4295 1653 4390 ttrrminibus,

482 4417 591 4493 dicit:
618 4423 651 4490 Ε
664 4420 701 4490 to
717 4417 820 4490 tarda
834 4424 1006 4509 presente,
1025 4415 1126 4509 idest,
1144 4437 1235 4513 gens
1253 4415 1441 4508 moderna,
1459 4437 1531 4489 non
1546 4437 1657 4509 pereso
1757 4401 1760 4406 ’

482 4533 549 4628 oid,
575 4536 720 4630 scilicet,
755 4537 881 4611 vivere
911 4536 1085 4628 virtuose,
1120 4542 1158 4610 ct
1190 4555 1257 4629 per
1290 4555 1519 4628 consequens
1545 4537 1657 4610 retiu-

484 4677 600 4752 quere
624 4657 773 4750 samam,
799 4660 871 4747 cte,
898 4655 1001 4748 idest,
1027 4675 1139 4749 quam
1165 4661 1327 4750 gentem,
1359 4659 1595 4746 Topttomento
1624 4663 1658 4728 et

484 4781 590 4852 Adice
613 4780 791 4854 rtcttude:
816 4775 1083 4850 Tatiamentum
1110 4781 1166 4849 est
1195 4775 1334 4848 flumen
1359 4776 1555 4870 provinciae
1587 4777 1659 4850 Ve-

1572 4944 1653 4953 ——-

547 5033 576 5098 (¹)
593 5035 622 5086 x.
638 5039 819 5088 aetornum:
834 5047 953 5100 expresse
969 5035 1032 5086 dtoit
1046 5035 1220 5086 mendacium.
1377 5033 1406 5097 (¹)
1421 5040 1444 5095 t,
1460 5035 1533 5086 ulios·
