4842 6642
834 841 975 897 caurus
997 825 1226 896 ruroesmus
1542 825 1611 894 tte

437 1003 504 1075 per
535 984 671 1056 oednsr'
702 985 843 1058 adorno
878 986 1021 1077 quondo
1056 979 1233 1078 dommo,
1276 981 1379 1076 idest,
1420 981 1546 1058 territis
1577 985 1617 1057 et

439 1101 642 1196 abundans,
658 1106 717 1178 net
741 1107 847 1178 verde
870 1127 890 1178 e
914 1109 972 1180 nei
991 1109 1134 1198 storettr',
1151 1103 1299 1196 scilicet,
1316 1109 1484 1198 tempore
1507 1100 1616 1180 veris.

440 1224 485 1296 Et
510 1229 596 1298 uota
621 1224 722 1317 quod
745 1232 856 1300 autor
890 1226 974 1301 iacit
1004 1225 1062 1302 bio
1094 1227 1256 1301 colorem
1285 1223 1525 1316 rhetoricum,
1551 1221 1616 1316 qui

441 1343 576 1420 dicitur
600 1344 840 1441 confirmatio,
867 1346 954 1440 quia
978 1346 1145 1421 attribuit
1169 1347 1431 1444 proprietatem
1459 1343 1511 1420 rei
1536 1342 1617 1418 aui-

443 1470 554 1540 matae
579 1463 642 1538 rei·
658 1464 887 1559 inanimatae3
911 1466 974 1542 dat
998 1467 1097 1542 enim
1125 1466 1250 1542 videre
1271 1465 1488 1557 monticulo,
1515 1461 1616 1557 quod

443 1592 499 1661 est
516 1585 705 1681 proprium
733 1585 846 1680 ipsius
863 1587 1019 1662 bominis
1038 1587 1190 1662 videntis
1207 1571 1327 1683 ipsum
1353 1584 1615 1662 monticulum:

444 1713 483 1780 et
506 1711 561 1782 ost
586 1707 831 1800 pulcerrimus
857 1708 989 1784 modus
1013 1708 1197 1804 loquendi,
1223 1728 1337 1802 quem
1372 1704 1478 1782 vaide
1512 1723 1617 1780 com·

444 1825 594 1900 mendat
611 1826 821 1904 Aristoteles
838 1828 874 1902 in
890 1850 960 1905 sua
981 1831 1132 1925 poetria,
1149 1837 1187 1905 et
1202 1829 1265 1904 dat
1281 1827 1330 1903 ibi
1347 1820 1383 1922 (¹)
1402 1823 1617 1920 exemplum

443 1947 710 2041 pulcerrimum
729 1956 798 2024 etc.
817 1951 861 2024 Et
882 1949 997 2047 tangit
1013 1950 1241 2025 latitudinem
1263 1949 1484 2023 immensam
1508 1946 1618 2020 buius

444 2067 593 2142 luminis
617 2067 806 2145 circularis
830 2091 993 2168 arguens
1016 2092 1040 2146 a
1067 2051 1199 2145 minori
1222 2070 1293 2144 sic:
1319 2092 1338 2144 e
1363 2071 1399 2144 ta
1425 2070 1618 2159 iurpbezzu

446 2192 485 2262 di
508 2197 627 2282 queem
650 2211 751 2281 roso,
776 2190 880 2285 idest,
905 2191 1008 2266 istius
1032 2191 1181 2266 luminis
1205 2191 1289 2266 coeii
1315 2189 1492 2286 empyrei,
1519 2187 1618 2284 quod

446 2316 502 2385 est
519 2309 556 2384 iu
577 2310 695 2386 formu
711 2311 875 2387 mediore
892 2332 997 2405 rosae,
1016 2320 1058 2386 ut
1073 2319 1183 2387 autor
1202 2311 1446 2387 manifestabit
1463 2311 1499 2383 in
1517 2309 1619 2406 priu-

444 2429 539 2527 oipio
554 2433 742 2525 sequentis
761 2433 920 2528 capituti,
938 2440 1069 2526 quanto
1084 2430 1106 2508 e*
1119 2436 1350 2508 neitmtreme
1371 2435 1492 2528 sophir,
1513 2430 1617 2525 idest,

445 2558 627 2646 quantum
652 2552 761 2628 debet
786 2554 928 2628 esseio
954 2554 1198 2649 extremitate,
1224 2555 1329 2650 idest,
1354 2555 1391 2630 iu
1417 2555 1615 2630 circumse-

445 2673 574 2767 reutia,
600 2675 706 2770 quasi
731 2674 846 2749 dicat:
866 2675 1127 2750 muitissimum
1144 2674 1222 2750 sive
1242 2675 1456 2770 plurimum,
1472 2698 1511 2751 se
1527 2679 1549 2750 t’
1559 2680 1616 2750 ire.

441 2796 525 2886 fimo
549 2797 681 2889 prodo,
708 2794 813 2889 idest,
838 2795 980 2870 bassior
1004 2816 1119 2891 prope
1143 2785 1323 2870 circulum
1347 2817 1452 2891 rosae,
1471 2795 1534 2870 ubi
1561 2803 1617 2870 est

443 2915 519 3010 lux,
544 2919 720 3009 ruccopiic
742 2920 781 2990 in
803 2913 843 2992 od
864 2909 896 2990 si
917 2919 1058 3007 prande
1082 2918 1185 3004 turre,
1210 2916 1315 3010 idest,
1341 2917 1436 3012 capit
1462 2923 1500 2992 et
1525 2937 1615 2992 cou-

444 3035 534 3112 tinet
559 3038 669 3112 talem
695 3045 732 3113 et
757 3043 897 3113 mutam
922 3037 1184 3112 lucem-Lo
1204 3040 1303 3110 viem.
1326 3038 1391 3113 Hie
1415 3044 1525 3113 autor
1551 3038 1617 3114 de-

443 3155 568 3230 scribit
594 3178 768 3254 magnam
794 3158 992 3254 potentiam
1019 3157 1076 3232 sui
1108 3157 1209 3232 visen
1235 3158 1298 3253 qui
1324 3158 1615 3253 comprehende·
1743 3174 1748 3183 ’

442 3279 660 3374 bat-totum,
687 3278 735 3355 ita
761 3278 861 3374 quod
886 3279 1047 3375 precatio
1075 3278 1248 3374 superius
1281 3279 1376 3355 iacta
1406 3279 1454 3354 ab
1483 3286 1619 3355 autore

443 3398 537 3474 beue
562 3407 644 3474 erut
668 3399 858 3493 exaudita3
885 3399 984 3474 uude
1007 3398 1112 3474 dicit:
1139 3403 1192 3471 Lu
1218 3402 1307 3474 virtu
1332 3403 1417 3492 mia,
1443 3399 1536 3474 idest
1553 3421 1619 3496 ρο·

289 3503 294 3512 ’
442 3519 555 3594 tentia
581 3519 695 3595 visiva
724 3520 1089 3612 intellectualium
1116 3524 1149 3594 ei
1174 3523 1358 3594 emurriou
1391 3523 1470 3595 neit
1483 3525 1616 3614 empto,

442 3641 545 3736 idest,
571 3641 773 3734 latitudine,
794 3663 814 3713 e
837 3644 915 3715 nrit'
929 3644 1077 3734 alterae,
1104 3661 1164 3714 rna
1189 3649 1273 3716 totto
1292 3641 1486 3734 prendere,
1512 3642 1615 3735 idest,

443 3762 481 3836 in
498 3769 618 3837 totum
644 3761 989 3856 comprehendebat,
1007 3765 1034 3834 it
1049 3769 1179 3855 quanto
1196 3765 1253 3836 e’i
1268 3765 1383 3854 prate,
1401 3763 1505 3856 idest,
1523 3781 1617 3874 que-

443 3883 582 3958 iitatem
608 3889 647 3958 ot
671 3881 925 3976 quantitatem,
950 3884 988 3957 di
1012 3885 1125 3974 poetic
1151 3885 1365 3975 otieprezzu,
1391 3883 1495 3977 idest,
1522 3883 1619 3962 iilius

443 4003 536 4078 lucis
561 4002 765 4097 iumiuosae,
789 4023 874 4097 que
898 4001 1060 4077 continet
1085 4003 1247 4078 intruso
1271 4007 1422 4080 omnem
1444 4004 1618 4099 iaetitiam,

443 4125 723 4202 delectationem
741 4129 778 4199 et
797 4123 1072 4217 beatitudinem,
1090 4123 1176 4218 quia
1195 4124 1244 4199 ibi
1263 4131 1319 4200 est
1338 4145 1530 4199 summum
1552 4119 1619 4199 bo-

442 4267 547 4320 num.
561 4251 764 4320 -Presro
790 4244 856 4319 iiic
880 4251 991 4320 autor
1022 4245 1217 4341 respondet
1248 4246 1395 4322 cuidam
1428 4245 1619 4342 questioni

444 4366 584 4460 tacitae3
618 4373 740 4463 posset
772 4365 870 4440 enim
906 4364 973 4440 sibi
998 4365 1126 4440 obiici:
1158 4366 1345 4460 quomodo
1370 4365 1459 4444 dicio
1487 4385 1618 4442 verum

445 4486 544 4582 quod
571 4493 613 4560 tu
637 4485 961 4582 comprehenderis
984 4505 1073 4562 cum
1099 4485 1179 4560 visu
1197 4485 1475 4581 amptitudinem
1503 4491 1541 4561 et
1565 4485 1622 4560 ai-

445 4607 637 4682 titudiuem
663 4606 759 4682 iiiios
783 4607 867 4682 eoeii
892 4607 1081 4704 empyrei?
1106 4605 1202 4681 istud
1229 4605 1374 4681 videtur
1398 4602 1620 4702 impossibiie

445 4749 512 4824 per
537 4734 724 4822 naturam,
748 4727 849 4823 quod
866 4727 1026 4823 potentio
1044 4726 1157 4802 visita
1174 4727 1271 4801 ocuii
1295 4727 1447 4804 humani
1475 4735 1619 4804 tantum

1537 4898 1621 4910 *—

508 4985 535 5047 (¹)
551 4984 583 5036 B.
598 4991 626 5036 et
640 4986 685 5038 tn
699 4987 748 5038 ribi
760 4987 911 5052 exemptum
927 4988 1116 5052 puicerrimum
1133 4995 1163 5040 ut
1178 4989 1215 5040 ibi
1229 4994 1280 5042 ete.
1297 4989 1339 5041 Et.
