4842 6642
798 792 895 880 'ott
1210 819 1416 880 comennnnr
1440 821 1607 878 nmnnrst

746 1034 751 1042 .
820 968 1041 1064 notissimus,
1053 969 1149 1044 sient
1165 976 1267 1066 patet
1283 989 1329 1045 ex
1347 969 1535 1065 premissa
1552 965 1720 1043 oratione
1732 965 1941 1042 dulcissima
1953 973 1991 1040 et

818 1089 898 1165 aliis
913 1089 1038 1164 multis
1055 1109 1148 1185 quas
1172 1089 1257 1164 ridi.
1281 1090 1324 1166 tn
1344 1109 1434 1165 vere
1450 1089 1661 1167 Bernardus
1680 1087 1749 1163 init
1766 1088 1884 1162 bonus
1903 1106 1990 1162 ora·

819 1219 889 1307 tor,
905 1216 943 1285 et
959 1210 1113 1285 faciliter
1132 1217 1170 1286 et
1186 1210 1382 1286 allablliter
1398 1209 1488 1285 dixit
1505 1209 1645 1285 bonurn
1665 1216 1703 1285 et
1729 1208 1882 1302 malum,
1898 1205 1992 1281 sient

817 1330 864 1406 de
888 1331 1051 1407 romanis
1076 1337 1114 1408 et
1138 1329 1296 1427 prelatis
1314 1349 1479 1406 romane
1497 1329 1672 1426 ecclesie,
1690 1338 1732 1405 ut
1749 1329 1824 1405 dixi
1840 1329 1878 1403 in
1895 1349 1994 1425 prae.

817 1451 960 1529 cedenti
980 1451 1152 1547 capitulo,
1169 1471 1214 1524 ne
1229 1453 1460 1542 dimostroro,
1478 1450 1614 1526 scilieet
1631 1450 1719 1525 mibi
1736 1455 1774 1524 et
1790 1447 1991 1542 Bernerdo‚

819 1578 949 1665 quomo
973 1574 988 1645 i
1010 1573 1125 1646 devoti
1143 1572 1284 1664 oriendi
1300 1574 1332 1644 te
1349 1591 1417 1648 sort
1431 1573 1541 1663 orati,
1559 1569 1610 1644 ita
1635 1569 1790 1646 libenter
1815 1575 1854 1644 et
1878 1566 1993 1642 firmi-

821 1700 878 1768 ter
902 1691 1133 1769 auscultavit.
1160 1692 1204 1765 Et
1229 1692 1361 1787 probat
1385 1692 1456 1767 boo
1481 1710 1548 1787 per
1568 1689 1761 1785 elleotnm3
1778 1689 1993 1766 auscultatis

820 1811 990 1910 precibus
1015 1813 1191 1888 continuo
1217 1812 1329 1887 Maria
1355 1811 1490 1888 levavit
1513 1811 1643 1887 oeulos
1667 1811 1714 1887 ad
1739 1810 1867 1886 lumen
1883 1818 1992 1885 aeter·
2022 1813 2024 1816 ’

820 1954 922 2008 num.
955 1931 1047 2010 [linit
1080 1953 1191 2029 ergo:
1226 1933 1314 2026 ordi,
1342 1931 1446 2028 idest,
1480 1931 1611 2007 deinde
1643 1930 1693 2006 illi
1727 1929 1824 2006 oculi
1857 1929 1992 2024 Mariae,

820 2057 853 2127 ri
886 2055 1060 2128 drizznro
1092 2055 1132 2126 nt
1163 2055 1254 2127 tome
1277 2059 1395 2128 eterno
1401 2077 1418 2148 ;
1443 2058 1481 2128 et
1513 2051 1618 2127 dicit:
1644 2052 1704 2124 net
1725 2052 1823 2144 quot,
1845 2049 1991 2144 scilicet,

821 2173 972 2268 lumine,
990 2178 1109 2248 nonai
1132 2177 1194 2250 dee
1219 2176 1344 2249 creden
1359 2175 1419 2248 ode
1435 2173 1584 2247 lorello
1599 2174 1740 2264 stood,
1760 2171 1863 2265 idest,
1881 2191 1993 2266 pene-

820 2297 895 2368 tret
911 2299 949 2368 et
962 2293 1074 2368 intret
1086 2293 1124 2367 in
1136 2292 1185 2388 id,
1195 2313 1263 2388 per
1280 2300 1447 2368 creanra
1463 2299 1560 2368 mato
1575 2293 1719 2367 edtnro:
1731 2293 1801 2368 bon
1821 2291 1992 2386 estquod

820 2413 921 2487 nulla
946 2420 1119 2489 creatura
1143 2421 1219 2489 tem
1245 2413 1411 2511 angelica
1443 2431 1557 2508 quam
1589 2413 1749 2487 bunnam
1785 2418 1861 2487 tam
1892 2411 1992 2486 clare

820 2532 918 2610 videt
942 2533 1061 2608 Deum
1086 2533 1181 2609 sient
1206 2533 1318 2610 Maria
1332 2527 1383 2626 (¹).
1410 2533 1455 2608 Et
1480 2531 1538 2608 bie
1572 2537 1659 2606 nota
1692 2531 1792 2626 qnod
1817 2550 1883 2627 per
1909 2550 1991 2606 ere·

820 2653 980 2728 ctionem
1006 2653 1202 2728 oculorum
1228 2653 1363 2747 Marino,
1380 2653 1459 2728 sive
1476 2651 1731 2746 elevationem,
1748 2656 1858 2726 antor
1884 2650 1992 2726 tacite

821 2774 884 2850 dat
907 2773 1056 2872 intelligi
1082 2776 1182 2870 qnod
1207 2775 1319 2851 blaria
1340 2773 1467 2850 leoerit
1482 2773 1688 2849 orationem
1714 2771 1761 2848 ad
1784 2771 1905 2848 beorn
1926 2791 1994 2867 pro

822 2903 965 2970 autore
979 2901 1087 2970 -Et
1106 2899 1153 2970 io.
1180 2895 1246 2970 llio
1270 2900 1381 2970 antor
1406 2894 1507 2992 ponit
1532 2893 1704 2970 ellectum
1725 2891 1901 2967 orationis
1917 2893 1994 2966 bla-

823 3015 900 3109 rioe,
926 3016 1012 3110 qnia
1038 3015 1159 3091 statim
1186 3015 1255 3091 init
1278 3021 1472 3092 contentos
1488 3005 1526 3108 (¹)
1554 3013 1726 3106 omnino;
1760 3013 1859 3090 unde
1888 3012 1993 3089 dicit:

826 3141 868 3210 tn
881 3140 931 3228 io,
944 3137 1091 3231 seilicet,
1109 3143 1218 3232 poeta
1234 3137 1381 3230 Dentes,
1395 3137 1454 3210 ode
1471 3136 1821 3229 m'npproptoqnnva
1840 3136 1880 3208 al
1894 3136 1946 3227 {tn
1959 3135 1997 3206 di

824 3259 898 3330 tntti
920 3249 1022 3350 Μ’
1041 3256 1143 3351 idest,
1170 3256 1233 3352 qni
1259 3256 1561 3352 approximabam
1587 3255 1675 3352 Deo,
1699 3253 1761 3330 ubi
1782 3255 1997 3348 quietantnr

822 3375 989 3452 omniurn
1015 3383 1102 3452 rote
1126 3384 1164 3452 et
1188 3376 1380 3471 desiderio,
1406 3377 1500 3452 siout
1537 3375 1757 3473 predixerat
1785 3375 1852 3451 sibi
1883 3393 1996 3470 supra

821 3496 916 3572 alins
948 3497 1006 3571 vir
1043 3513 1201 3571 somme
1239 3495 1565 3592 contemplationis,
1590 3495 1725 3571 seilicet
1764 3494 1997 3586 Benedictus,

822 3616 916 3692 sicut
932 3623 1033 3712 patet
1048 3615 1209 3712 capitulo
1225 3617 1335 3691 buius
1348 3616 1520 3710 Paradisi,
1531 3618 1609 3709 finti
1623 3617 1768 3690 tardor
1784 3616 1843 3688 del
1857 3615 1993 3688 deside-

821 3740 879 3810 rio
895 3729 926 3810 ri
941 3740 1029 3810 oom'
1040 3740 1077 3810 io
1092 3740 1242 3828 dooeno,
1260 3737 1346 3832 quin
1363 3737 1464 3832 justo
1484 3735 1558 3811 line
1576 3733 1744 3810 omnium
1764 3753 1892 3810 rernm
1907 3732 1996 3807 nihil

823 3855 919 3932 ultra
945 3857 1123 3932 debebam
1141 3863 1207 3932 ant
1225 3864 1391 3952 poteram
1412 3855 1632 3932 desiderare·
1646 3895 1696 3911 —
1709 3857 1909 3930 Benardo.
1930 3853 1996 3930 llio
2052 3897 2061 3917 ·

822 3983 932 4051 antor
948 3975 1105 4052 ostendit
1125 3973 1337 4052 continuam
1356 3974 1559 4051 doctrinam
1578 3974 1746 4052 caritanti
1759 3965 1798 4068 (θ)
1819 3973 1996 4071 magistri.

823 4095 916 4173 llicit
931 4116 1041 4193 ergo:
1060 4099 1250 4172 Bmtordo
1274 4099 1320 4171 m'
1333 4117 1536 4171 ooomnnna
1555 4098 1674 4190 prrol'
1687 4099 1722 4170 io
1745 4097 1939 4188 nuordossi
1958 4097 1998 4168 in

822 4237 918 4311 serso,
938 4237 1006 4312 per
1030 4217 1119 4292 illud
1144 4219 1272 4292 lumen
1297 4223 1493 4312 aeternnm,
1511 4239 1530 4291 e
1550 4218 1749 4310 moron,
1767 4215 1872 4311 qnasi
1891 4215 1998 4290 letus

822 4336 966 4413 dioens:
993 4357 1091 4412 nunc
1114 4337 1226 4412 babes
1243 4335 1420 4431 quidquid
1446 4342 1548 4413 tanto
1565 4356 1678 4433 opere
1696 4336 1827 4432 petisti,
1846 4341 1999 4412 ettam·

822 4456 885 4532 din
905 4456 1128 4532 desiderasti.
1146 4455 1191 4532 nt
1206 4456 1293 4532 dicit
1310 4456 1410 4551 qnod
1426 4462 1508 4533 erat
1524 4457 1605 4533 talis
1624 4456 1832 4554 discipulus,
1847 4447 1998 4550 qualern

822 4577 884 4651 ille
907 4575 1037 4651 doctor
1060 4576 1310 4672 desiderabat;
1337 4576 1437 4651 unde
1460 4576 1565 4652 dicit:
1592 4595 1652 4650 mo
1682 4580 1717 4650 io
1745 4596 1812 4650 era
1842 4564 1904 4667 oid
1929 4595 1999 4667 per

824 4715 879 4769 me
901 4703 1010 4771 stesso
1035 4699 1087 4771 tat
1109 4699 1194 4790 qnnt
1217 4699 1249 4770 ei
1273 4699 1387 4790 nolon,
1410 4695 1515 4790 idest,
1532 4702 1610 4798 tam
1629 4697 1724 4772 bene
1749 4694 1943 4791 dispositus
1962 4701 2000 4770 et

886 4885 914 4947 υ)
930 4885 961 4935 n.
978 4884 1059 4949 vrgo
1075 4884 1167 4935 narra.
1357 4879 1386 4946 ι’)
1403 4883 1434 4936 Β.
1452 4889 1590 4936 maneres
1604 4883 1706 4946 aarum
1721 4845 1800 4934 unes.

887 4958 961 5024 on
978 4961 1106 5012 ennon
1122 4961 1249 5025 magnos
