4842 6642
987 791 1056 857 100
1374 800 1579 857 concrum
1604 800 1773 856 11111111

984 947 1210 1022 necessitate.
1238 947 1302 1020 l'st
1332 965 1424 1042 ergo
1449 945 1508 1020 bic
1532 945 1734 1021 notandum
1765 951 1835 1020 etc.
1848 985 1898 1000 —
1915 947 2052 1034 01111111
2089 943 2155 1018 llic

983 1067 1154 1143 describit
1180 1086 1393 1162 processum
1420 1066 1516 1140 illius
1540 1065 1742 1161 splendoris
1761 1064 1871 1139 divini
1898 1065 1935 1139 in
1959 1063 2160 1161 spirituali·

983 1187 1053 1262 bus
1078 1187 1125 1262 ad
1155 1186 1359 1282 corporalia
1373 1179 1425 1280 (¹),
1454 1186 1598 1262 dicens:
1628 1192 1666 1261 et
1696 1185 1757 1260 ille
1786 1185 1968 1282 splendor,
1996 1186 2158 1258 1111111111

984 1311 1117 1402 mindi,
1146 1307 1251 1400 idest,
1275 1307 1323 1380 ab
1348 1305 1424 1380 istis
1447 1305 1659 1381 substantiis
1682 1305 1867 1402 angelicis,
1889 1307 2074 1379 dtutdm
2090 1325 2158 1397 po·

984 1435 1094 1520 onze,
1123 1426 1271 1520 scilicet,
1296 1426 1418 1500 stellas
1443 1433 1481 1502 et
1505 1425 1679 1521 planetas,
1707 1421 1768 1518 piri
1792 1428 1909 1500 dotto
1933 1429 1970 1500 in
2002 1432 2096 1498 otto:
2119 1431 2158 1498 et

983 1549 1088 1623 dicit:
1116 1555 1211 1620 tono
1236 1550 1442 1639 dioecendo,
1468 1546 1614 1640 scilicet,
1640 1546 1893 1622 descendendo
1909 1547 1957 1622 ad
1973 1547 2155 1632 elementa

983 1675 1021 1744 et
1050 1687 1110 1742 res
1141 1666 1360 1757 materiales,
1385 1669 1446 1740 cte
1466 1661 1529 1759 piri
1564 1686 1638 1740 non
1672 1669 1727 1761 so,
1756 1665 1904 1760 scilicet,
1933 1664 2156 1758 descensivc,

981 1790 1042 1862 obe
1066 1789 1164 1860 orent
1187 1791 1428 1878 nonanoeane,
1445 1787 1549 1879 idest,
1568 1786 1798 1861 immediatas
1813 1786 2072 1882 generationes
2096 1805 2157 1860 re·

982 1927 1066 1981 mm
1084 1898 1120 2000 (²)
1148 1907 1453 2001 corruptibilium.
1471 1907 1516 1980 lit
1532 1926 1581 1980 ne
1597 1905 1766 1981 rideatur
1782 1907 1940 1980 obscure
1956 1905 2157 2000 procedere

981 2029 1105 2104 subdit
1129 2027 1427 2122 declarationem,
1453 2026 1649 2102 osteudens
1673 2026 1762 2120 quid
1786 2025 1964 2124 intelligat
1981 2047 2048 2122 per
2067 2047 2158 2100 con·

982 2149 1187 2247 tingentias,
1213 2150 1355 2224 dicens:
1388 2171 1409 2221 e
1439 2150 1719 2240 1111111111
1746 2151 1973 2240 mminpeow
2002 2169 2096 2222 esser
2126 2152 2158 2222 le

981 2291 1060 2345 cose
1084 2277 1262 2362 pmoao,
1288 2269 1391 2362 idest,
1417 2268 1486 2342 ista
1510 2268 1684 2344 interiora
1699 2277 1877 2365 generata
1899 2267 2081 2344 mediante
2100 2269 2157 2342 in·

982 2389 1133 2466 liuentia
1159 2390 1263 2482 coeli3
1290 2390 1388 2464 unde
1417 2389 1522 2464 dicits
1552 2391 1613 2463 cte
1644 2392 1673 2462 il
1703 2391 1768 2463 ciel
1784 2391 1944 2483 produce
1971 2393 2156 2480 monendo,

981 2511 1082 2605 idest,
1109 2517 1213 2585 motu
1241 2532 1321 2606 suo,
1346 2531 1414 2584 con
1437 2531 1529 2585 seme
1553 2531 1572 2584 e
1594 2530 1705 2584 serso
1728 2531 1832 2602 senc,
1851 2515 1892 2584 ut
1907 2518 2096 2586 automata
2116 2523 2155 2589 et

980 2631 1051 2706 alia
1074 2651 1142 2726 pro
1167 2651 1207 2706 se
1233 2632 1398 2706 virentia.
1413 2635 1529 2704 -Lo
1552 2651 1637 2704 cero
1662 2633 1700 2704 di
1722 2637 1872 2703 costoro.
1907 2630 1973 2704 llic
1996 2631 2155 2704 Tbomas

980 2771 1028 2826 ex
1053 2751 1157 2827 dictis
1182 2752 1306 2848 arguit
1331 2751 1518 2846 quomodo
1542 2759 1582 2826 et
1608 2750 1705 2826 unde
1730 2750 1794 2825 liat
1817 2749 2009 2828 diversitas
2025 2750 2156 2825 inistis

980 2872 1228 2978 generalibus,
1254 2870 1396 2947 diceus:
1414 2875 1467 2945 Lo
1482 2891 1580 2962 coo,
1597 2871 1700 2965 idest,
1719 2871 1874 2946 materia
1893 2891 2021 2946 rerum
2038 2891 2153 2968 gene·

982 2993 1165 3086 rabilium,
1191 3014 1210 3065 e
1234 2995 1289 3066 otri
1312 2995 1350 3065 to
1377 2995 1474 3086 duce,
1510 2993 1614 3085 idest,
1645 2997 1683 3066 et
1716 2991 1805 3066 illud
1839 2992 1938 3085 quod
1968 2990 2084 3088 gignit
2116 2999 2156 3066 et

839 3127 843 3137 ‘
981 3114 1167 3212 gubernat
1186 3114 1292 3187 istam
1311 3113 1517 3208 materiam,
1535 3119 1623 3208 puta
1640 3113 1789 3206 coelum,
1807 3112 1907 3206 qnod
1923 3120 1979 3188 est
1994 3113 2152 3210 sigillum

981 3234 1076 3308 illius
1101 3252 1209 3326 cerae,
1236 3253 1308 3306 non
1332 3239 1388 3306 sto
1413 3235 1448 3306 d’
1460 3253 1509 3306 nn
1534 3235 1653 3324 modo,
1679 3233 1766 3326 qnia
1782 3232 1904 3327 aliqua
1925 3239 2012 3308 sunt
2030 3232 2154 3330 proxi-

981 3354 1099 3427 miora
1113 3352 1242 3447 primae
1255 3372 1390 3444 causae,
1402 3352 1525 3446 aliqua
1539 3351 1758 3445 remotiora;
1776 3359 1815 3426 et
1831 3353 2055 3448 proximiora
2073 3355 2154 3448 plus

981 3475 1161 3570 recipiunt
1187 3493 1299 3567 quarn
1328 3479 1491 3565 remota3
1518 3472 1599 3547 ideo
1628 3472 1731 3547 dicit:
1762 3471 1893 3566 eperd
1920 3477 1985 3566 poi
2008 3476 2153 3565 uotum,

978 3595 1116 3670 scilicet
1141 3593 1213 3686 illa,
1234 3589 1298 3686 piri
1322 3614 1480 3684 emeno,
1505 3593 1708 3668 secundnm
1729 3593 1829 3687 qnod
1854 3601 1911 3668 est
1936 3593 2154 3688 receptibilis

979 3713 1138 3808 luminis,
1163 3721 1252 3788 sotto
1268 3717 1294 3786 'l
1310 3735 1420 3805 regno
1443 3716 1567 3805 ideole,
1586 3713 1689 3807 idest,
1706 3713 1823 3810 sigillo
1845 3713 2006 3807 formali,
2023 3719 2060 3788 et
2080 3713 2153 3786 snb

979 3833 1040 3909 tali
1066 3833 1236 3927 exemplo
1257 3833 1355 3927 quod
1382 3840 1439 3908 est
1463 3833 1500 3906 in
1525 3840 1661 3928 mente,
1678 3854 1703 3908 a
1722 3854 1798 3927 quo
1817 3832 1965 3908 artificis
1981 3832 2151 3926 exemplo

979 3975 1039 4029 res
1064 3959 1240 4052 generata
1273 3953 1489 4048 producitur
1518 3954 1556 4028 in
1586 3975 1678 4030 esse.
1712 3956 1756 4028 Et
1788 3953 1983 4030 confirmat
2012 3954 2148 4029 dictum

978 4096 1089 4148 suum
1108 4095 1175 4169 per
1192 4073 1365 4148 ellectum
1378 4074 1467 4148 dum
1486 4073 1626 4149 subdit:
1644 4077 1802 4166 ond’epti
1816 4078 1941 4150 oooieo
1956 4077 2061 4149 ctr’no
2079 4095 2151 4147 me-

977 4198 1110 4270 dcsimo
1135 4197 1239 4287 tegno
1262 4197 1414 4270 secondo
1431 4199 1554 4288 specte,
1575 4195 1679 4289 idest,
1698 4215 1814 4269 unum
1836 4203 1875 4270 et
1891 4195 1986 4271 idem
2008 4197 2148 4292 lignum

978 4315 1109 4410 specie,
1136 4320 1250 4410 trutto
1278 4317 1405 4407 mcpdo
1428 4318 1609 4409 epeppto,
1634 4315 1729 4390 sicut
1762 4315 1931 4390 ridemus
1963 4315 2010 4391 de
2041 4315 2150 4409 taem,

978 4435 1077 4528 quod
1103 4436 1230 4510 multer
1254 4436 1408 4510 arbores
1431 4434 1595 4510 eiusdem
1617 4435 1762 4530 speciei,
1783 4443 1870 4530 puta
1891 4434 1994 4531 licus,
2014 4435 2150 4512 babent

978 4555 1243 4630 diversissimos
1269 4556 1411 4631 tructus
1439 4554 1478 4630 in
1502 4556 1621 4630 lorma
1647 4556 1895 4651 etqualitate.
1922 4557 1965 4631 lit
1990 4576 2064 4631 non
2088 4575 2149 4630 so-

978 4676 1056 4750 lum
1083 4676 1178 4750 istud
1196 4677 1363 4752 videmus
1388 4677 1425 4752 in
1451 4676 1726 4773 vegetabilibus,
1748 4677 1940 4754 sedetiam
1967 4679 2004 4752 in
2032 4677 2151 4751 bomi-

1039 4935 1068 5000 (¹)
1083 4935 1115 4986 li.
1131 4935 1163 4986 ad
1179 4949 1299 5000 corpora.
1454 4935 1484 4999 t')
1499 4938 1530 4989 ll.
1545 4950 1637 4988 rerum
1654 4937 1836 5002 temporalium
1851 4937 2069 5002 corruptibilium.
