4842 6642
790 810 862 881 all
1180 823 1387 879 consuram
1412 823 1577 878 rnnaomr

790 973 928 1049 dictum
950 977 1044 1046 esta
1069 971 1183 1046 Paulo
1208 969 1308 1064 quod
1328 969 1416 1045 tides
1435 977 1489 1044 est
1507 974 1784 1066 argumentum,
1803 987 1876 1040 non
1895 985 1961 1040 ne-

790 1093 947 1169 cessaria
973 1091 1139 1187 probatio
1166 1111 1292 1166 rerum
1319 1111 1392 1165 non
1418 1088 1674 1187 apparentium
1700 1087 1816 1164 oculis
1841 1084 1962 1160 bomi-

791 1235 903 1308 num3
929 1212 1016 1306 quia
1041 1210 1070 1283 si
1096 1217 1317 1307 apparerent
1334 1231 1406 1285 non
1424 1209 1685 1286 accederemus
1701 1207 1748 1283 ad
1766 1208 1862 1303 ipsas
1879 1225 1962 1302 spe-

792 1333 924 1408 randas
953 1352 1018 1428 per
1050 1320 1172 1424 tidem,
1197 1332 1261 1406 sed
1294 1352 1359 1427 per
1394 1332 1645 1427 probationem
1680 1329 1886 1405 naturalem
1924 1334 1963 1402 et

790 1452 1140 1529 demonstrationem
1167 1453 1428 1548 necessariam;
1456 1461 1493 1529 et
1524 1459 1611 1528 tuac
1645 1452 1734 1528 tides
1767 1471 1840 1525 non
1866 1456 1962 1524 esset

790 1574 889 1648 tides.
915 1574 959 1651 Et
985 1571 1043 1646 bic
1059 1571 1105 1645 ad
1123 1572 1317 1648 clariorem
1337 1573 1611 1672 intelligentiam
1629 1572 1850 1648 diffinitionis
1867 1569 1961 1644 datae

790 1702 827 1771 et
852 1693 1046 1769 declarate
1070 1698 1126 1766 est
1151 1692 1364 1786 notandum,
1391 1694 1490 1789 quod
1519 1695 1613 1770 sicut
1642 1690 1844 1768 substantia
1874 1689 1962 1764 sub·

790 1815 880 1890 sistit
905 1812 1152 1888 accidentibus
1177 1821 1395 1910 supportans
1427 1821 1464 1890 et
1489 1814 1696 1889 substinens
1720 1812 1792 1906 illa,
1818 1815 1855 1885 et
1888 1829 1961 1883 non

790 1935 926 2032 indiget
950 1933 1023 2007 alio
1047 1931 1229 2026 subiecto;
1255 1933 1305 2008 ita
1331 1934 1419 2009 tides
1445 1934 1482 2009 in
1507 1933 1659 2009 aentficio
1679 1930 1856 2030 spirituali
1873 1929 1961 2002 sub-

790 2054 900 2129 stinet
923 2059 1042 2127 totum
1068 2051 1260 2126 editicium
1292 2062 1510 2150 supportans
1540 2062 1578 2130 et
1608 2053 1814 2128 substinens
1843 2049 1960 2146 ipsum

791 2196 865 2249 nou
882 2172 1046 2269 indigens
1065 2172 1134 2248 alia
1154 2173 1308 2269 virtute3
1327 2174 1413 2268 quia
1435 2174 1511 2272 ipsa
1529 2181 1584 2250 est
1601 2182 1704 2271 petra
1722 2173 1829 2248 firma
1847 2190 1958 2266 super

791 2315 904 2390 quam
939 2294 1083 2390 sapiens
1111 2293 1303 2370 aedificavit
1328 2296 1393 2370 sibi
1427 2297 1593 2371 donnum.
1628 2295 1713 2372 ldeo
1748 2295 1842 2370 benc
1876 2292 1963 2367 dici·

791 2422 853 2490 tur
878 2414 976 2509 quod
1004 2413 1092 2494 fides
1118 2422 1174 2489 est
1197 2415 1399 2490 substantia
1425 2435 1552 2491 rerum
1575 2414 1853 2514 sperandarum,
1874 2412 1961 2507 quia

791 2537 867 2632 ipsa
883 2531 921 2628 (¹)
953 2541 1008 2610 est
1033 2555 1145 2609 causa
1170 2535 1270 2630 quod
1295 2556 1340 2611 ea
1370 2557 1454 2631 quse
1479 2543 1675 2634 sperantur
1700 2537 1736 2609 in
1768 2535 1895 2610 tuturo
1925 2533 1962 2607 in

791 2656 895 2730 nobis
915 2656 1218 2750 substantieutor,
1238 2663 1276 2731 et
1292 2643 1565 2750 quodammodo
1591 2656 1698 2733 iaciat
1723 2656 1782 2730 illa
1799 2655 1836 2728 in
1856 2653 1963 2728 nobis

791 2777 990 2852 subsistere
1021 2797 1087 2871 per
1113 2775 1244 2870 tidem3
1283 2797 1445 2871 namque
1482 2776 1537 2874 lit,
1572 2776 1671 2873 quod
1706 2777 1801 2852 bona
1836 2775 1961 2850 lutura

791 2895 1065 2991 quodammodo
1090 2902 1176 2969 sunt
1200 2897 1404 2993 praesentia,
1424 2903 1461 2972 et
1483 2918 1549 2992 per
1573 2917 1656 2972 eam
1683 2895 1834 2972 visibilia
1860 2900 1963 2970 certo
2004 2937 2008 2944 ‚

791 3016 901 3091 modo
927 3017 1108 3092 videntur.
1135 3019 1205 3092 Per
1231 3017 1393 3114 primum
1421 3018 1572 3093 modum
1600 3017 1689 3094 fides
1714 3016 1846 3092 dicitur
1876 3015 1964 3090 sub·

791 3136 923 3211 stantia
942 3156 1070 3211 rerum
1093 3137 1380 3234 sperandarum3
1398 3159 1464 3235 per
1482 3138 1684 3214 secundum
1702 3137 1835 3212 dicitur
1851 3153 1964 3231 argu-

793 3263 961 3330 mentum
987 3276 1060 3329 noo
1086 3257 1361 3351 apparentium:
1384 3265 1439 3334 est
1464 3259 1562 3334 enim
1584 3258 1752 3353 quaedam
1779 3253 1962 3332 certitudo

791 3375 1248 3450 invisibilium-Attoru.
1275 3377 1340 3452 llic
1365 3385 1474 3454 autor
1498 3379 1654 3454 ostendit
1682 3375 1868 3472 quomodo
1893 3375 1963 3450 Pe·

793 3501 873 3570 trus
913 3495 1148 3570 commendat
1181 3495 1385 3595 intelligere
1417 3499 1557 3574 autoris
1587 3497 1685 3574 circa
1715 3496 1963 3572 diffinitionem

793 3617 885 3712 fidei,
919 3617 1062 3692 dicens:
1102 3619 1227 3691 Attoro
1263 3622 1349 3714 cdii,
1387 3621 1534 3714 scilicet,
1563 3641 1587 3694 a
1618 3621 1740 3714 Petro,
1777 3641 1814 3692 se
1852 3637 1965 3710 qnon-

792 3746 917 3836 tuopuc
952 3741 1160 3830 conpecto
1195 3735 1256 3831 pst
1291 3762 1357 3834 per
1393 3744 1561 3834 ἀοιιήηα,
1600 3741 1691 3816 idest
1725 3739 1754 3814 si
1792 3736 1963 3834 quicquid

793 3860 907 3934 scitur
933 3858 993 3933 vel
1018 3857 1167 3932 discitur
1193 3859 1230 3934 in
1258 3868 1356 3937 terra
1385 3883 1452 3958 per
1482 3862 1758 3958 acquisitionem
1794 3857 1964 3952 scientie,

792 4000 877 4054 cum
905 3978 1080 4054 exercitio
1107 3981 1164 4053 vel
1190 3979 1365 4077 doctrina,
1388 3986 1483 4078 fosse
1507 3976 1579 4057 cosi
1598 3988 1718 4072 micro,
1739 3981 1833 4056 sicut
1848 3985 1889 4052 tu
1908 3977 1965 4051 in-

793 4099 923 4196 telligis
948 4098 1200 4176 diffinitionem
1227 4101 1321 4197 fidei,
1347 4124 1419 4178 ooo
1452 4107 1488 4178 ot
1520 4107 1626 4178 ama
1650 4107 1725 4178 loco
1753 4104 1904 4193 inpenso
1929 4101 1966 4174 dt

792 4222 924 4311 sofista,
942 4219 1047 4313 quasi
1069 4218 1184 4295 dicat:
1201 4226 1299 4296 esset
1315 4223 1364 4298 ita
1386 4223 1619 4299 manifestum
1638 4229 1675 4298 et
1691 4223 1846 4316 clarum,
1865 4219 1965 4315 quod

683 4362 689 4378 ¹
793 4358 867 4412 nou
891 4345 1078 4433 oporteret
1103 4340 1155 4414 uti
1182 4341 1383 4436 sophisticis
1399 4343 1780 4440 argumentationibus
1804 4341 1851 4416 ad
1878 4359 1965 4435 pro-

793 4459 977 4534 bationem
1004 4459 1094 4534 eius.
1122 4459 1288 4557 Sophiste
1314 4462 1412 4538 enim
1440 4463 1746 4560 nititurprobare
1767 4461 1967 4557 quodvult

793 4578 1022 4676 argumentis
1046 4581 1306 4677 apparentibus
1332 4603 1406 4658 non
1431 4583 1680 4659 existentibus.
1707 4583 1752 4656 Et
1781 4580 1966 4657 concludit

794 4698 831 4772 in
857 4701 925 4774 bac
949 4705 1074 4794 parte:
1091 4693 1163 4774 cosi
1185 4694 1284 4794 spird
1308 4705 1357 4775 do
1381 4705 1611 4794 uucdumorc
1631 4724 1765 4795 accuso,
1783 4700 1889 4797 quasi
1910 4699 1966 4775 di-

854 4957 883 5023 i'l
897 4961 929 5014 Ε.
944 4963 998 5027 ipsa
1014 4963 1077 5015 tides
1092 4971 1131 5016 cst
1148 4980 1233 5018 musa.
