4842 6642
801 837 873 906 {llll
1188 851 1393 908 comburunt
1417 853 1584 908 rannursr

798 1003 854 1069 stc
877 989 949 1089 piri,
978 995 1113 1072 scilicet
1139 995 1176 1068 iu
1201 997 1340 1070 mundo
1362 997 1506 1072 mortali
1524 1017 1596 1071 nou
1613 997 1800 1092 perdurat,
1818 1000 1882 1072 dul
1901 1016 1971 1071 na·

797 1137 894 1190 scere
918 1119 1009 1191 dello
1035 1119 1177 1210 quercia
1203 1121 1243 1190 ul
1262 1121 1326 1211 scr
1351 1121 1387 1192 iu
1411 1121 1581 1210 putando,
1608 1118 1708 1213 quod
1732 1125 1788 1194 est
1813 1126 1968 1214 tempus.

799 1275 848 1290 -
861 1239 975 1310 Patro.
1001 1237 1066 1312 llic
1083 1236 1300 1312 Benedictus
1317 1237 1447 1333 probat
1463 1238 1734 1314 conclusionem
1759 1239 1967 1334 predictam

801 1378 866 1453 per
890 1358 1059 1452 exempla
1085 1357 1275 1434 manifesta
1290 1350 1348 1452 (¹);
1376 1366 1413 1433 ct
1437 1358 1607 1435 describit
1626 1359 1695 1433 tria
1713 1359 1851 1456 optima
1870 1361 1969 1455 prin-

800 1479 891 1574 cipia
919 1479 1145 1574 regularum,
1171 1478 1359 1573 quomodo
1383 1487 1469 1554 sunt
1494 1485 1700 1575 permutata
1725 1487 1762 1555 et
1782 1499 1967 1576 perversa,

800 1599 940 1673 diceus:
967 1600 1063 1688 Picr,
1087 1597 1189 1691 idest,
1217 1595 1347 1673 Petrus
1372 1599 1570 1674 Damianos
1596 1599 1673 1676 sive
1698 1605 1880 1695 peccator,
1909 1619 1969 1672 co·
2014 1621 2017 1626 ·

800 1711 926 1792 mincid
957 1719 985 1790 il
1014 1737 1079 1791 suo
1109 1726 1291 1808 conuento,
1324 1719 1469 1813 scilicet,
1502 1719 1667 1795 ordinem
1702 1720 1749 1793 de
1783 1718 1966 1812 columba,

799 1841 893 1912 mut
904 1859 972 1912 oro
991 1861 1011 1914 e
1029 1859 1138 1912 senza
1155 1847 1318 1932 wycam,
1346 1839 1493 1934 scilicet,
1511 1841 1757 1936 paupercule3
1776 1861 1843 1916 nec
1860 1839 1968 1916 intel-

801 1959 890 2056 ligas
913 1959 960 2035 de
984 1961 1092 2034 Petro
1119 1961 1293 2055 apostolo,
1320 1959 1414 2034 sicut
1438 1959 1550 2054 aliqui
1567 1960 1764 2055 dixerunt3
1780 1969 1813 2034 et
1827 1965 1877 2053 io,
1896 1961 1968 2036 sci-

800 2081 893 2174 licet,
919 2100 989 2177 ego
1006 2077 1224 2155 Benedictus
1242 2080 1372 2174 incoepi
1393 2098 1519 2155 rneum
1538 2088 1773 2176 conventum,
1791 2103 1858 2156 con
1877 2103 1967 2155 orc-

799 2205 901 2276 zionc
916 2223 935 2274 e
950 2221 1018 2274 cort
1032 2203 1178 2292 dicuni,
1195 2200 1335 2296 supple,
1351 2200 1499 2295 incoepit
1516 2209 1738 2278 conventum
1754 2223 1864 2277 suurn
1880 2224 1965 2278 curn

799 2323 1104 2419 contemplatione
1120 2328 1157 2397 et
1173 2321 1434 2416 abstinentiae
1450 2327 1645 2396 marcesco
1662 2327 1868 2415 emimonto,
1882 2346 1968 2420 sup-

798 2444 867 2542 ple,
893 2443 1040 2539 incoepit
1065 2463 1175 2518 suum
1203 2448 1425 2518 conventum
1447 2463 1531 2517 cum
1552 2443 1765 2519 bumilitate.
1784 2445 1828 2518 Et
1847 2445 1968 2520 subdit

799 2563 1072 2661 perversionem
1099 2562 1282 2638 dictorum
1308 2569 1569 2655 conventuum,
1595 2563 1737 2638 dicens:
1755 2587 1774 2638 c
1793 2573 1828 2638 tu
1845 2568 1969 2640 oedrai

799 2687 856 2760 dcl
878 2684 1003 2758 blanco
1024 2687 1115 2777 sotto
1141 2683 1266 2774 bruno,
1287 2682 1373 2776 quia
1395 2682 1529 2758 scilicet
1546 2683 1606 2758 ubi
1626 2691 1707 2759 erat
1722 2675 1758 2778 (²)
1776 2687 1875 2760 clara
1893 2686 1967 2760 vir-

799 2813 870 2900 tus,
896 2823 995 2878 nunc
1020 2809 1076 2878 est
1102 2801 1230 2877 vitium
1256 2803 1469 2897 obscurum,
1490 2825 1527 2876 se
1543 2811 1579 2877 tu
1593 2806 1725 2896 pucrdi
1741 2808 1780 2879 ul
1789 2809 1966 2898 pmndpio

798 2928 836 3000 di
850 2929 1026 3013 dmcuno,
1049 2921 1185 2998 scilicet
1204 2922 1303 3015 quod
1322 2921 1388 2997 luit
1404 2923 1597 3018 optimum,
1612 2929 1733 3017 porcia
1750 2927 1915 3018 riccardi
1931 2918 1967 3001 ul

800 3049 888 3120 douc
911 3041 932 3120 e*
955 3051 1148 3133 casseaco,
1172 3043 1275 3135 idest,
1297 3063 1513 3146 perversum
1532 3065 1756 3140 processum,
1775 3047 1860 3140 quia
1882 3068 1967 3122 suc-

799 3186 963 3244 cessores
988 3163 1084 3240 Petri
1110 3163 1276 3240 Damiani
1302 3185 1346 3238 ex
1369 3165 1591 3261 pauperibus
1610 3165 1692 3240 lacti
1710 3173 1796 3242 sunt
1813 3168 1965 3260 divites3

798 3296 836 3365 et
860 3287 932 3362 mei
946 3277 983 3379 (³)
1010 3305 1056 3360 er
1076 3285 1365 3380 contemplativis
1383 3285 1467 3361 lacti
1485 3293 1570 3360 sunt
1587 3287 1820 3382 voluptuosi3
1838 3293 1875 3362 et
1891 3288 1966 3362 lra-

797 3417 873 3484 tres
897 3406 1058 3482 minores
1083 3425 1131 3480 ex
1156 3404 1355 3480 humilibus
1380 3405 1462 3480 lacti
1495 3414 1580 3480 sunt
1614 3405 1774 3502 superbi.
1789 3405 1967 3481 -·Verc-

798 3535 916 3602 mente.
943 3526 1008 3600 llic
1033 3523 1250 3600 Benedictus
1275 3525 1497 3620 praenuntiat
1522 3525 1684 3600 loturam
1705 3525 1897 3601 vindictam
1920 3527 1967 3602 de

797 3648 994 3744 praedictis3
1020 3653 1057 3723 et
1085 3645 1346 3722 sententialiter
1380 3646 1458 3720 vult
1482 3645 1617 3741 dicere,
1634 3646 1734 3741 quod
1760 3647 1858 3722 lleus
1884 3649 1966 3722 lecit
2048 3637 2065 3651 ”
2121 3608 2123 3612 ⁴

799 3769 938 3844 maiora
963 3767 1152 3857 miracula,
1178 3787 1290 3860 quarn
1317 3766 1344 3840 si
1372 3767 1518 3862 puniret
1542 3767 1640 3861 istos,
1667 3768 1750 3842 licet
1775 3767 1855 3844 eius
1886 3767 1966 3842 vin·

797 3889 891 3965 dicta
904 3888 1072 3964 videatur
1083 3885 1237 3962 differri:
1252 3887 1349 3981 quod
1367 3887 1497 3983 probat
1513 3906 1579 3982 per
1595 3887 1670 3961 duo
1689 3887 1865 3963 miracula
1881 3909 1964 3982 quae

797 4010 895 4085 Deus
920 4007 1005 4084 olim
1032 4007 1116 4082 lecit
1142 4007 1275 4102 populo
1300 4027 1369 4080 suo
1385 3995 1432 4099 (⁴).
1460 4005 1623 4080 Primum
1652 4011 1707 4082 est
1730 4005 1777 4082 de
1809 4027 1964 4083 conver·

797 4131 899 4205 sione
917 4128 1106 4222 iordanis3
1123 4147 1208 4202 cum
1226 4125 1325 4200 enim
1344 4127 1499 4222 populus
1519 4125 1583 4200 Dei
1601 4125 1751 4200 veniens
1769 4125 1805 4200 iu
1823 4132 1961 4201 terram
2072 4119 2074 4124 ’

796 4249 1042 4345 promissionis
1062 4247 1290 4344 pervenisset
1315 4246 1361 4321 ad
1387 4246 1583 4322 Iordanem
1615 4247 1780 4341 fluvium,
1812 4270 1909 4342 aqua
1926 4242 1962 4342 (⁵)

796 4379 897 4448 retro
921 4373 1020 4466 lapsa
1045 4376 1101 4445 est
1125 4388 1256 4444 versus
1280 4367 1417 4442 iontem
1444 4389 1565 4442 suum.
1592 4368 1801 4443 Secundum
1835 4389 1964 4444 exem-

794 4493 895 4589 plum
914 4481 951 4584 (⁶)
977 4497 1032 4566 est
1056 4487 1308 4584 despectione
1328 4488 1438 4562 maris
1456 4488 1581 4578 rubri;
1600 4509 1685 4562 cum
1706 4489 1802 4564 enim
1824 4489 1963 4585 lloyses
1980 4561 2000 4576 ,,
2045 4543 2048 4558 ,

854 4679 882 4739 (²)
900 4678 930 4729 ll.
948 4676 1090 4732 manifesta.
1106 4676 1253 4727 describens
1272 4677 1331 4725 trin.
1748 4711 1749 4714 η

855 4755 882 4812 ξ’)
900 4755 930 4805 li.
946 4758 1023 4804 erant
1036 4752 1102 4804 clari
1117 4751 1266 4811 virtutibus,
1283 4765 1353 4802 nunc
1368 4757 1429 4802 mat
1443 4752 1548 4802 obscori
1564 4752 1640 4812 vitiis,
1656 4765 1682 4802 rs
1699 4759 1736 4802 tu.

855 4830 882 4891 t'l
900 4830 930 4882 B
946 4829 1007 4890 mel,
1022 4830 1123 4880 scilicet
1138 4829 1260 4884 montelli
1274 4827 1406 4884 Benedicti
1422 4839 1463 4878 cx.
1588 4895 1590 4898 ι
1856 4893 1858 4896 Ι
1935 4868 1938 4876 .

857 4906 884 4964 (¹1
900 4906 930 4956 li.
947 4919 995 4957 ruo
1011 4906 1101 4961 lsrael.
1117 4905 1237 4963 Primam
1253 4903 1303 4954 luit
1319 4904 1361 4956 de.
1485 4903 1513 4967 (⁸)
1530 4904 1561 4956 Ε.
1577 4918 1643 4968 aqua
1660 4903 1733 4956 llurit
1749 4903 1828 4968 ipsius
1845 4908 1926 4954 rotro.

857 4981 883 5044 ι’,
901 4982 930 5033 li.
947 4976 1096 5046 exempturo
1112 4974 1232 5032 miraculi
1250 4980 1299 5030 luit
1315 4981 1356 5030 de.
1771 4973 1774 4977 ’
