4842 6642
799 863 869 931 328
958 850 961 855 ’
1190 874 1395 929 οουυυνυυ
1421 874 1587 928 rnnnmsr

800 1021 873 1096 alio
891 1020 1007 1116 lapide
1029 1021 1202 1114 pretioso,
1219 1020 1364 1112 scilicet,
1381 1018 1452 1093 alio
1470 1019 1577 1092 beato
1595 1016 1733 1111 spiritu.
1747 1057 1797 1070 -
1809 1021 1850 1088 lo
1869 1035 1968 1088 sono.

802 1144 867 1217 llic
891 1150 1001 1217 θυῖον
1018 1141 1196 1236 descripta
1215 1139 1407 1214 dulcedine
1426 1139 1534 1234 vocis,
1554 1159 1651 1212 nunc
1667 1136 1837 1212 describit
1857 1135 1970 1210 verba

803 1264 914 1360 ipsius
940 1262 1072 1359 angeli,
1090 1261 1260 1335 dicentis:
1287 1265 1440 1333 torono
1465 1281 1586 1334 amore
1610 1263 1767 1350 angelico
1791 1261 1851 1332 clrc
1874 1261 1968 1350 piro,

804 1385 905 1477 idest,
932 1381 1135 1475 circumdo,
1160 1384 1183 1454 l’
1194 1383 1268 1454 olto
1294 1383 1410 1482 leticia
1435 1382 1494 1453 cire
1519 1382 1619 1472 spiro
1644 1382 1701 1454 del
1719 1387 1849 1472 ventre,
1869 1366 1969 1470 idest,

801 1502 964 1599 procedit
993 1501 1040 1575 de
1068 1521 1224 1595 corpore
1250 1499 1425 1596 Virginis3
1452 1510 1490 1576 et
1521 1521 1586 1594 per
1620 1501 1687 1574 boc
1721 1499 1838 1572 innuit
1871 1496 1969 1593 quod

799 1621 912 1696 llaria
937 1629 993 1695 est
1018 1642 1104 1694 cum
1132 1640 1287 1715 corpore
1313 1621 1481 1712 lucceio,
1509 1620 1602 1694 sicut
1627 1639 1799 1713 expresse
1828 1618 1969 1693 dicetur

802 1743 838 1816 in
863 1742 1034 1838 capitulo,
1059 1745 1120 1815 cle
1141 1745 1181 1836 su
1207 1742 1353 1832 olberpo
1383 1744 1440 1815 del
1467 1748 1589 1814 nostro
1624 1743 1748 1834 distre,
1777 1739 1877 1832 idest,
1905 1739 1967 1833 qui

801 1868 929 1937 venter
954 1861 1022 1934 init
1047 1861 1296 1935 babitaculum
1323 1861 1452 1936 Cbristi
1470 1855 1519 1953 (¹),
1546 1860 1608 1954 qui
1640 1867 1695 1934 est
1726 1857 1902 1956 gaudium
1933 1864 1969 1932 et

798 1981 1020 2057 desiderium
1039 1982 1270 2076 angelorum.
1290 1981 1332 2054 Et
1349 1981 1471 2055 subdit
1486 1982 1639 2076 angelus
1657 1985 1873 2055 convellens
1890 1999 1968 2053 ser-

801 2122 948 2176 monem
975 2100 1021 2174 ad
1047 2101 1210 2194 Mariam,
1228 2123 1246 2175 e
1262 2104 1478 2192 pirerommi,
1497 2100 1635 2195 supple,
1661 2107 1782 2176 tecum
1810 2107 1847 2174 et
1872 2098 1969 2173 circa

800 2229 848 2316 te,
880 2223 984 2316 quasi
1022 2222 1139 2295 dicat:
1174 2222 1397 2296 continuabo
1431 2221 1540 2294 istum
1582 2229 1722 2296 motum
1759 2221 1968 2295 inchoatum

799 2363 887 2419 cum
914 2350 1036 2436 cantu,
1063 2349 1193 2417 Danao
1218 2346 1276 2416 del
1297 2346 1372 2434 ciel,
1394 2335 1540 2437 scilicet,
1569 2343 1672 2416 istius
1699 2343 1814 2418 beatae
1844 2345 1968 2438 curiae,

802 2472 934 2538 mentre
958 2467 1018 2537 cde
1049 2468 1203 2555 requirat
1234 2472 1292 2538 tuo
1317 2467 1442 2555 italio,
1468 2463 1614 2558 scilicet,
1641 2463 1824 2539 Christum
1858 2485 1968 2559 quem

800 2585 910 2659 modo
937 2585 1059 2658 statim
1086 2584 1263 2678 sequeris
1294 2591 1335 2656 υῖ
1367 2583 1523 2679 patebit3
1553 2591 1590 2658 et
1618 2582 1721 2686 dicit:
1752 2606 1771 2656 e
1800 2588 1901 2679 sarai
1933 2588 1968 2658 la

799 2725 906 2798 sporo
934 2725 1113 2796 supremo,
1142 2704 1278 2778 scilicet
1312 2724 1459 2798 nonam,
1493 2704 1551 2778 vel
1576 2703 1712 2777 coelum
1739 2723 1969 2801 empyreum,

796 2821 857 2918 piri
882 2827 958 2916 dm,
984 2825 1131 2919 scilicet,
1158 2825 1371 2900 lucidiorem
1391 2831 1427 2898 et
1443 2823 1672 2917 diviniorem,
1695 2828 1892 2917 percd'oplt
1908 2847 1969 2900 en-

799 2952 864 3037 tre,
893 2946 980 3039 quia
1006 2951 1093 3020 tuus
1124 2947 1309 3042 ingressus
1335 2946 1372 3019 in
1398 2965 1610 3039 supremam
1640 2966 1785 3040 speram
1820 2947 1970 3043 augebit

799 3064 954 3160 gloriam
982 3065 1156 3160 paradisi,
1184 3086 1294 3162 ergo:
1320 3067 1519 3160 percb’epli
1547 3072 1656 3156 θυῖνο,
1687 3064 1788 3160 idest,
1821 3072 1969 3161 propter

799 3184 1007 3279 ingressum
1033 3192 1155 3278 tuum,
1182 3186 1269 3279 quia
1295 3185 1394 3259 nulla
1419 3185 1541 3258 anima
1577 3185 1682 3259 beata
1717 3185 1863 3262 intravit
1900 3207 1970 3260 un·

799 3325 913 3398 quam
932 3305 1120 3379 coelestem
1138 3305 1293 3402 gloriam
1308 3297 1345 3396 (²)
1366 3320 1452 3379 oum
1472 3311 1569 3379 tanta
1587 3303 1704 3400 gloria
1726 3311 1835 3380 tantae
1855 3305 1969 3381 victo-

799 3425 863 3498 riae
889 3425 997 3498 sicuti
1024 3426 1136 3500 llaria
1152 3430 1162 3517 (
1178 3429 1201 3518 l.
1217 3466 1266 3478 -
1282 3418 1368 3498 Cosi.
1395 3425 1460 3500 llic
1492 3432 1601 3499 autor
1626 3424 1807 3499 concludit
1837 3425 1873 3500 in
1903 3427 1968 3500 ista

798 3553 914 3642 parte,
933 3547 1130 3622 ostendens
1148 3546 1335 3641 quomodo
1361 3553 1434 3621 ῖοῖθ
1452 3547 1554 3620 νυνὶθ
1583 3547 1776 3621 resonabat
1801 3547 1970 3622 laudibus

798 3655 920 3742 Mariae
935 3654 985 3759 (⁸).
1012 3667 1104 3741 Dicit
1123 3687 1231 3763 ergo:
1254 3671 1307 3740 Lo
1323 3670 1492 3740 circulato
1508 3669 1669 3758 melodia,
1697 3666 1798 3762 idest,
1817 3667 1970 3763 angelos

799 3808 839 3862 se
864 3787 1095 3863 circulariter
1124 3788 1249 3884 girans
1270 3795 1318 3864 et
1350 3787 1504 3862 dulciter
1536 3794 1697 3882 cantans,
1731 3791 1967 3882 sistpdlooo,

799 3907 902 4001 idest,
928 3908 980 3982 sic
1004 3929 1045 3982 se
1071 3907 1269 4000 lormabat3
1288 3915 1326 3982 et
1342 3906 1445 3982 dicit:
1462 3929 1482 3980 e
1499 3910 1573 3981 tutti
1586 3910 1637 3998 pli
1652 3910 1737 3981 altri
1753 3911 1848 3998 lumi,
1866 3908 1968 4002 idest,

798 4035 948 4102 caeterae
984 4027 1118 4102 animae
1148 4027 1266 4102 beatae
1296 4027 1498 4120 luminosae,
1520 4031 1649 4122 [ocean
1678 4031 1840 4102 sonarit
1870 4050 1970 4103 monte

797 4151 836 4221 n·
857 4150 991 4239 Μανία,
1012 4147 1260 4222 collaudantes
1278 4154 1315 4222 et
1333 4146 1607 4244 magnificantes
1627 4147 1715 4222 illud
1736 4149 1830 4223 sicut
1846 4155 1965 4244 patet:

797 4290 894 4342 onus
919 4268 1020 4342 dicit:
1046 4275 1120 4342 Ave
1144 4271 1278 4358 Marto,
1303 4267 1416 4342 alius:
1437 4270 1641 4342 leomeris
1661 4268 1966 4361 stella5etitade

799 4388 945 4463 inlinitis
970 4389 1140 4464 laudibus
1165 4388 1288 4462 Mariae
1314 4407 1406 4482 quas
1432 4387 1597 4462 lecerunt
1623 4387 1728 4461 multi
1753 4387 1967 4462 sancti-viri.

870 4514 920 4582 Lo
943 4513 1025 4582 real
1047 4516 1176 4582 amoto.
1203 4508 1274 4582 lsta
1299 4515 1354 4583 est
1380 4513 1511 4602 quarta
1538 4515 1575 4582 et
1600 4508 1728 4583 ultima
1749 4529 1833 4603 pars
1855 4529 1969 4605 gene-

800 4629 884 4702 ralis
899 4620 948 4721 (⁶),
968 4628 1004 4701 in
1022 4648 1096 4722 qua
1114 4634 1226 4702 autor
1242 4626 1416 4702 describit
1437 4626 1593 4702 reditum
1616 4627 1739 4701 Mariae
1756 4627 1801 4702 ad
1819 4628 1969 4722 coelum,

856 4861 886 4925 (¹)
902 4863 933 4913 E.
949 4863 1012 4912 lesu
1028 4861 1121 4912 Christi
1138 4861 1183 4925 qul
1199 4865 1239 4910 est
1255 4860 1379 4924 gaudium
1396 4864 1423 4909 et
1439 4859 1596 4911 desidorium
1612 4867 1732 4912 nostrum
1749 4867 1775 4911 et
1792 4859 1954 4923 angelorum.

856 4935 885 5002 (¹)
900 4939 931 4988 lt.
949 4940 1067 5002 patriam.
1177 4937 1205 5000 (⁸)
1223 4937 1254 4987 E.
1271 4937 1353 5000 Virgo
1370 4937 1463 4988 Morio.
1573 4938 1600 4998 (⁸)
1617 4938 1648 4988 E.
1667 4938 1779 5002 Virglnis
1795 4935 1897 4988 biurio.

854 5017 882 5080 (¹)
899 5016 1066 5080 &generalis
1075 5017 1152 5066 buius
1159 5015 1275 5080 capituli,
1282 5015 1365 5078 inqua
1374 5019 1450 5065 autor
1458 5014 1580 5064 describit
1590 5013 1918 5078 redituml'irginlsblarlae
1928 5013 1969 5064 ad.
