<?xml version="1.0" encoding="UTF-8"?>
<!DOCTYPE html PUBLIC "-//W3C//DTD XHTML 1.0 Transitional//EN"
    "http://www.w3.org/TR/xhtml1/DTD/xhtml1-transitional.dtd">
<html xmlns="http://www.w3.org/1999/xhtml" xml:lang="en" lang="en">
 <head>
  <title>
</title>
<meta http-equiv="Content-Type" content="text/html;charset=utf-8" />
  <meta name='ocr-system' content='tesseract 3.04.00' />
  <meta name='ocr-capabilities' content='ocr_page ocr_carea ocr_par ocr_line ocrx_word'/>
</head>
<body>
  <div class='ocr_page' id='page_1' title='image "./comentumsuperda02benvgoog_0183.png"; bbox 0 0 4842 6642; ppageno 0'>
   <div class='ocr_carea' id='block_1_1' title="bbox 455 835 1629 1089">
    <p class='ocr_par' dir='ltr' id='par_1_1' title="bbox 455 835 1629 1089">
     <span class='ocr_line' id='line_1_1' title="bbox 801 835 1627 904; baseline 0.004 -4"><span class='ocrx_word' id='word_1_1' title='bbox 801 845 939 903; x_wconf 77' lang='lat' dir='ltr'>usurus</span> <span class='ocrx_word' id='word_1_2' title='bbox 964 846 1121 902; x_wconf 85' lang='lat' dir='ltr'>nncruus</span> <span class='ocrx_word' id='word_1_3' title='bbox 1145 847 1289 902; x_wconf 71' lang='lat' dir='ltr'>saurus.</span> <span class='ocrx_word' id='word_1_4' title='bbox 1558 835 1627 904; x_wconf 78' lang='lat'>173</span> 
     </span>
     <span class='ocr_line' id='line_1_2' title="bbox 455 989 1629 1089; baseline -0.001 -20"><span class='ocrx_word' id='word_1_5' title='bbox 455 991 588 1069; x_wconf 91' lang='lat' dir='ltr'>Circuli</span> <span class='ocrx_word' id='word_1_6' title='bbox 611 991 670 1066; x_wconf 86' lang='lat' dir='ltr'>vel</span> <span class='ocrx_word' id='word_1_7' title='bbox 691 989 831 1085; x_wconf 87' lang='lat' dir='ltr'>Cercbi,</span> <span class='ocrx_word' id='word_1_8' title='bbox 845 990 909 1085; x_wconf 88' lang='lat' dir='ltr'>qui</span> <span class='ocrx_word' id='word_1_9' title='bbox 924 990 1076 1068; x_wconf 88' lang='lat' dir='ltr'>luerunt</span> <span class='ocrx_word' id='word_1_10' title='bbox 1101 991 1226 1067; x_wconf 84' lang='lat' dir='ltr'><strong>rustici</strong></span> <span class='ocrx_word' id='word_1_11' title='bbox 1239 992 1412 1087; x_wconf 82' lang='lat' dir='ltr'>protervi,</span> <span class='ocrx_word' id='word_1_12' title='bbox 1429 993 1477 1070; x_wconf 82' lang='lat' dir='ltr'>(le</span> <span class='ocrx_word' id='word_1_13' title='bbox 1494 993 1629 1089; x_wconf 90' lang='lat' dir='ltr'>quibus</span> 
     </span>
    </p>
   </div>
   <div class='ocr_carea' id='block_1_2' title="bbox 453 1109 1731 1208">
    <p class='ocr_par' dir='ltr' id='par_1_2' title="bbox 453 1109 1731 1208">
     <span class='ocr_line' id='line_1_3' title="bbox 453 1109 1731 1208; baseline -0.001 -20"><span class='ocrx_word' id='word_1_14' title='bbox 453 1113 592 1188; x_wconf 89' lang='lat' dir='ltr'>dictum</span> <span class='ocrx_word' id='word_1_15' title='bbox 610 1117 666 1186; x_wconf 84' lang='lat' dir='ltr'>est</span> <span class='ocrx_word' id='word_1_16' title='bbox 684 1109 808 1206; x_wconf 92' lang='lat' dir='ltr'>paullo</span> <span class='ocrx_word' id='word_1_17' title='bbox 832 1131 946 1206; x_wconf 91' lang='lat' dir='ltr'>supra</span> <span class='ocrx_word' id='word_1_18' title='bbox 962 1117 999 1187; x_wconf 89' lang='lat' dir='ltr'>ot</span> <span class='ocrx_word' id='word_1_19' title='bbox 1018 1111 1161 1188; x_wconf 86' lang='lat' dir='ltr'>dicetur</span> <span class='ocrx_word' id='word_1_20' title='bbox 1184 1111 1344 1207; x_wconf 88' lang='lat' dir='ltr'>capitulo</span> <span class='ocrx_word' id='word_1_21' title='bbox 1361 1114 1541 1208; x_wconf 77' lang='lat' dir='ltr'><strong>sequenti,</strong></span> <span class='ocrx_word' id='word_1_22' title='bbox 1563 1113 1627 1208; x_wconf 88' lang='lat' dir='ltr'>qui</span> <span class='ocrx_word' id='word_1_23' title='bbox 1725 1173 1731 1187; x_wconf 93' lang='lat'>.</span> 
     </span>
    </p>
   </div>
   <div class='ocr_carea' id='block_1_3' title="bbox 451 1231 1630 4092">
    <p class='ocr_par' dir='ltr' id='par_1_3' title="bbox 451 1231 1630 4092">
     <span class='ocr_line' id='line_1_4' title="bbox 454 1231 1628 1330; baseline 0.002 -23"><span class='ocrx_word' id='word_1_24' title='bbox 454 1237 657 1330; x_wconf 89' lang='lat' dir='ltr'>posuerunt</span> <span class='ocrx_word' id='word_1_25' title='bbox 681 1231 894 1306; x_wconf 83' lang='lat' dir='ltr'>divisionem</span> <span class='ocrx_word' id='word_1_26' title='bbox 921 1231 957 1306; x_wconf 92' lang='lat' dir='ltr'>in</span> <span class='ocrx_word' id='word_1_27' title='bbox 983 1233 1140 1328; x_wconf 85' lang='lat' dir='ltr'>civitate,</span> <span class='ocrx_word' id='word_1_28' title='bbox 1166 1232 1254 1328; x_wconf 88' lang='lat' dir='ltr'>quia</span> <span class='ocrx_word' id='word_1_29' title='bbox 1279 1232 1431 1308; x_wconf 87' lang='lat' dir='ltr'>inerunt</span> <span class='ocrx_word' id='word_1_30' title='bbox 1448 1235 1628 1330; x_wconf 83' lang='lat' dir='ltr'>principes</span> 
     </span>
     <span class='ocr_line' id='line_1_5' title="bbox 456 1348 1630 1449; baseline -0.003 -21"><span class='ocrx_word' id='word_1_31' title='bbox 456 1351 566 1449; x_wconf 90' lang='lat' dir='ltr'>partis</span> <span class='ocrx_word' id='word_1_32' title='bbox 586 1352 736 1426; x_wconf 84' lang='lat' dir='ltr'>blancae.</span> <span class='ocrx_word' id='word_1_33' title='bbox 754 1350 858 1426; x_wconf 90' lang='lat' dir='ltr'>Unde</span> <span class='ocrx_word' id='word_1_34' title='bbox 874 1349 982 1426; x_wconf 89' lang='lat' dir='ltr'>dicit:</span> <span class='ocrx_word' id='word_1_35' title='bbox 1000 1355 1051 1426; x_wconf 81' lang='lat' dir='ltr'>cli&#39;</span> <span class='ocrx_word' id='word_1_36' title='bbox 1063 1355 1103 1427; x_wconf 87' lang='lat' dir='ltr'>ut</span> <span class='ocrx_word' id='word_1_37' title='bbox 1121 1359 1282 1446; x_wconf 72' lang='lat' dir='ltr'>presente</span> <span class='ocrx_word' id='word_1_38' title='bbox 1296 1348 1317 1428; x_wconf 70' lang='lat' dir='ltr'>e*</span> <span class='ocrx_word' id='word_1_39' title='bbox 1331 1350 1441 1428; x_wconf 79' lang='lat' dir='ltr'>curce</span> <span class='ocrx_word' id='word_1_40' title='bbox 1456 1356 1496 1427; x_wconf 77' lang='lat' dir='ltr'>di</span> <span class='ocrx_word' id='word_1_41' title='bbox 1510 1373 1630 1426; x_wconf 84' lang='lat' dir='ltr'>ouoou</span> 
     </span>
     <span class='ocr_line' id='line_1_6' title="bbox 451 1469 1628 1568; baseline 0.002 -22"><span class='ocrx_word' id='word_1_42' title='bbox 451 1474 611 1568; x_wconf 79' lang='lat' dir='ltr'>sellonis,</span> <span class='ocrx_word' id='word_1_43' title='bbox 637 1469 740 1564; x_wconf 87' lang='lat' dir='ltr'>idest,</span> <span class='ocrx_word' id='word_1_44' title='bbox 760 1471 864 1546; x_wconf 86' lang='lat' dir='ltr'>novis</span> <span class='ocrx_word' id='word_1_45' title='bbox 881 1471 1023 1546; x_wconf 84' lang='lat' dir='ltr'>civibus</span> <span class='ocrx_word' id='word_1_46' title='bbox 1043 1472 1187 1548; x_wconf 88' lang='lat' dir='ltr'>lollibus</span> <span class='ocrx_word' id='word_1_47' title='bbox 1204 1479 1242 1548; x_wconf 88' lang='lat' dir='ltr'>ot</span> <span class='ocrx_word' id='word_1_48' title='bbox 1258 1473 1477 1568; x_wconf 82' lang='lat' dir='ltr'>temerariis,</span> <span class='ocrx_word' id='word_1_49' title='bbox 1500 1474 1628 1567; x_wconf 84' lang='lat' dir='ltr'>quales</span> 
     </span>
     <span class='ocr_line' id='line_1_7' title="bbox 454 1591 1626 1688; baseline -0.001 -20"><span class='ocrx_word' id='word_1_50' title='bbox 454 1600 541 1669; x_wconf 89' lang='lat' dir='ltr'>sunt</span> <span class='ocrx_word' id='word_1_51' title='bbox 565 1591 812 1668; x_wconf 85' lang='lat' dir='ltr'>communiter</span> <span class='ocrx_word' id='word_1_52' title='bbox 838 1611 957 1688; x_wconf 85' lang='lat' dir='ltr'>nuper</span> <span class='ocrx_word' id='word_1_53' title='bbox 988 1591 1107 1687; x_wconf 83' lang='lat' dir='ltr'>ditati3</span> <span class='ocrx_word' id='word_1_54' title='bbox 1138 1598 1175 1668; x_wconf 87' lang='lat' dir='ltr'>et</span> <span class='ocrx_word' id='word_1_55' title='bbox 1204 1592 1309 1668; x_wconf 87' lang='lat' dir='ltr'>dicit:</span> <span class='ocrx_word' id='word_1_56' title='bbox 1341 1596 1379 1668; x_wconf 78' lang='lat' dir='ltr'>(li</span> <span class='ocrx_word' id='word_1_57' title='bbox 1408 1601 1504 1668; x_wconf 82' lang='lat' dir='ltr'>torto</span> <span class='ocrx_word' id='word_1_58' title='bbox 1525 1615 1626 1687; x_wconf 83' lang='lat' dir='ltr'>peso,</span> 
     </span>
     <span class='ocr_line' id='line_1_8' title="bbox 455 1713 1625 1808; baseline 0.001 -20"><span class='ocrx_word' id='word_1_59' title='bbox 455 1715 516 1790; x_wconf 78' lang='lat' dir='ltr'>cire</span> <span class='ocrx_word' id='word_1_60' title='bbox 539 1720 627 1788; x_wconf 92' lang='lat' dir='ltr'>tosto</span> <span class='ocrx_word' id='word_1_61' title='bbox 648 1715 699 1806; x_wconf 73' lang='lat' dir='ltr'>lla</span> <span class='ocrx_word' id='word_1_62' title='bbox 715 1713 858 1804; x_wconf 72' lang='lat' dir='ltr'>jactura</span> <span class='ocrx_word' id='word_1_63' title='bbox 882 1715 974 1788; x_wconf 79' lang='lat' dir='ltr'>detta</span> <span class='ocrx_word' id='word_1_64' title='bbox 999 1714 1123 1805; x_wconf 82' lang='lat' dir='ltr'>borco,</span> <span class='ocrx_word' id='word_1_65' title='bbox 1141 1713 1244 1808; x_wconf 82' lang='lat' dir='ltr'>idest,</span> <span class='ocrx_word' id='word_1_66' title='bbox 1261 1713 1334 1789; x_wconf 88' lang='lat' dir='ltr'>cito</span> <span class='ocrx_word' id='word_1_67' title='bbox 1353 1716 1424 1790; x_wconf 91' lang='lat' dir='ltr'>erit</span> <span class='ocrx_word' id='word_1_68' title='bbox 1447 1716 1625 1791; x_wconf 85' lang='lat' dir='ltr'>damnum</span> 
     </span>
     <span class='ocr_line' id='line_1_9' title="bbox 454 1833 1628 1931; baseline 0.001 -21"><span class='ocrx_word' id='word_1_69' title='bbox 454 1835 607 1910; x_wconf 87' lang='lat' dir='ltr'>civitatis</span> <span class='ocrx_word' id='word_1_70' title='bbox 632 1833 819 1928; x_wconf 79' lang='lat' dir='ltr'>florentie,</span> <span class='ocrx_word' id='word_1_71' title='bbox 845 1855 958 1928; x_wconf 88' lang='lat' dir='ltr'>quam</span> <span class='ocrx_word' id='word_1_72' title='bbox 977 1841 1127 1931; x_wconf 84' lang='lat' dir='ltr'>regunt:</span> <span class='ocrx_word' id='word_1_73' title='bbox 1154 1840 1192 1910; x_wconf 87' lang='lat' dir='ltr'>et</span> <span class='ocrx_word' id='word_1_74' title='bbox 1216 1842 1273 1910; x_wconf 87' lang='lat' dir='ltr'>est</span> <span class='ocrx_word' id='word_1_75' title='bbox 1297 1835 1519 1931; x_wconf 88' lang='lat' dir='ltr'>pulcerrima</span> <span class='ocrx_word' id='word_1_76' title='bbox 1544 1856 1628 1912; x_wconf 91' lang='lat' dir='ltr'>me·</span> 
     </span>
     <span class='ocr_line' id='line_1_10' title="bbox 455 1953 1629 2050; baseline 0 -20"><span class='ocrx_word' id='word_1_77' title='bbox 455 1956 608 2050; x_wconf 87' lang='lat' dir='ltr'>tapbora</span> <span class='ocrx_word' id='word_1_78' title='bbox 642 1960 680 2029; x_wconf 89' lang='lat' dir='ltr'>et</span> <span class='ocrx_word' id='word_1_79' title='bbox 716 1953 988 2050; x_wconf 85' lang='lat' dir='ltr'>propriissima3</span> <span class='ocrx_word' id='word_1_80' title='bbox 1027 1975 1114 2030; x_wconf 92' lang='lat' dir='ltr'>cum</span> <span class='ocrx_word' id='word_1_81' title='bbox 1153 1953 1252 2029; x_wconf 90' lang='lat' dir='ltr'>enim</span> <span class='ocrx_word' id='word_1_82' title='bbox 1292 1956 1396 2029; x_wconf 90' lang='lat' dir='ltr'>navis</span> <span class='ocrx_word' id='word_1_83' title='bbox 1429 1962 1484 2032; x_wconf 89' lang='lat' dir='ltr'>est</span> <span class='ocrx_word' id='word_1_84' title='bbox 1520 1956 1629 2030; x_wconf 89' lang='lat' dir='ltr'>nimis</span> 
     </span>
     <span class='ocr_line' id='line_1_11' title="bbox 453 2074 1629 2170; baseline 0.001 -21"><span class='ocrx_word' id='word_1_85' title='bbox 453 2079 598 2168; x_wconf 89' lang='lat' dir='ltr'>onusta,</span> <span class='ocrx_word' id='word_1_86' title='bbox 626 2080 781 2170; x_wconf 85' lang='lat' dir='ltr'>oportet,</span> <span class='ocrx_word' id='word_1_87' title='bbox 807 2075 906 2170; x_wconf 85' lang='lat' dir='ltr'>quod</span> <span class='ocrx_word' id='word_1_88' title='bbox 932 2074 1125 2150; x_wconf 86' lang='lat' dir='ltr'>eiiciantur</span> <span class='ocrx_word' id='word_1_89' title='bbox 1158 2093 1301 2150; x_wconf 86' lang='lat' dir='ltr'>merces</span> <span class='ocrx_word' id='word_1_90' title='bbox 1330 2075 1376 2149; x_wconf 89' lang='lat' dir='ltr'>ad</span> <span class='ocrx_word' id='word_1_91' title='bbox 1409 2075 1509 2150; x_wconf 89' lang='lat' dir='ltr'>illam</span> <span class='ocrx_word' id='word_1_92' title='bbox 1537 2076 1629 2150; x_wconf 90' lang='lat' dir='ltr'>alle-</span> 
     </span>
     <span class='ocr_line' id='line_1_12' title="bbox 453 2193 1625 2290; baseline -0.001 -22"><span class='ocrx_word' id='word_1_93' title='bbox 453 2193 641 2289; x_wconf 85' lang='lat' dir='ltr'>viandam3</span> <span class='ocrx_word' id='word_1_94' title='bbox 667 2195 717 2270; x_wconf 86' lang='lat' dir='ltr'>ita</span> <span class='ocrx_word' id='word_1_95' title='bbox 741 2216 765 2270; x_wconf 95' lang='lat' dir='ltr'>a</span> <span class='ocrx_word' id='word_1_96' title='bbox 790 2194 896 2269; x_wconf 90' lang='lat' dir='ltr'>simili</span> <span class='ocrx_word' id='word_1_97' title='bbox 921 2195 1115 2289; x_wconf 86' lang='lat' dir='ltr'>Florentia,</span> <span class='ocrx_word' id='word_1_98' title='bbox 1134 2216 1219 2290; x_wconf 83' lang='lat' dir='ltr'>quae</span> <span class='ocrx_word' id='word_1_99' title='bbox 1234 2202 1317 2271; x_wconf 86' lang='lat' dir='ltr'>erat</span> <span class='ocrx_word' id='word_1_100' title='bbox 1340 2196 1448 2271; x_wconf 89' lang='lat' dir='ltr'>nimis</span> <span class='ocrx_word' id='word_1_101' title='bbox 1469 2202 1625 2271; x_wconf 85' lang='lat' dir='ltr'>onerata</span> 
     </span>
     <span class='ocr_line' id='line_1_13' title="bbox 454 2313 1629 2411; baseline 0.002 -24"><span class='ocrx_word' id='word_1_102' title='bbox 454 2313 682 2389; x_wconf 82' lang='lat' dir='ltr'>intollerabili</span> <span class='ocrx_word' id='word_1_103' title='bbox 713 2313 924 2411; x_wconf 80' lang='lat' dir='ltr'>arrogantia</span> <span class='ocrx_word' id='word_1_104' title='bbox 955 2314 1122 2409; x_wconf 86' lang='lat' dir='ltr'>istorum,</span> <span class='ocrx_word' id='word_1_105' title='bbox 1158 2315 1230 2391; x_wconf 92' lang='lat' dir='ltr'>cito</span> <span class='ocrx_word' id='word_1_106' title='bbox 1262 2315 1363 2391; x_wconf 86' lang='lat' dir='ltr'>venit</span> <span class='ocrx_word' id='word_1_107' title='bbox 1395 2315 1442 2391; x_wconf 85' lang='lat' dir='ltr'>ad</span> <span class='ocrx_word' id='word_1_108' title='bbox 1476 2315 1629 2391; x_wconf 85' lang='lat' dir='ltr'>nauira-</span> 
     </span>
     <span class='ocr_line' id='line_1_14' title="bbox 453 2426 1626 2532; baseline 0 -22"><span class='ocrx_word' id='word_1_109' title='bbox 453 2434 568 2532; x_wconf 83' lang='lat' dir='ltr'>glum,</span> <span class='ocrx_word' id='word_1_110' title='bbox 586 2442 624 2511; x_wconf 89' lang='lat' dir='ltr'>ot</span> <span class='ocrx_word' id='word_1_111' title='bbox 649 2433 734 2510; x_wconf 86' lang='lat' dir='ltr'>dicti</span> <span class='ocrx_word' id='word_1_112' title='bbox 751 2434 858 2510; x_wconf 88' lang='lat' dir='ltr'>Circli</span> <span class='ocrx_word' id='word_1_113' title='bbox 874 2426 910 2527; x_wconf 81' lang='lat'>(⁴)</span> <span class='ocrx_word' id='word_1_114' title='bbox 933 2435 1134 2511; x_wconf 85' lang='lat' dir='ltr'>eiicientur.</span> <span class='ocrx_word' id='word_1_115' title='bbox 1153 2437 1197 2510; x_wconf 88' lang='lat' dir='ltr'>Et</span> <span class='ocrx_word' id='word_1_116' title='bbox 1213 2435 1377 2531; x_wconf 86' lang='lat' dir='ltr'>adverte,</span> <span class='ocrx_word' id='word_1_117' title='bbox 1396 2436 1496 2530; x_wconf 87' lang='lat' dir='ltr'>quod</span> <span class='ocrx_word' id='word_1_118' title='bbox 1515 2441 1626 2511; x_wconf 87' lang='lat' dir='ltr'>autor</span> 
     </span>
     <span class='ocr_line' id='line_1_15' title="bbox 453 2555 1627 2651; baseline 0 -22"><span class='ocrx_word' id='word_1_119' title='bbox 453 2555 617 2650; x_wconf 89' lang='lat' dir='ltr'>loquitur</span> <span class='ocrx_word' id='word_1_120' title='bbox 633 2555 679 2631; x_wconf 87' lang='lat' dir='ltr'>de</span> <span class='ocrx_word' id='word_1_121' title='bbox 700 2555 914 2650; x_wconf 83' lang='lat' dir='ltr'>expulsione</span> <span class='ocrx_word' id='word_1_122' title='bbox 939 2555 1051 2651; x_wconf 91' lang='lat' dir='ltr'>partis</span> <span class='ocrx_word' id='word_1_123' title='bbox 1070 2557 1209 2632; x_wconf 84' lang='lat' dir='ltr'>blancae</span> <span class='ocrx_word' id='word_1_124' title='bbox 1231 2562 1269 2632; x_wconf 92' lang='lat' dir='ltr'>et</span> <span class='ocrx_word' id='word_1_125' title='bbox 1285 2557 1332 2632; x_wconf 81' lang='lat' dir='ltr'>‹ie</span> <span class='ocrx_word' id='word_1_126' title='bbox 1347 2557 1526 2632; x_wconf 88' lang='lat' dir='ltr'>eiectione</span> <span class='ocrx_word' id='word_1_127' title='bbox 1545 2555 1627 2632; x_wconf 88' lang='lat' dir='ltr'>Cir·</span> 
     </span>
     <span class='ocr_line' id='line_1_16' title="bbox 454 2666 1628 2773; baseline 0 -23"><span class='ocrx_word' id='word_1_128' title='bbox 454 2677 597 2751; x_wconf 89' lang='lat' dir='ltr'>clorum</span> <span class='ocrx_word' id='word_1_129' title='bbox 615 2666 666 2769; x_wconf 76' lang='lat'>(¹),</span> <span class='ocrx_word' id='word_1_130' title='bbox 692 2694 776 2770; x_wconf 83' lang='lat' dir='ltr'>quae</span> <span class='ocrx_word' id='word_1_131' title='bbox 793 2674 860 2749; x_wconf 88' lang='lat' dir='ltr'>luit</span> <span class='ocrx_word' id='word_1_132' title='bbox 877 2674 999 2750; x_wconf 89' lang='lat' dir='ltr'>statim</span> <span class='ocrx_word' id='word_1_133' title='bbox 1017 2675 1125 2752; x_wconf 82' lang='lat' dir='ltr'>tertio</span> <span class='ocrx_word' id='word_1_134' title='bbox 1142 2697 1240 2752; x_wconf 91' lang='lat' dir='ltr'>anno</span> <span class='ocrx_word' id='word_1_135' title='bbox 1257 2684 1338 2772; x_wconf 89' lang='lat' dir='ltr'>post</span> <span class='ocrx_word' id='word_1_136' title='bbox 1354 2684 1501 2773; x_wconf 87' lang='lat' dir='ltr'>tempus</span> <span class='ocrx_word' id='word_1_137' title='bbox 1516 2675 1628 2770; x_wconf 89' lang='lat' dir='ltr'>istud,</span> 
     </span>
     <span class='ocr_line' id='line_1_17' title="bbox 453 2794 1625 2892; baseline 0.001 -23"><span class='ocrx_word' id='word_1_138' title='bbox 453 2794 501 2870; x_wconf 82' lang='lat' dir='ltr'>(le</span> <span class='ocrx_word' id='word_1_139' title='bbox 526 2816 602 2890; x_wconf 90' lang='lat' dir='ltr'>quo</span> <span class='ocrx_word' id='word_1_140' title='bbox 626 2816 726 2870; x_wconf 89' lang='lat' dir='ltr'>nunc</span> <span class='ocrx_word' id='word_1_141' title='bbox 752 2795 926 2890; x_wconf 85' lang='lat' dir='ltr'>loquitur.</span> <span class='ocrx_word' id='word_1_142' title='bbox 951 2795 1111 2872; x_wconf 76' lang='lat' dir='ltr'>Adverte</span> <span class='ocrx_word' id='word_1_143' title='bbox 1137 2797 1260 2889; x_wconf 88' lang='lat' dir='ltr'>etiam,</span> <span class='ocrx_word' id='word_1_144' title='bbox 1287 2798 1385 2892; x_wconf 90' lang='lat' dir='ltr'>quod</span> <span class='ocrx_word' id='word_1_145' title='bbox 1411 2798 1479 2873; x_wconf 89' lang='lat' dir='ltr'>ista</span> <span class='ocrx_word' id='word_1_146' title='bbox 1499 2796 1625 2871; x_wconf 90' lang='lat' dir='ltr'>omnia</span> 
     </span>
     <span class='ocr_line' id='line_1_18' title="bbox 454 2915 1627 3012; baseline 0.003 -24"><span class='ocrx_word' id='word_1_147' title='bbox 454 2915 549 2990; x_wconf 86' lang='lat' dir='ltr'>iacta</span> <span class='ocrx_word' id='word_1_148' title='bbox 576 2921 691 3009; x_wconf 89' lang='lat' dir='ltr'>erant,</span> <span class='ocrx_word' id='word_1_149' title='bbox 719 2915 866 3010; x_wconf 86' lang='lat' dir='ltr'>quando</span> <span class='ocrx_word' id='word_1_150' title='bbox 890 2923 1000 2992; x_wconf 86' lang='lat' dir='ltr'>antor</span> <span class='ocrx_word' id='word_1_151' title='bbox 1025 2915 1100 3010; x_wconf 88' lang='lat' dir='ltr'>ipsa</span> <span class='ocrx_word' id='word_1_152' title='bbox 1118 2916 1277 3012; x_wconf 83' lang='lat' dir='ltr'>scripsit3</span> <span class='ocrx_word' id='word_1_153' title='bbox 1295 2917 1359 2993; x_wconf 85' lang='lat' dir='ltr'>sed</span> <span class='ocrx_word' id='word_1_154' title='bbox 1377 2917 1521 2992; x_wconf 84' lang='lat' dir='ltr'>videtur</span> <span class='ocrx_word' id='word_1_155' title='bbox 1537 2936 1627 3012; x_wconf 89' lang='lat' dir='ltr'>pro·</span> 
     </span>
     <span class='ocr_line' id='line_1_19' title="bbox 454 3035 1625 3133; baseline -0.002 -22"><span class='ocrx_word' id='word_1_156' title='bbox 454 3035 636 3130; x_wconf 89' lang='lat' dir='ltr'>nosticari,</span> <span class='ocrx_word' id='word_1_157' title='bbox 663 3036 748 3131; x_wconf 86' lang='lat' dir='ltr'>quia</span> <span class='ocrx_word' id='word_1_158' title='bbox 775 3035 887 3111; x_wconf 88' lang='lat' dir='ltr'>reiert</span> <span class='ocrx_word' id='word_1_159' title='bbox 912 3057 952 3112; x_wconf 87' lang='lat' dir='ltr'>se</span> <span class='ocrx_word' id='word_1_160' title='bbox 977 3036 1024 3112; x_wconf 89' lang='lat' dir='ltr'>ad</span> <span class='ocrx_word' id='word_1_161' title='bbox 1055 3042 1201 3133; x_wconf 83' lang='lat' dir='ltr'>tempus</span> <span class='ocrx_word' id='word_1_162' title='bbox 1235 3057 1314 3112; x_wconf 83' lang='lat' dir='ltr'>suae</span> <span class='ocrx_word' id='word_1_163' title='bbox 1347 3037 1504 3131; x_wconf 86' lang='lat' dir='ltr'>visionis,</span> <span class='ocrx_word' id='word_1_164' title='bbox 1539 3055 1625 3130; x_wconf 78' lang='lat' dir='ltr'>quae</span> 
     </span>
     <span class='ocr_line' id='line_1_20' title="bbox 453 3154 1625 3252; baseline -0.003 -20"><span class='ocrx_word' id='word_1_165' title='bbox 453 3156 521 3232; x_wconf 86' lang='lat' dir='ltr'>luit</span> <span class='ocrx_word' id='word_1_166' title='bbox 545 3156 583 3230; x_wconf 91' lang='lat' dir='ltr'>in</span> <span class='ocrx_word' id='word_1_167' title='bbox 609 3155 801 3230; x_wconf 88' lang='lat' dir='ltr'>millesimo</span> <span class='ocrx_word' id='word_1_168' title='bbox 822 3155 916 3250; x_wconf 87' lang='lat' dir='ltr'>CCC,</span> <span class='ocrx_word' id='word_1_169' title='bbox 937 3164 979 3231; x_wconf 89' lang='lat' dir='ltr'>ut</span> <span class='ocrx_word' id='word_1_170' title='bbox 1005 3156 1135 3232; x_wconf 86' lang='lat' dir='ltr'>totiens</span> <span class='ocrx_word' id='word_1_171' title='bbox 1156 3157 1353 3252; x_wconf 89' lang='lat' dir='ltr'>repetitum</span> <span class='ocrx_word' id='word_1_172' title='bbox 1374 3162 1429 3232; x_wconf 81' lang='lat' dir='ltr'>est</span> <span class='ocrx_word' id='word_1_173' title='bbox 1445 3157 1483 3229; x_wconf 92' lang='lat' dir='ltr'>in</span> <span class='ocrx_word' id='word_1_174' title='bbox 1501 3154 1625 3228; x_wconf 90' lang='lat' dir='ltr'>multis</span> 
     </span>
     <span class='ocr_line' id='line_1_21' title="bbox 453 3273 1626 3371; baseline -0.003 -18"><span class='ocrx_word' id='word_1_175' title='bbox 453 3277 541 3353; x_wconf 88' lang='lat' dir='ltr'>locis</span> <span class='ocrx_word' id='word_1_176' title='bbox 554 3282 592 3351; x_wconf 90' lang='lat' dir='ltr'>ot</span> <span class='ocrx_word' id='word_1_177' title='bbox 604 3275 770 3371; x_wconf 88' lang='lat' dir='ltr'>capitulis</span> <span class='ocrx_word' id='word_1_178' title='bbox 789 3275 1037 3364; x_wconf 80' lang='lat' dir='ltr'>libri-Quot</span> <span class='ocrx_word' id='word_1_179' title='bbox 1046 3278 1139 3350; x_wconf 87' lang='lat' dir='ltr'>detta</span> <span class='ocrx_word' id='word_1_180' title='bbox 1151 3281 1294 3352; x_wconf 78' lang='lat' dir='ltr'>Pressa.</span> <span class='ocrx_word' id='word_1_181' title='bbox 1309 3276 1374 3351; x_wconf 89' lang='lat' dir='ltr'>llic</span> <span class='ocrx_word' id='word_1_182' title='bbox 1387 3273 1626 3371; x_wconf 83' lang='lat' dir='ltr'>Cacciaguida</span> 
     </span>
     <span class='ocr_line' id='line_1_22' title="bbox 452 3393 1627 3492; baseline -0.005 -18"><span class='ocrx_word' id='word_1_183' title='bbox 452 3402 699 3474; x_wconf 83' lang='lat' dir='ltr'>connumerat</span> <span class='ocrx_word' id='word_1_184' title='bbox 723 3397 815 3472; x_wconf 87' lang='lat' dir='ltr'>duas</span> <span class='ocrx_word' id='word_1_185' title='bbox 839 3395 970 3471; x_wconf 87' lang='lat' dir='ltr'>domos</span> <span class='ocrx_word' id='word_1_186' title='bbox 994 3394 1175 3490; x_wconf 85' lang='lat' dir='ltr'>antiquas,</span> <span class='ocrx_word' id='word_1_187' title='bbox 1201 3417 1363 3492; x_wconf 87' lang='lat' dir='ltr'>quarum</span> <span class='ocrx_word' id='word_1_188' title='bbox 1387 3396 1542 3472; x_wconf 87' lang='lat' dir='ltr'>alteram</span> <span class='ocrx_word' id='word_1_189' title='bbox 1560 3393 1627 3469; x_wconf 88' lang='lat' dir='ltr'>de·</span> 
     </span>
     <span class='ocr_line' id='line_1_23' title="bbox 452 3515 1628 3614; baseline -0.004 -20"><span class='ocrx_word' id='word_1_190' title='bbox 452 3517 576 3594; x_wconf 84' lang='lat' dir='ltr'>scribit</span> <span class='ocrx_word' id='word_1_191' title='bbox 601 3537 624 3592; x_wconf 93' lang='lat' dir='ltr'>a</span> <span class='ocrx_word' id='word_1_192' title='bbox 649 3516 843 3612; x_wconf 87' lang='lat' dir='ltr'>prudentia</span> <span class='ocrx_word' id='word_1_193' title='bbox 873 3516 1035 3614; x_wconf 78' lang='lat' dir='ltr'>regendi,</span> <span class='ocrx_word' id='word_1_194' title='bbox 1069 3518 1226 3593; x_wconf 88' lang='lat' dir='ltr'>alteram</span> <span class='ocrx_word' id='word_1_195' title='bbox 1256 3539 1279 3592; x_wconf 95' lang='lat' dir='ltr'>a</span> <span class='ocrx_word' id='word_1_196' title='bbox 1309 3516 1519 3592; x_wconf 83' lang='lat' dir='ltr'>tortitudine</span> <span class='ocrx_word' id='word_1_197' title='bbox 1548 3515 1628 3590; x_wconf 92' lang='lat' dir='ltr'>bel·</span> 
     </span>
     <span class='ocr_line' id='line_1_24' title="bbox 452 3625 1627 3734; baseline -0.002 -22"><span class='ocrx_word' id='word_1_198' title='bbox 452 3637 560 3712; x_wconf 89' lang='lat' dir='ltr'>landi.</span> <span class='ocrx_word' id='word_1_199' title='bbox 587 3638 640 3713; x_wconf 83' lang='lat' dir='ltr'>lio</span> <span class='ocrx_word' id='word_1_200' title='bbox 665 3637 784 3734; x_wconf 90' lang='lat' dir='ltr'>prima</span> <span class='ocrx_word' id='word_1_201' title='bbox 810 3657 901 3734; x_wconf 83' lang='lat' dir='ltr'>ergo</span> <span class='ocrx_word' id='word_1_202' title='bbox 925 3636 1029 3713; x_wconf 86' lang='lat' dir='ltr'>dicit:</span> <span class='ocrx_word' id='word_1_203' title='bbox 1052 3640 1137 3726; x_wconf 80' lang='lat' dir='ltr'>(luel</span> <span class='ocrx_word' id='word_1_204' title='bbox 1151 3639 1245 3711; x_wconf 83' lang='lat' dir='ltr'>detta</span> <span class='ocrx_word' id='word_1_205' title='bbox 1264 3642 1396 3711; x_wconf 84' lang='lat' dir='ltr'>Pressa</span> <span class='ocrx_word' id='word_1_206' title='bbox 1414 3657 1546 3728; x_wconf 81' lang='lat' dir='ltr'>supera</span> <span class='ocrx_word' id='word_1_207' title='bbox 1564 3625 1627 3726; x_wconf 77' lang='lat' dir='ltr'>pri</span> 
     </span>
     <span class='ocr_line' id='line_1_25' title="bbox 453 3755 1623 3854; baseline -0.004 -20"><span class='ocrx_word' id='word_1_208' title='bbox 453 3779 549 3834; x_wconf 87' lang='lat' dir='ltr'>come</span> <span class='ocrx_word' id='word_1_209' title='bbox 572 3779 700 3851; x_wconf 78' lang='lat' dir='ltr'>repper</span> <span class='ocrx_word' id='word_1_210' title='bbox 723 3761 756 3832; x_wconf 88' lang='lat' dir='ltr'>si</span> <span class='ocrx_word' id='word_1_211' title='bbox 780 3761 892 3849; x_wconf 75' lang='lat' dir='ltr'>orote,</span> <span class='ocrx_word' id='word_1_212' title='bbox 918 3764 956 3834; x_wconf 85' lang='lat' dir='ltr'>et</span> <span class='ocrx_word' id='word_1_213' title='bbox 985 3758 1064 3832; x_wconf 87' lang='lat' dir='ltr'>haec</span> <span class='ocrx_word' id='word_1_214' title='bbox 1089 3763 1143 3833; x_wconf 86' lang='lat' dir='ltr'>est</span> <span class='ocrx_word' id='word_1_215' title='bbox 1168 3777 1303 3854; x_wconf 80' lang='lat' dir='ltr'>magna</span> <span class='ocrx_word' id='word_1_216' title='bbox 1329 3759 1421 3851; x_wconf 91' lang='lat' dir='ltr'>laus,</span> <span class='ocrx_word' id='word_1_217' title='bbox 1447 3755 1623 3851; x_wconf 86' lang='lat' dir='ltr'>quoniam</span> 
     </span>
     <span class='ocr_line' id='line_1_26' title="bbox 453 3877 1623 3976; baseline -0.003 -22"><span class='ocrx_word' id='word_1_218' title='bbox 453 3878 675 3976; x_wconf 85' lang='lat' dir='ltr'>principatus</span> <span class='ocrx_word' id='word_1_219' title='bbox 692 3879 816 3954; x_wconf 88' lang='lat' dir='ltr'>virum</span> <span class='ocrx_word' id='word_1_220' title='bbox 834 3877 992 3954; x_wconf 88' lang='lat' dir='ltr'>ostendit</span> <span class='ocrx_word' id='word_1_221' title='bbox 1008 3883 1077 3953; x_wconf 86' lang='lat' dir='ltr'>etc.</span> <span class='ocrx_word' id='word_1_222' title='bbox 1104 3878 1157 3954; x_wconf 86' lang='lat' dir='ltr'>lle</span> <span class='ocrx_word' id='word_1_223' title='bbox 1174 3877 1335 3953; x_wconf 85' lang='lat' dir='ltr'>secunda</span> <span class='ocrx_word' id='word_1_224' title='bbox 1351 3877 1455 3953; x_wconf 88' lang='lat' dir='ltr'>dicit:</span> <span class='ocrx_word' id='word_1_225' title='bbox 1473 3881 1518 3952; x_wconf 76' lang='lat' dir='ltr'>erl</span> <span class='ocrx_word' id='word_1_226' title='bbox 1532 3899 1623 3951; x_wconf 85' lang='lat' dir='ltr'>coeo</span> 
     </span>
     <span class='ocr_line' id='line_1_27' title="bbox 457 3989 1625 4092; baseline -0.003 -18"><span class='ocrx_word' id='word_1_227' title='bbox 457 4002 618 4092; x_wconf 80' lang='lat' dir='ltr'>Golipoio</span> <span class='ocrx_word' id='word_1_228' title='bbox 647 3989 707 4090; x_wconf 74' lang='lat' dir='ltr'>pru</span> <span class='ocrx_word' id='word_1_229' title='bbox 739 4002 870 4073; x_wconf 78' lang='lat' dir='ltr'>dorato</span> <span class='ocrx_word' id='word_1_230' title='bbox 904 4000 1012 4072; x_wconf 85' lang='lat' dir='ltr'>l&#39;etsa</span> <span class='ocrx_word' id='word_1_231' title='bbox 1041 4000 1110 4071; x_wconf 88' lang='lat' dir='ltr'>e&#39;l</span> <span class='ocrx_word' id='word_1_232' title='bbox 1129 4019 1234 4091; x_wconf 74' lang='lat' dir='ltr'>pomo</span> <span class='ocrx_word' id='word_1_233' title='bbox 1265 3999 1304 4072; x_wconf 82' lang='lat' dir='ltr'>iu</span> <span class='ocrx_word' id='word_1_234' title='bbox 1332 4018 1418 4071; x_wconf 87' lang='lat' dir='ltr'>cusu</span> <span class='ocrx_word' id='word_1_235' title='bbox 1447 4019 1522 4072; x_wconf 86' lang='lat' dir='ltr'>suu.</span> <span class='ocrx_word' id='word_1_236' title='bbox 1553 3998 1625 4072; x_wconf 88' lang='lat' dir='ltr'>Per</span> 
     </span>
    </p>
   </div>
   <div class='ocr_carea' id='block_1_4' title="bbox 449 4108 1726 4817">
    <p class='ocr_par' dir='ltr' id='par_1_4' title="bbox 449 4108 1726 4817">
     <span class='ocr_line' id='line_1_28' title="bbox 453 4108 1625 4216; baseline -0.004 -20"><span class='ocrx_word' id='word_1_237' title='bbox 453 4123 524 4198; x_wconf 89' lang='lat' dir='ltr'>boc</span> <span class='ocrx_word' id='word_1_238' title='bbox 549 4126 650 4196; x_wconf 90' lang='lat' dir='ltr'>notat</span> <span class='ocrx_word' id='word_1_239' title='bbox 664 4109 713 4212; x_wconf 82' lang='lat'>(³),</span> <span class='ocrx_word' id='word_1_240' title='bbox 739 4119 838 4214; x_wconf 90' lang='lat' dir='ltr'>qnod</span> <span class='ocrx_word' id='word_1_241' title='bbox 863 4118 999 4193; x_wconf 86' lang='lat' dir='ltr'>iamilia</span> <span class='ocrx_word' id='word_1_242' title='bbox 1023 4117 1274 4216; x_wconf 82' lang='lat' dir='ltr'>Caligaiorum</span> <span class='ocrx_word' id='word_1_243' title='bbox 1300 4125 1382 4194; x_wconf 93' lang='lat' dir='ltr'>erat</span> <span class='ocrx_word' id='word_1_244' title='bbox 1405 4120 1484 4214; x_wconf 83' lang='lat' dir='ltr'>jam</span> <span class='ocrx_word' id='word_1_245' title='bbox 1498 4108 1535 4211; x_wconf 74' lang='lat'>(⁸)</span> <span class='ocrx_word' id='word_1_246' title='bbox 1562 4138 1625 4193; x_wconf 92' lang='lat' dir='ltr'>or·</span> 
     </span>
     <span class='ocr_line' id='line_1_29' title="bbox 452 4237 1726 4337; baseline -0.005 -21"><span class='ocrx_word' id='word_1_247' title='bbox 452 4249 538 4320; x_wconf 84' lang='lat' dir='ltr'>nata</span> <span class='ocrx_word' id='word_1_248' title='bbox 563 4239 738 4337; x_wconf 81' lang='lat' dir='ltr'>dignitate</span> <span class='ocrx_word' id='word_1_249' title='bbox 763 4237 919 4312; x_wconf 86' lang='lat' dir='ltr'>militari.</span> <span class='ocrx_word' id='word_1_250' title='bbox 934 4279 984 4292; x_wconf 98' lang='lat'>-</span> <span class='ocrx_word' id='word_1_251' title='bbox 1000 4241 1153 4313; x_wconf 61' lang='lat' dir='ltr'>Graece</span> <span class='ocrx_word' id='word_1_252' title='bbox 1187 4237 1252 4313; x_wconf 88' lang='lat' dir='ltr'>llic</span> <span class='ocrx_word' id='word_1_253' title='bbox 1285 4237 1525 4336; x_wconf 80' lang='lat' dir='ltr'>Cacciaguida</span> <span class='ocrx_word' id='word_1_254' title='bbox 1554 4237 1625 4312; x_wconf 91' lang='lat' dir='ltr'>sub</span> <span class='ocrx_word' id='word_1_255' title='bbox 1719 4246 1726 4260; x_wconf 89' lang='lat'>&#39;</span> 
     </span>
     <span class='ocr_line' id='line_1_30' title="bbox 452 4357 1623 4455; baseline -0.003 -19"><span class='ocrx_word' id='word_1_256' title='bbox 452 4383 528 4437; x_wconf 90' lang='lat' dir='ltr'>uno</span> <span class='ocrx_word' id='word_1_257' title='bbox 554 4361 746 4436; x_wconf 89' lang='lat' dir='ltr'>involucro</span> <span class='ocrx_word' id='word_1_258' title='bbox 771 4358 906 4434; x_wconf 91' lang='lat' dir='ltr'>claudit</span> <span class='ocrx_word' id='word_1_259' title='bbox 931 4367 1071 4455; x_wconf 88' lang='lat' dir='ltr'>septem</span> <span class='ocrx_word' id='word_1_260' title='bbox 1098 4357 1263 4454; x_wconf 80' lang='lat' dir='ltr'>familias,</span> <span class='ocrx_word' id='word_1_261' title='bbox 1285 4379 1445 4454; x_wconf 90' lang='lat' dir='ltr'>quarum</span> <span class='ocrx_word' id='word_1_262' title='bbox 1466 4358 1623 4454; x_wconf 89' lang='lat' dir='ltr'>primam</span> 
     </span>
     <span class='ocr_line' id='line_1_31' title="bbox 452 4468 1625 4574; baseline -0.003 -18"><span class='ocrx_word' id='word_1_263' title='bbox 452 4481 623 4558; x_wconf 77' lang='lat' dir='ltr'>describit</span> <span class='ocrx_word' id='word_1_264' title='bbox 647 4479 695 4555; x_wconf 87' lang='lat' dir='ltr'>ab</span> <span class='ocrx_word' id='word_1_265' title='bbox 715 4486 919 4574; x_wconf 86' lang='lat' dir='ltr'>armatura,</span> <span class='ocrx_word' id='word_1_266' title='bbox 943 4478 1085 4554; x_wconf 87' lang='lat' dir='ltr'>dicens:</span> <span class='ocrx_word' id='word_1_267' title='bbox 1107 4480 1244 4553; x_wconf 81' lang='lat' dir='ltr'>Grond&#39;</span> <span class='ocrx_word' id='word_1_268' title='bbox 1256 4499 1321 4552; x_wconf 88' lang='lat' dir='ltr'>era</span> <span class='ocrx_word' id='word_1_269' title='bbox 1340 4468 1402 4570; x_wconf 76' lang='lat' dir='ltr'>ptri</span> <span class='ocrx_word' id='word_1_270' title='bbox 1419 4480 1457 4551; x_wconf 86' lang='lat' dir='ltr'>lc</span> <span class='ocrx_word' id='word_1_271' title='bbox 1472 4480 1625 4552; x_wconf 81' lang='lat' dir='ltr'>celenna</span> 
     </span>
     <span class='ocr_line' id='line_1_32' title="bbox 450 4597 1621 4696; baseline -0.005 -18"><span class='ocrx_word' id='word_1_272' title='bbox 450 4605 509 4678; x_wconf 78' lang='lat' dir='ltr'>det</span> <span class='ocrx_word' id='word_1_273' title='bbox 531 4605 627 4676; x_wconf 83' lang='lat' dir='ltr'>Vuio.</span> <span class='ocrx_word' id='word_1_274' title='bbox 646 4600 706 4675; x_wconf 87' lang='lat' dir='ltr'>lsti</span> <span class='ocrx_word' id='word_1_275' title='bbox 724 4605 904 4676; x_wconf 82' lang='lat' dir='ltr'>vocantur</span> <span class='ocrx_word' id='word_1_276' title='bbox 921 4597 1022 4696; x_wconf 83' lang='lat' dir='ltr'>Pigli,</span> <span class='ocrx_word' id='word_1_277' title='bbox 1040 4599 1104 4694; x_wconf 90' lang='lat' dir='ltr'>qui</span> <span class='ocrx_word' id='word_1_278' title='bbox 1126 4599 1262 4675; x_wconf 87' lang='lat' dir='ltr'>babent</span> <span class='ocrx_word' id='word_1_279' title='bbox 1278 4619 1392 4673; x_wconf 91' lang='lat' dir='ltr'>unam</span> <span class='ocrx_word' id='word_1_280' title='bbox 1409 4600 1621 4673; x_wconf 91' lang='lat' dir='ltr'>columnam</span> 
     </span>
     <span class='ocr_line' id='line_1_33' title="bbox 449 4718 1624 4817; baseline -0.004 -20"><span class='ocrx_word' id='word_1_281' title='bbox 449 4722 496 4799; x_wconf 90' lang='lat' dir='ltr'>de</span> <span class='ocrx_word' id='word_1_282' title='bbox 521 4722 625 4798; x_wconf 83' lang='lat' dir='ltr'>vario</span> <span class='ocrx_word' id='word_1_283' title='bbox 651 4741 719 4816; x_wconf 95' lang='lat' dir='ltr'>pro</span> <span class='ocrx_word' id='word_1_284' title='bbox 745 4719 910 4817; x_wconf 86' lang='lat' dir='ltr'>insignio.</span> <span class='ocrx_word' id='word_1_285' title='bbox 929 4719 1099 4813; x_wconf 83' lang='lat' dir='ltr'>Quinque</span> <span class='ocrx_word' id='word_1_286' title='bbox 1119 4718 1248 4794; x_wconf 88' lang='lat' dir='ltr'>domos</span> <span class='ocrx_word' id='word_1_287' title='bbox 1267 4718 1479 4814; x_wconf 89' lang='lat' dir='ltr'>simpliciter</span> <span class='ocrx_word' id='word_1_288' title='bbox 1504 4718 1624 4794; x_wconf 91' lang='lat' dir='ltr'>nomi·</span> 
     </span>
    </p>
   </div>
   <div class='ocr_carea' id='block_1_5' title="bbox 512 4903 1555 5049">
    <p class='ocr_par' dir='ltr' id='par_1_5' title="bbox 512 4903 1555 5049">
     <span class='ocr_line' id='line_1_34' title="bbox 513 4903 1227 4970; baseline -0.004 -11"><span class='ocrx_word' id='word_1_289' title='bbox 513 4905 542 4970; x_wconf 82' lang='lat'>(¹)</span> <span class='ocrx_word' id='word_1_290' title='bbox 558 4907 589 4958; x_wconf 82' lang='lat' dir='ltr'>ll.</span> <span class='ocrx_word' id='word_1_291' title='bbox 605 4906 709 4958; x_wconf 79' lang='lat' dir='ltr'>circuli.</span> <span class='ocrx_word' id='word_1_292' title='bbox 960 4903 988 4970; x_wconf 82' lang='lat'>(¹)</span> <span class='ocrx_word' id='word_1_293' title='bbox 1003 4905 1034 4957; x_wconf 80' lang='lat' dir='ltr'>lt</span> <span class='ocrx_word' id='word_1_294' title='bbox 1051 4904 1227 4957; x_wconf 84' lang='lat' dir='ltr'>Circulornm.</span> 
     </span>
     <span class='ocr_line' id='line_1_35' title="bbox 512 4982 1555 5049; baseline -0.003 -12"><span class='ocrx_word' id='word_1_295' title='bbox 512 4982 540 5048; x_wconf 66' lang='grc' dir='ltr'>ι’)</span> <span class='ocrx_word' id='word_1_296' title='bbox 557 4983 582 5036; x_wconf 80' lang='lat' dir='ltr'>S.</span> <span class='ocrx_word' id='word_1_297' title='bbox 599 4983 712 5036; x_wconf 75' lang='lat' dir='ltr'>rimotat.</span> <span class='ocrx_word' id='word_1_298' title='bbox 962 4983 990 5046; x_wconf 76' lang='lat'>(⁸)</span> <span class='ocrx_word' id='word_1_299' title='bbox 1005 4983 1037 5036; x_wconf 82' lang='lat' dir='ltr'>li.</span> <span class='ocrx_word' id='word_1_300' title='bbox 1049 4983 1105 5048; x_wconf 75' lang='lat' dir='ltr'>jorn</span> <span class='ocrx_word' id='word_1_301' title='bbox 1120 4983 1248 5046; x_wconf 69' lang='lat' dir='ltr'>ordinata,</span> <span class='ocrx_word' id='word_1_302' title='bbox 1263 4987 1407 5049; x_wconf 72' lang='lat' dir='ltr'>munna</span> <span class='ocrx_word' id='word_1_303' title='bbox 1422 4983 1555 5048; x_wconf 62' lang='lat' dir='ltr'>munitate</span> 
     </span>
    </p>
   </div>
   <div class='ocr_carea' id='block_1_6' title="bbox 0 0 2426 6642">
    <p class='ocr_par' dir='ltr' id='par_1_6' title="bbox 0 0 2426 6642">
     <span class='ocr_line' id='line_1_36' title="bbox 0 0 2426 6642; baseline 0 1"><span class='ocrx_word' id='word_1_304' title='bbox 0 0 2426 6642; x_wconf 95' lang='lat' dir='ltr'> </span> 
     </span>
    </p>
   </div>
  </div>
 </body>
</html>
