4842 6642
771 870 910 927 murus
935 872 1092 928 oncruus
1117 874 1301 929 sensimus.
1552 860 1618 929 1⁹1

446 1017 650 1114 organales,
677 1016 813 1093 scilicet
839 1038 972 1095 novem
998 1020 1144 1095 ordines
1165 1021 1396 1116 angelorum.
1411 1060 1461 1076 -
1476 1025 1569 1110 Quot
1590 1026 1623 1094 ri

354 1122 356 1125 ’
444 1130 549 1228 port
576 1136 641 1211 Hic
667 1134 907 1234 Cacclagoida
934 1138 1056 1235 incipit
1090 1159 1245 1213 narrare
1275 1139 1462 1213 lortunam
1487 1161 1623 1236 appro-

446 1256 684 1352 pinquantem
711 1259 853 1353 autori;
871 1270 909 1337 et
932 1260 1053 1355 primo
1073 1259 1237 1355 praedicit
1253 1260 1320 1334 sihi
1337 1260 1418 1335 eius
1437 1262 1623 1357 expulsio·

448 1396 531 1453 nem
559 1377 744 1474 iniustam,
771 1400 882 1473 quam
911 1382 1067 1476 explicat
1087 1402 1152 1477 per
1175 1402 1286 1455 unam
1309 1382 1622 1476 comparationem

447 1498 722 1595 pulcerrimum.
748 1501 803 1577 hd
828 1502 935 1577 cuius
959 1502 1234 1600 intelligentiam
1262 1510 1317 1578 est
1342 1502 1622 1597 praesciendum,

449 1620 560 1715 quod,
573 1618 667 1695 siem
680 1620 804 1697 scribit
817 1623 956 1698 Seneca
974 1623 1068 1698 libro
1081 1622 1374 1720 Tragoediarum,
1388 1622 1424 1696 in
1443 1622 1623 1719 tragoedia

449 1760 534 1835 quae
566 1741 771 1817 intitulatur
804 1743 1030 1839 Hippolytus,
1060 1744 1213 1818 l‘haedra
1246 1764 1341 1817 uxor
1366 1744 1494 1818 Thesei
1520 1744 1623 1819 ducis

450 1863 674 1937 Athenarum
690 1856 741 1956 (¹),
768 1870 873 1958 capta
899 1864 1142 1958 pulcritudine
1168 1862 1347 1960 Hippolyti
1374 1863 1528 1960 privigni
1553 1865 1623 1958 sui,

450 1984 569 2077 ipsum
596 1980 786 2077 requisivit
809 1985 856 2060 de
879 1992 1018 2081 stupro.
1045 1986 1126 2074 Quo
1152 1984 1360 2059 consentire
1386 1986 1544 2077 nolente,
1563 1985 1623 2059 illa

450 2102 496 2177 ud
513 2104 787 2180 exeusationem
808 2127 884 2181 suae
903 2106 1104 2182 inhoneste
1120 2106 1239 2200 colpae
1252 2104 1424 2180 clamavit
1437 2112 1505 2179 etc.
1519 2106 1625 2179 Nunc

450 2223 496 2297 nd
521 2222 683 2300 literam:
701 2226 786 2301 dicit
806 2226 1066 2323 Caeciaguida:
1093 2224 1140 2300 fili
1169 2225 1239 2297 mi:
1265 2228 1311 2297 dl
1333 2228 1359 2299 ti
1381 2245 1513 2299 convert
1533 2246 1626 2319 por·

450 2346 515 2417 tire
539 2348 591 2419 tot
612 2348 650 2419 di
680 2349 840 2437 lirense,
870 2346 1016 2441 scilicet,
1049 2347 1234 2421 nolentem
1268 2344 1475 2421 consentire
1504 2346 1627 2440 pravis

450 2463 621 2559 operibus
639 2465 775 2540 civium
795 2473 958 2560 tuorum,
979 2470 1065 2559 puol
1078 2469 1110 2539 si
1120 2457 1220 2559 porti
1237 2468 1397 2559 Ippolito,
1415 2465 1510 2539 lilius
1530 2466 1626 2541 The·

451 2582 514 2679 sei,
540 2587 589 2658 do
606 2592 725 2678 Amne,
746 2587 893 2662 civitate
918 2608 997 2681 sua,
1010 2608 1078 2679 per
1104 2589 1140 2659 to
1165 2607 1332 2677 noomoa,
1352 2586 1499 2680 scilicet,
1521 2587 1626 2661 Phre-

451 2704 571 2798 ‹lram,
595 2709 755 2798 spietmo,
776 2728 861 2801 quae
882 2706 993 2802 impie
1012 2705 1167 2801 perdidit
1178 2706 1357 2801 juvenem
1379 2704 1626 2802 innocentem,

452 2843 563 2917 quem
591 2825 747 2901 debehat
773 2828 924 2901 honeste
948 2826 1100 2923 diligere
1120 2832 1312 2921 tamquam
1337 2825 1474 2921 lilium3
1500 2848 1627 2920 eper-

347 2950 350 2955 '
451 2946 542 3037 fido,
570 2966 655 3039 qoae
683 2946 838 3041 perdidit
869 2946 976 3021 lidem
1010 2966 1122 3040 quam
1149 2946 1305 3021 debehat
1335 2946 1473 3021 hahere
1498 2946 1544 3020 ad
1572 2947 1628 3020 vi-

454 3084 537 3137 rum
564 3084 686 3137 suum.
713 3066 757 3139 Et
783 3066 840 3140 hio
865 3074 950 3140 nota
981 3066 1168 3161 quomodo
1199 3066 1426 3159 comparatio
1457 3072 1512 3140 est
1542 3086 1629 3161 pro·

454 3182 631 3277 priissima
657 3184 704 3258 ad
729 3188 974 3281 propositum:
994 3185 1201 3259 sicutenim
1220 3185 1434 3280 Hippolytus
1454 3184 1630 3259 innocens

453 3311 490 3378 et
515 3306 689 3379 honestus
714 3305 782 3379 luit
806 3308 932 3403 pulsus
950 3305 996 3381 de
1014 3305 1235 3380 nobilissima
1254 3303 1372 3401 patria
1389 3326 1457 3380 soa
1483 3305 1630 3380 civitate

453 3418 749 3513 Athenarum-et
771 3420 903 3493 missus
927 3420 974 3495 ad
999 3426 1195 3511 tormenta,
1222 3419 1309 3513 quin
1337 3419 1454 3493 noluit
1474 3438 1630 3494 consen·

455 3537 524 3612 tire
557 3537 757 3613 luxuriosae
792 3540 970 3616 voluntati
990 3530 1028 3631 (²)
1056 3560 1225 3614 noveroae
1257 3559 1335 3613 suae
1369 3538 1553 3631 Phaedrae3
1578 3538 1629 3611 ita

454 3664 563 3733 autor
584 3660 706 3754 justus
732 3668 768 3735 et
794 3660 916 3735 insons
941 3659 1009 3733 luit
1039 3660 1166 3754 pulsus
1198 3660 1452 3734 florentissima
1482 3659 1630 3735 civitate

456 3778 648 3853 Florentiae
673 3780 790 3873 patria
811 3802 890 3873 sua,
910 3781 1036 3855 nolens
1053 3780 1260 3855 consentire
1275 3779 1475 3855 libidinosae
1496 3778 1630 3852 soluo·

460 3900 519 3975 tati
546 3900 752 3994 Florentio,
778 3924 890 3996 quam
918 3902 1053 3997 reperit
1073 3921 1272 3977 novercam
1299 3907 1337 3975 et
1362 3921 1436 3973 non
1458 3906 1628 3991 matrem,

456 4028 494 4095 et
524 4021 655 4095 missus
690 4031 745 4097 est
778 4024 824 4097 ad
856 4022 1086 4097 incommoda
1122 4042 1267 4117 magna.
1300 4020 1435 4096 Civitas
1467 4040 1629 4113 namque

457 4142 684 4217 Athenarum
710 4143 826 4240 viguit
853 4163 986 4240 magna
1013 4142 1187 4238 sapientia
1213 4149 1252 4217 et
1275 4141 1497 4235 eloquentia,
1515 4144 1554 4214 et
1573 4146 1629 4213 ta·

458 4282 543 4338 men
569 4284 665 4359 saepe
692 4284 823 4361 magna
843 4265 938 4338 mala
957 4262 1041 4339 lecit
1057 4270 1095 4337 et
1113 4263 1274 4338 maxime
1290 4262 1378 4335 vitio
1398 4260 1630 4357 ingratitudi-

459 4382 511 4457 nis
529 4383 707 4459 laboravlt
724 4390 851 4459 contra
874 4382 971 4458 cives
989 4404 1075 4457 suos
1093 4381 1349 4474 benemeritos,
1368 4380 1460 4455 sicut
1482 4378 1632 4476 egregie

456 4502 613 4577 ostendit
636 4503 804 4578 Valerios
838 4510 876 4579 et
906 4503 1079 4577 lustinus.
1111 4504 1162 4575 lta
1196 4500 1380 4575 Florentia
1413 4498 1632 4596 orgarium

458 4640 545 4697 suos
559 4622 738 4717 optimos,
755 4631 844 4718 puta
869 4624 1037 4717 Dantem,
1056 4622 1307 4716 Petrarcham,
1323 4620 1542 4719 Hoocaclum
1560 4624 1629 4694 etc.

459 4746 500 4815 ut
520 4742 642 4817 statim
660 4743 813 4819 dicetur.
827 4784 878 4797 —
894 4748 1028 4833 onusto.
1048 4742 1112 4816 Hic
1132 4740 1373 4838 Cacciaguida
1389 4738 1547 4814 ostendit
1562 4759 1632 4813 au-

521 5006 550 5067 (¹)
566 5004 598 5057 Il.
614 5005 780 5059 Athenarum
796 5007 877 5071 patris
892 5006 972 5070 ipsios
987 5004 1131 5069 Hippolyti,
1148 5008 1232 5067 capto.
1374 5001 1401 5063 (⁸)
1417 5000 1449 5053 lt.
1465 5000 1601 5065 voluptati.
