4842 6642
915 883 937 948 6
1305 892 1511 948 conmonuit
1534 895 1700 948 amanis!

913 1037 1009 1111 linus
1035 1037 1098 1132 qui
1125 1058 1214 1113 vere
1238 1038 1307 1112 init
1332 1037 1391 1112 iar
1417 1038 1561 1132 ardens,
1588 1037 1788 1112 immittens
1813 1037 2020 1130 incendium
2049 1040 2086 1113 in

914 1157 1059 1233 vicinos.
1087 1158 1172 1234 ldeo
1196 1159 1301 1233 dicit:
1327 1161 1387 1232 cte
1407 1161 1481 1253 fece
1505 1161 1578 1232 aaa
1603 1161 1791 1252 conrado,
1819 1159 1965 1254 scilicet,
1991 1161 2087 1235 llar-

913 1279 1005 1354 eoiae
1030 1280 1250 1373 Tarvisanae,
1279 1300 1327 1352 un
1356 1281 1494 1371 mande
1522 1281 1664 1352 assatio.
1691 1279 1880 1355 Albericus
1906 1301 1995 1356 vero
2021 1280 2088 1356 luit

913 1401 984 1476 alia
1010 1399 1082 1495 lan,
1103 1400 1237 1476 ardens
1254 1399 1419 1492 libidine;
1437 1405 1474 1474 et
1489 1393 1526 1491 (¹)
1544 1399 1686 1474 Cunitia
1708 1400 1776 1474 luit
1794 1402 1927 1476 ardens
1944 1422 2084 1476 amore.

915 1519 1103 1596 Eccelinus
1138 1527 1263 1594 tamen
1293 1540 1367 1594 non
1397 1521 1556 1593 multum
1587 1519 1731 1594 curavit
1759 1519 1807 1594 de
1839 1522 2017 1597 venereis.
2035 1563 2085 1576 -

915 1644 1039 1714 Hono
1065 1643 1195 1714 radice.
1223 1639 1287 1714 llic
1312 1639 1456 1714 Cunitia
1476 1639 1648 1715 describit
1672 1661 1713 1715 se
1737 1661 1759 1715 a
1785 1642 1997 1736 parentibus
2018 1662 2085 1716 no·

914 1761 1012 1834 mine
1030 1767 1066 1835 et
1083 1767 1194 1852 sorte,
1211 1759 1359 1835 dicens:
1385 1765 1431 1833 Et
1444 1763 1480 1832 io
1499 1768 1531 1833 et
1547 1763 1628 1850 etto,
1645 1760 1790 1851 scilicet,
1809 1760 1940 1855 iacula,
1957 1767 2085 1854 nacpoi

912 1884 946 1956 d
959 1901 1031 1954 nna
1056 1883 1191 1974 radice,
1219 1880 1322 1974 idest,
1348 1900 1395 1954 ex
1420 1879 1551 1955 eodem
1578 1885 1682 1975 patre
1706 1886 1745 1956 et
1775 1887 1906 1975 matre,
1936 1881 2085 1956 nomine

912 1995 1059 2077 rldaleta
1074 1993 1125 2096 (¹),
1144 2009 1184 2074 nt
1204 2000 1330 2074 scribit
1354 2001 1536 2076 llussatus
1560 2009 1668 2096 poeta
1694 2001 1905 2096 paduanns3
1931 2005 2085 2076 camara

910 2125 963 2218 firi
987 2124 1182 2215 stromata,
1211 2140 1347 2195 nomen
1373 2121 1561 2216 proprium
1595 2128 1660 2210 est,
1682 2123 1790 2216 ,quasi
1821 2123 2081 2217 connunciens,

913 2242 1020 2337 idest,
1047 2261 1206 2335 vocans5
1238 2262 1256 2313 e
1293 2243 1352 2333 qni
1388 2243 1533 2335 risntpo,
1564 2241 1667 2334 idest,
1699 2242 1912 2338 resplendeo
1946 2242 1983 2315 in
2017 2241 2085 2316 isto

912 2363 1057 2460 planeta
1086 2361 1239 2437 Veneris
1273 2360 1557 2458 fulgentissima,
1585 2358 1713 2456 percle?
1740 2365 1789 2436 mi
1817 2366 1912 2436 oinse
1940 2367 1968 2436 a
1995 2366 2084 2436 turne

912 2487 1029 2558 d'esto
1057 2485 1169 2574 stella,
1199 2482 1345 2575 scilicet,
1371 2481 1534 2576 Veneris,
1565 2483 1652 2577 quia
1668 2473 1704 2576 (³)
1732 2483 1858 2557 habuit
1891 2482 2085 2578 praedomi-

912 2604 1014 2678 nium
1042 2625 1154 2699 snpra
1172 2624 1244 2678 me.
1264 2604 1307 2676 Et
1324 2602 1519 2698 respondet
1535 2603 1725 2697 quaestioni
1745 2605 1874 2698 tacitae,
1896 2605 1983 2699 qnia
2001 2625 2085 2699 pos·

911 2731 965 2800 set
991 2723 1121 2798 obiici:
1149 2722 1337 2818 quomodo
1362 2744 1454 2820 ergo
1479 2744 1519 2798 es
1545 2724 1683 2798 salvata
1709 2730 1747 2799 et
1779 2725 1912 2798 beata?
1936 2725 2081 2800 dicens:

911 2866 970 2918 ma
995 2848 1183 2919 tietamcnte
1207 2865 1232 2916 a
1259 2865 1312 2916 me
1338 2845 1512 2917 medesrna
1537 2846 1694 2936 indolpo,
1722 2842 1825 2936 idest,
1856 2843 2015 2936 remitto,
2046 2848 2083 2918 tn

911 2969 1039 3057 capion
1064 2968 1195 3039 dimin
1220 2972 1327 3055 sorte,
1353 2965 1499 3058 scilicet,
1526 2965 1752 3039 intluentiam
1780 2963 1941 3057 Veneris,
1967 2988 1986 3037 e
2010 2985 2081 3037 non

912 3090 961 3159 mi
983 3087 1079 3178 nmo,
1108 3085 1200 3159 idest
1226 3105 1299 3160 non
1326 3085 1479 3159 moleste
1504 3083 1593 3177 iero,
1626 3085 1685 3156 cle
1712 3088 1843 3177 pnrn'o
1869 3088 1968 3177 forse
1989 3087 2084 3194 sorta

912 3209 950 3280 ot
966 3213 1083 3279 vostro
1098 3207 1221 3294 oripo:
1240 3203 1443 3298 benedicit,
1457 3203 1543 3298 quia
1562 3203 1771 3299 ignorantes
1785 3204 1968 3277 mirantur
1985 3205 2085 3298 quod
2212 3267 2218 3280 .

912 3348 987 3401 una
1013 3327 1152 3400 lamosa
1179 3325 1355 3399 meretrix
1381 3325 1427 3398 sit
1453 3324 1570 3417 beata,
1588 3344 1661 3397 non
1687 3323 1958 3418 considerantes
1984 3327 2082 3419 quod

911 3447 1005 3522 istud
1020 3447 1146 3519 vitium
1166 3452 1222 3520 est
1239 3446 1418 3538 naturale,
1436 3465 1636 3518 commune
1652 3449 1690 3518 et
1709 3443 1812 3538 qnasi
1836 3446 2082 3519 necessarium

803 3611 805 3617 ,
910 3567 1095 3666 potissime
1115 3567 1326 3663 juvenibus,
1353 3573 1394 3639 nt
1421 3571 1545 3659 postea
1569 3564 1722 3639 dicetur.
1738 3568 1847 3637 -Di
1871 3574 2001 3657 questa
2020 3567 2083 3641 llic

911 3687 1053 3764 Cunitia
1069 3686 1116 3761 ad
1133 3685 1426 3761 confirmandum
1445 3684 1582 3759 dictum
1605 3705 1716 3758 sunm
1744 3684 1948 3759 manifestat
1973 3686 2081 3760 aliam

910 3809 1071 3883 animam
1099 3806 1328 3900 modernam,
1355 3825 1439 3900 quae
1464 3805 1532 3878 init
1557 3824 1704 3898 semper
1737 3824 1908 3879 amorosa
1934 3805 1971 3878 in
1997 3805 2081 3901 vita,

910 3934 948 4003 et
976 3933 1100 4002 tamen
1133 3933 1213 4023 post
1247 3932 1406 4001 mortem
1440 3931 1495 4000 est
1527 3924 1631 4000 valde
1662 3924 1813 3999 famosa.
1849 3926 1941 4000 Dicit
1966 3947 2081 4024 ergo:

913 4051 1057 4122 Grande
1079 4051 1193 4143 sarna,
1212 4048 1358 4141 scilicet,
1384 4047 1493 4138 bona,
1519 4067 1593 4140 qua
1620 4045 1705 4118 nihil
1734 4045 1864 4138 rarius,
1892 4047 1977 4120 ninii
2003 4055 2081 4122 tar·

909 4169 1001 4264 dim,
1029 4167 1115 4242 nihil
1140 4173 1219 4242 toto
1236 4167 1327 4242 orbe
1344 4160 1567 4261 preclarius,
1585 4165 1671 4259 quia
1698 4165 1860 4260 procedit
1884 4187 1906 4240 a
1932 4167 2080 4260 virtute,

908 4293 1051 4378 morose,
1077 4289 1114 4361 in
1140 4287 1291 4381 mondo,
1318 4290 1356 4361 di
1379 4294 1498 4378 questa
1515 4289 1685 4360 loculenta
1707 4307 1835 4359 ecara
1851 4289 1962 4380 piola,
1978 4287 2080 4380 idest,

909 4409 1091 4482 luminosa
1122 4413 1158 4483 et
1190 4407 1348 4503 pretiosa
1381 4406 1516 4500 anima,
1542 4410 1600 4480 det
1629 4414 1752 4480 nosco
1779 4409 1876 4500 nelo,
1905 4405 2007 4501 idest,
2034 4407 2081 4482 de

910 4549 1016 4624 spera
1040 4527 1203 4622 Veneris,
1230 4531 1290 4602 cte
1319 4523 1381 4620 ptri
1406 4524 1483 4601 rn'e‘
1501 4531 1716 4621 propinquo,
1742 4528 1844 4622 idest,
1873 4528 1989 4625 magis
2013 4550 2079 4626 ap-

910 4649 1093 4746 proximat
1119 4648 1217 4742 mihi,
1238 4647 1326 4741 quia
1351 4652 1407 4722 est
1427 4647 1515 4720 mihi
1534 4648 1651 4742 magis
1667 4648 1884 4722 conformis:
1904 4651 1982 4723 haec
2000 4658 2080 4724 erat

910 4769 1032 4843 anima
1059 4768 1249 4843 cuiusdam
1274 4767 1376 4842 Falci
1401 4767 1448 4842 de
1471 4767 1636 4860 Massilia,
1664 4774 1706 4840 ut
1723 4776 1848 4862 postea
1866 4769 2017 4843 dicetur.
2038 4769 2082 4843 Et

972 5031 999 5094 ς’)
1014 5029 1044 5079 B.
1060 5034 1087 5079 et
1102 5029 1150 5080 isto
1166 5027 1276 5081 Cunitln.
1370 5027 1397 5090 (¹)
1414 5027 1445 5077 Ε.
1462 5025 1598 5090 Adcleyts.
1691 5023 1719 5089 l‘)
1735 5023 1765 5076 ll.
1782 5037 1797 5074 e
1814 5029 1837 5086 t,
1853 5039 1912 5090 qno
1929 5027 2026 5079 habult.
