4842 6642
805 833 876 899 aba
1194 844 1400 901 comparum
1424 846 1591 899 araneis}

802 990 838 1066 in
866 1010 991 1088 regem
1018 990 1192 1085 Franciae,
1218 990 1322 1065 dicit:
1348 990 1611 1064 ces’nrmnsre
1634 993 1830 1065 daimonte
1854 993 1914 1065 cite
1939 993 1976 1063 tu

800 1115 927 1206 fuscia,
954 1112 1056 1205 idest,
1083 1111 1146 1206 qui
1179 1113 1290 1208 cingit
1322 1132 1418 1206 cam,
1444 1119 1482 1187 et
1512 1133 1536 1187 a
1565 1110 1679 1187 Gallia
1709 1112 1846 1205 dividit,
1872 1110 1977 1203 idest,

801 1231 968 1306 tortilitiis
993 1231 1078 1305 suis.
1105 1232 1217 1319 Quasi
1234 1231 1347 1306 dicat:
1375 1231 1403 1304 si
1430 1231 1670 1327 praemuniret
1690 1231 1740 1305 ita
1758 1252 1809 1324 se,
1829 1239 1866 1305 et
1891 1251 1977 1326 pro·

804 1352 943 1427 videret
976 1352 1054 1447 sibi,
1086 1353 1298 1447 resistendo,
1328 1352 1427 1446 quod
1466 1373 1540 1426 nou
1578 1352 1721 1427 veniret
1758 1353 1827 1426 sub
1862 1372 1975 1427 mauu

804 1471 1037 1566 iraucorum3
1063 1479 1101 1546 et
1125 1472 1176 1547 sic
1209 1472 1320 1547 tacite
1351 1471 1512 1568 praedicit
1542 1472 1641 1565 quod
1671 1479 1895 1567 perventura
1919 1478 1976 1547 est

804 1592 850 1667 ad
866 1586 902 1683 (¹)
928 1591 1190 1667 subiectionem
1217 1612 1362 1686 eorum,
1393 1613 1554 1687 quorum
1590 1592 1761 1687 superbia
1795 1612 1889 1667 vana
1920 1598 1977 1667 est

803 1712 1047 1787 intolerabilis.
1061 1718 1157 1787 -Ε
1178 1716 1313 1787 credo.
1340 1713 1406 1789 llic
1432 1714 1561 1788 ultimo
1586 1714 1709 1808 aquila
1735 1713 1886 1788 infamat
1914 1731 1977 1787 re·

803 1852 888 1930 gem
915 1834 1094 1929 cyprium,
1122 1854 1233 1929 quem
1259 1834 1345 1909 dicit
1377 1835 1503 1910 vivere
1534 1835 1753 1929 voluptuose
1783 1840 1975 1928 tamquam

803 1955 969 2030 bestiam.
993 1955 1092 2030 Unde
1109 1955 1210 2029 dicit:
1229 1960 1263 2028 E
1275 1959 1400 2029 credor
1416 1959 1478 2030 dec
1494 1960 1634 2029 ciascun
1648 1958 1711 2029 cic
1725 1946 1788 2047 pet
1799 1976 1868 2047 per
1883 1975 1978 2027 urru

803 2078 841 2151 di
866 2083 996 2169 questo,
1022 2075 1124 2168 idest,
1143 2096 1209 2171 per
1232 2075 1379 2171 signum
1400 2076 1512 2151 buius
1533 2076 1690 2152 vaticinii
1716 2077 1775 2151 vel
1799 2075 1895 2168 iibri,
1914 2078 1979 2149 Ni·

698 2268 701 2275 .
802 2200 899 2270 cestu
924 2218 943 2266 c
968 2201 1195 2287 Fumapostu,
1215 2217 1281 2290 per
1297 2217 1391 2289 quas
1415 2195 1478 2270 dat
1502 2196 1653 2292 intelligi
1680 2216 1838 2293 regnum
1857 2195 1977 2291 Cypri.

803 2317 865 2389 list
890 2315 986 2389 enim
1014 2316 1155 2391 Nicosia
1181 2316 1308 2391 civitas
1338 2317 1375 2389 in
1408 2317 1528 2413 Cypro
1554 2336 1638 2410 quae
1663 2324 1731 2391 etc.
1760 2316 1979 2412 Famagosta

804 2435 874 2510 alia
900 2435 1026 2509 civitas
1053 2436 1171 2510 maior
1191 2442 1229 2511 et
1249 2437 1367 2531 ditior,
1385 2436 1431 2511 ad
1449 2457 1562 2530 quam
1585 2444 1641 2511 est
1661 2437 1870 2511 eommunis
1890 2456 1979 2511 con·

804 2576 935 2631 cursus
962 2566 1238 2651 mercatorum3
1263 2560 1295 2630 si
1319 2560 1461 2631 tumenti
1490 2579 1509 2629 e
1538 2577 1669 2647 penu,
1695 2557 1797 2650 idest,
1824 2557 1977 2650 rixetur,

803 2696 868 2769 per
893 2679 929 2749 ta
955 2679 1011 2748 tor
1035 2678 1154 2767 besta,
1181 2676 1284 2772 idest,
1311 2684 1459 2774 propter
1486 2697 1612 2771 regem
1639 2697 1750 2751 suum
1780 2676 1979 2751 bestialiter

806 2797 1001 2871 viventem.
1028 2797 1130 2871 Unde
1154 2796 1258 2871 dicit:
1286 2800 1358 2889 cte,
1384 2797 1486 2891 idest,
1512 2797 1576 2892 qui
1608 2817 1686 2890 rex,
1712 2818 1785 2871 noa
1808 2800 1840 2869 rt
1863 2804 1980 2869 scorta

805 2920 867 2991 dal
887 2920 1005 3009 fiunto
1029 2920 1107 2993 dctt’
1121 2921 1223 3008 ultre,
1249 2918 1351 3013 idest,
1378 2938 1454 2992 nou
1478 2918 1671 3011 discordat,
1701 2938 1769 2993 nec
1795 2916 1932 2993 recedit
1956 2938 1979 2992 a

805 3038 921 3112 latere
946 3038 1103 3111 aliarum
1131 3038 1344 3131 bestiarum,
1371 3038 1463 3112 idest
1486 3035 1644 3111 aliorum
1672 3058 1803 3133 regum
1832 3038 1980 3113 vitioso-

806 3179 902 3232 nrm.
929 3160 971 3231 Et
998 3180 1086 3233 vere
1113 3179 1184 3232 uon
1211 3160 1436 3253 discobaeret,
1463 3165 1499 3235 et
1530 3180 1602 3233 non
1633 3159 1850 3233 dissociatur
1875 3180 1897 3231 a
1924 3158 1980 3233 ri·

805 3298 892 3353 vere
918 3278 1057 3351 bestiali
1082 3278 1253 3371 aliorum,
1281 3278 1395 3353 immo
1430 3278 1540 3354 vincit
1569 3285 1607 3353 et
1631 3278 1774 3379 excedit
1798 3300 1884 3352 cum
1911 3298 1980 3353 sua

804 3407 914 3496 gente
937 3399 1045 3495 Cypri
1071 3419 1200 3472 omues
1228 3420 1334 3494 reges
1359 3405 1396 3473 ct
1420 3406 1549 3495 gentes
1584 3420 1786 3496 regnorum
1811 3398 1981 3473 cbristia·

805 3519 925 3593 nitatis
943 3518 980 3591 iu
997 3520 1250 3613 superfluitate
1267 3518 1437 3612 lururiae,
1454 3519 1564 3615 gulae,
1579 3518 1752 3613 mollitiei,
1770 3526 1809 3593 et
1824 3519 1861 3591 iu
1879 3517 1981 3598 omui

805 3658 941 3735 genere
968 3640 1209 3734 voluptatum.
1238 3638 1309 3714 Sed
1335 3639 1429 3713 velle
1453 3639 1662 3715 describere
1686 3660 1825 3736 genera
1851 3641 1981 3735 epula-

807 3780 902 3853 rum,
917 3760 1251 3853 sumptuositatem,
1268 3759 1494 3853 varietatem,
1512 3766 1550 3833 et
1568 3758 1806 3852 nimietatem,
1821 3759 1981 3833 lastidio-

806 3899 889 3952 sum
916 3886 1011 3953 esset
1036 3900 1201 3975 narrare,
1224 3887 1262 3955 et
1285 3879 1477 3953 taediosum
1499 3880 1661 3954 scribere
1678 3885 1717 3953 et
1733 3878 1979 3973 perniciosum

806 3998 945 4073 audire.
961 4000 1045 4074 ldeo
1059 4000 1126 4073 viri
1144 4001 1267 4075 sobrie
1283 4008 1320 4075 et
1338 4006 1587 4095 temperanter
1608 4000 1773 4073 viventes
1792 3998 1926 4074 debent
1941 3990 1978 4091 (¹)

807 4127 977 4195 avertere
1002 4122 1129 4195 oculos
1154 4142 1175 4195 a
1203 4121 1369 4214 videndo,
1388 4126 1425 4194 et
1444 4140 1556 4195 aures
1580 4120 1628 4195 ab
1652 4119 1834 4195 audiendo
1858 4139 1981 4194 mores

726 4220 729 4227 ¹
809 4240 1056 4315 meretricales
1081 4241 1241 4315 lubricos
1266 4247 1304 4315 et
1329 4240 1472 4315 ioetidos
1488 4240 1617 4314 insulae
1634 4239 1741 4333 illius,
1760 4260 1872 4334 quam
1895 4260 1982 4334 per·

807 4360 972 4437 mittente
990 4362 1065 4435 lieo
1083 4383 1181 4437 nuuc
1201 4363 1402 4457 januenses
1427 4362 1652 4455 invaserunt,
1670 4366 1979 4455 expugnaverunt

806 4488 843 4555 et
871 4483 965 4556 male
981 4472 1018 4573 (³)
1046 4483 1330 4567 mulctaveruut.

868 4666 896 4725 (¹)
912 4666 942 4715 li.
959 4668 990 4715 cd
1008 4680 1099 4716 manus
1115 4682 1217 4718 eorum.
1406 4669 1435 4731 (¹)
1450 4668 1476 4719 S.
1493 4682 1508 4719 ο
1526 4668 1556 4719 Β,
1573 4668 1707 4719 deberent,

868 4738 895 4802 (⁸)
913 4740 942 4789 Ε.
959 4742 1027 4793 male
1043 4747 1222 4795 tractaverunt
1235 4748 1263 4795 ct
1278 4744 1481 4795 mulctarcruut.
