4842 6642
535 1301 701 1370 CANTUS
724 1301 915 1370 DECIMUS
939 1300 1172 1382 SECUNDUS,
1196 1303 1233 1368 tn
1254 1323 1315 1386 quo
1337 1301 1419 1368 alter
1440 1303 1574 1384 spirituo

788 1419 905 1480 narrat
925 1415 1023 1480 vitum
1046 1413 1130 1479 beati
1151 1413 1321 1481 Dominici.

544 1645 633 1815 Sl
651 1762 768 1815 rosro
791 1763 887 1816 come
911 1745 1064 1817 totdma
1085 1746 1229 1836 parole.
1255 1744 1454 1838 Postquam
1474 1743 1510 1817 in
1532 1759 1644 1836 supe-

472 1863 560 1937 riori
577 1862 733 1957 capitulo
751 1861 919 1956 proxime
935 1863 1155 1956 praecedenti
1172 1869 1282 1938 autor
1299 1868 1423 1938 noster
1441 1860 1643 1937 introduxit

472 1985 650 2060 Thomam
667 1981 714 2056 de
729 1981 885 2076 Aquino,
903 1983 965 2077 qui
985 1984 1147 2058 narravit
1173 1992 1210 2058 et
1235 1984 1507 2060 commendavit
1530 1984 1641 2058 vitam

471 2095 635 2195 sancti(¹)
662 2103 855 2197 Francisci,
882 2109 920 2178 ot
952 2104 1112 2199 culpavit
1140 2105 1252 2178 vitam
1277 2125 1433 2180 snorum
1459 2104 1641 2195 fratrum3

471 2243 569 2298 nuuc
595 2229 863 2316 consequenter
888 2222 925 2296 in
947 2223 1016 2296 isto
1041 2224 1104 2297 llll
1130 2224 1289 2318 capitulo
1306 2223 1502 2299 introducit
1527 2224 1640 2298 alium

472 2343 638 2439 spiritum
656 2342 720 2436 qui
739 2349 866 2418 narrat
884 2343 995 2417 vitam
1014 2344 1111 2418 beati
1128 2343 1317 2438 Dominici,
1335 2353 1373 2418 ot
1389 2345 1512 2440 culpat
1528 2344 1641 2418 vitam

474 2484 627 2538 suorum
654 2464 811 2538 fratrum
838 2465 1036 2539 minorum.
1064 2466 1108 2538 ut
1125 2486 1286 2562 presens
1308 2465 1507 2560 capitulum
1526 2471 1643 2561 potest

474 2705 592 2801 prima
616 2711 727 2780 autor
751 2705 1000 2799 superinducit
1025 2705 1134 2781 aliam
1161 2727 1338 2781 eoronam
1364 2706 1573 2780 animarum
1595 2706 1644 2779 si-

475 2824 616 2898 milium
647 2824 783 2920 primis.
810 2824 1036 2899 insecundo
1070 2824 1206 2900 inducit
1239 2845 1353 2899 unam
1387 2825 1534 2900 illarum
1564 2825 1644 2901 ani·

476 2966 638 3037 marum,
663 2965 747 3039 quae
778 2950 904 3020 narrat
931 2949 968 3021 et
998 2945 1232 3021 commendat
1257 2945 1369 3020 vitam
1400 2946 1576 3020 Dominici
1592 2937 1643 3040 (ἢ,

476 3065 547 3139 ibi:
574 3062 701 3139 Poictd
722 3069 748 3138 'l
771 3069 932 3158 tripudio.
959 3065 999 3140 ln
1026 3066 1134 3141 tertia
1158 3066 1254 3140 dicta
1279 3066 1404 3142 anima
1428 3067 1579 3142 damnat
1608 3073 1645 3141 et

476 3185 659 3279 vituperat
675 3185 787 3260 vitam
807 3206 962 3261 suorum
980 3186 1137 3260 fratrum
1154 3185 1342 3260 minorum
1367 3187 1644 3283 modernorum,

474 3303 546 3378 ibi:
572 3309 617 3378 Se
642 3307 753 3400 tolle
778 3308 800 3379 t
813 3327 895 3379 uno.
922 3307 962 3381 ln
988 3310 1122 3400 quarta
1147 3315 1185 3382 ot
1209 3305 1339 3380 ultima
1356 3306 1451 3381 dicta
1466 3297 1503 3400 (³)
1521 3308 1644 3408 anima

475 3423 639 3520 propalat
655 3444 695 3500 se
713 3431 750 3500 et
766 3425 855 3500 alias
880 3425 1022 3501 animas
1048 3424 1312 3500 constituentes
1328 3425 1426 3499 illam
1445 3427 1645 3502 secundam

474 3564 664 3639 coronam,
681 3545 753 3620 ibi:
781 3549 821 3618 lo
846 3568 912 3620 son
932 3548 968 3618 to
987 3547 1069 3619 vitu.
1088 3545 1141 3619 lld
1160 3545 1320 3639 primum
1343 3565 1432 3642 ergo
1449 3545 1530 3620 dico
1546 3547 1645 3640 quod

476 3665 513 3740 in
543 3665 660 3761 prima
693 3672 798 3762 parte
826 3667 990 3762 generali
1023 3673 1133 3742 autor
1164 3665 1413 3760 superinducit
1444 3666 1553 3739 aliam
1582 3686 1647 3740 oo·

411 3815 413 3818 ·
477 3806 607 3861 ronam
632 3786 841 3862 animarum
868 3786 1039 3861 similium
1060 3787 1197 3881 primis.
1225 3786 1269 3860 Et
1293 3786 1412 3882 primo
1430 3786 1647 3860 continuans

476 3906 571 3980 dicta
596 3905 755 3982 dicendis
780 3907 950 3982 describit
976 3907 1133 3982 reditum
1161 3906 1288 4002 primae
1319 3925 1465 3981 coronae
1496 3906 1542 3981 ad
1572 3906 1648 4001 pri-

478 4047 582 4100 mum
609 4034 753 4101 motum
778 4033 816 4102 et
841 4033 991 4136 cantum
1017 4047 1140 4120 suum,
1167 4034 1204 4101 et
1233 4025 1554 4121 superventionem
1588 4046 1648 4100 se-

477 4144 607 4220 cundae
632 4165 797 4240 coronam
818 4153 855 4222 et
880 4147 965 4222 dicit
988 4147 1089 4241 quod
1115 4146 1236 4220 statim
1254 4167 1342 4220 oum
1359 4145 1517 4220 Thomas
1534 4144 1647 4220 linivit

479 4284 688 4340 sermonem
714 4287 837 4362 suum,
863 4266 996 4342 onimae
1021 4268 1138 4342 beatae
1155 4267 1202 4341 de
1219 4267 1279 4340 illa
1301 4287 1438 4340 corona
1460 4265 1648 4359 reincepe-

479 4390 566 4458 runt
590 4385 778 4460 dimissum
806 4387 1018 4482 tripudium,
1044 4407 1113 4462 nec
1141 4386 1420 4482 compleverunt
1443 4407 1550 4461 suam
1574 4386 1648 4462 cir·

477 4506 710 4601 culatiouem,
728 4507 827 4600 quod
848 4507 969 4581 statim
994 4507 1088 4582 alius
1113 4508 1273 4583 circulus
1298 4506 1553 4582 circumcinxit
1571 4505 1648 4602 pri·

479 4647 581 4700 mum
609 4627 787 4701 circulum
809 4627 1043 4702 conformans
1068 4647 1108 4702 se
1133 4647 1260 4702 socom
1287 4627 1324 4701 in
1350 4631 1453 4700 motu
1470 4631 1507 4702 et
1524 4633 1645 4701 cantu.

478 4745 582 4820 Nunc
607 4765 751 4840 erpone
776 4746 827 4820 sio
853 4746 1015 4822 literam:
1042 4751 1094 4820 Lo
1117 4753 1224 4820 santo
1247 4749 1356 4837 moto,
1381 4745 1485 4839 idest,
1510 4767 1647 4823 corona

542 4931 569 4993 (¹)
585 4931 617 4982 B.
632 4930 711 4982 vitam
728 4931 794 4982 beati
810 4931 950 4982 Francisci.
1138 4931 1165 4996 (¹)
1181 4932 1213 4984 E·
1229 4934 1308 4984 vium
1324 4932 1392 4983 Mi
1408 4931 1545 4984 minid-

542 5007 568 5070 (¹)
584 5007 616 5058 E.
631 5007 685 5071 ipso
700 5007 792 5060 aalma.
