4842 6642
794 841 865 910 302
1182 853 1387 910 cornuorum
1412 853 1579 908 naasorsr

791 995 845 1072 dit
857 989 908 1091 (¹),
920 997 1115 1073 ostendens
1139 996 1206 1072 sibi
1232 997 1345 1072 altam
1370 996 1525 1072 scalam:
1551 994 1708 1072 ascende
1734 997 1820 1092 quia
1837 1004 1963 1092 aperta

794 1125 860 1194 est.
873 1118 938 1193 llle
956 1118 1062 1192 laetus
1082 1117 1282 1194 ascendens
1298 1117 1436 1192 invenit
1454 1118 1575 1192 locum
1596 1117 1684 1190 tanti
1703 1117 1866 1192 thesauri
1887 1117 1966 1193 siue

793 1239 887 1314 ostio
912 1240 971 1313 vel
996 1238 1100 1332 clavi,
1126 1239 1389 1335 ingressusque
1409 1237 1497 1312 vidit
1513 1237 1666 1312 berbam
1686 1245 1809 1312 natam
1827 1258 1893 1333 per
1912 1240 1966 1313 ie-

796 1368 950 1456 uestras,
974 1365 1012 1436 et
1036 1359 1148 1433 libros
1177 1377 1307 1434 omnes
1332 1379 1418 1434 cum
1451 1359 1575 1434 baucis
1607 1359 1788 1455 coopertis
1813 1359 1965 1454 pulvere

795 1483 888 1576 alt03
907 1487 944 1556 et
964 1479 1205 1554 mirabundus
1226 1479 1337 1574 coepit
1355 1479 1501 1574 aperire
1517 1485 1554 1556 et
1571 1479 1721 1554 volvere
1738 1500 1837 1555 nunc
1854 1479 1962 1554 istum

796 1602 946 1695 librum,
972 1619 1072 1675 nunc
1096 1599 1212 1694 illum,
1239 1599 1451 1694 invenitque
1477 1601 1525 1674 ibi
1553 1600 1667 1674 multa
1684 1606 1722 1676 et
1739 1599 1842 1676 varia
1858 1602 1964 1676 volu·

796 1722 897 1796 mina
911 1721 1149 1814 antiquorum
1168 1727 1207 1796 et
1224 1721 1506 1818 peregrinorum
1520 1721 1719 1814 librorum3
1737 1741 1783 1796 ex
1802 1741 1962 1816 quorum

795 1841 980 1936 aliquibus
1003 1840 1157 1916 detracti
1182 1847 1290 1916 eraut
1314 1841 1425 1936 aliqui
1458 1840 1640 1935 quaterni,
1671 1861 1718 1915 ex
1748 1839 1827 1917 aliis
1861 1842 1965 1917 recisi

797 1962 982 2058 margines
1002 1962 1231 2056 chartarum,
1249 1967 1286 2036 et
1310 1962 1362 2036 sic
1388 1960 1635 2057 multipliciter
1654 1959 1865 2036 deformati:
1883 1969 1966 2036 tnn-

796 2081 880 2157 dem
907 2080 1103 2156 miseratus
1133 2080 1278 2156 labores
1303 2089 1341 2156 et
1365 2081 1483 2156 studia
1510 2089 1563 2156 tot
1593 2073 1964 2180 inclytissimorumt‘)

796 2201 1030 2300 ingeniorum
1054 2201 1245 2278 devenisse
1270 2202 1316 2276 ad
1342 2223 1475 2278 manus
1500 2202 1829 2298 perditissimorum
1848 2202 1967 2279 bomi-

796 2343 899 2416 num,
924 2321 1051 2398 dolens
1076 2329 1114 2397 et
1138 2323 1371 2420 illacrymans
1386 2313 1423 2416 (³)
1448 2323 1615 2418 recessit;
1641 2331 1678 2401 et
1702 2345 1904 2400 occurrens
1929 2325 1965 2399 iu

796 2444 958 2518 obustro
981 2443 1108 2539 petivit
1132 2463 1155 2518 a
1181 2446 1363 2520 monacho
1388 2444 1500 2520 obvio
1519 2465 1635 2540 quare
1659 2445 1741 2520 libri
1765 2445 1813 2520 illi
1831 2447 1967 2541 pretio·

796 2563 927 2638 sisaim
951 2572 1074 2638 essem
1097 2564 1147 2638 ita
1174 2564 1330 2660 turpiter
1345 2561 1563 2640 detruncati.
1581 2565 1650 2654 Qui
1668 2565 1852 2662 respondit
1869 2565 1966 2660 quod

797 2683 910 2778 albai
927 2683 1110 2777 monachi,
1123 2683 1288 2758 volentes
1304 2684 1440 2760 lucrari
1457 2685 1550 2758 duna
1568 2686 1626 2760 vel
1644 2682 1966 2780 quinquesolidos,

798 2801 977 2879 radebant
991 2823 1110 2878 unum
1130 2812 1354 2898 quaternum
1373 2810 1411 2880 et
1427 2803 1609 2880 iaciebant
1624 2804 1860 2900 psalteriolos
1874 2824 1967 2900 quos

797 2923 1006 3000 vendebant
1021 2923 1165 3019 pueris;
1179 2928 1219 2998 et
1235 2923 1284 2999 ita
1301 2924 1349 3000 de
1366 2925 1593 3022 marginibus
1605 2925 1785 3002 iaciebant
1798 2915 1836 3018 (⁴)
1855 2943 1968 3001 evan·

797 3044 893 3142 galia
918 3051 957 3120 et
980 3043 1121 3139 brevia,
1141 3063 1227 3138 quae
1243 3045 1451 3120 vendebant
1476 3045 1702 3121 mulieribus.
1716 3045 1829 3121 ‘Nunc
1844 3037 1894 3139 (⁶),
1914 3045 1968 3120 vir

797 3163 969 3259 undam
1008 3165 1138 3260 irange
1175 3164 1238 3240 tibi
1275 3173 1385 3260 caput
1423 3185 1490 3261 pro
1527 3165 1691 3242 iaciendo
1725 3166 1847 3242 libros.
1862 3170 1970 3240 -Le

798 3303 915 3359 m.
940 3285 1005 3359 llic
1030 3284 1248 3359 Benedictus
1272 3285 1319 3360 ad
1345 3284 1611 3362 verificandum
1637 3285 1736 3381 quod
1756 3286 1900 3362 dixerat
1923 3286 1969 3362 de

797 3405 987 3481 monacbis
1019 3403 1097 3499 illis,
1123 3405 1295 3481 describit
1329 3407 1570 3482 mutationem
1603 3415 1641 3484 et
1671 3408 1967 3503 depravationem

797 3545 944 3622 eorum,
970 3526 1111 3602 dicens:
1138 3530 1184 3600 te
1208 3547 1315 3601 marro
1338 3531 1399 3602 obe
1426 3529 1570 3602 robono
1595 3549 1689 3604 esser
1714 3530 1834 3621 badio,
1868 3530 1970 3624 idest,

798 3646 943 3722 abbatia
967 3650 1007 3722 et
1030 3647 1183 3722 eeclesia
1208 3663 1312 3722 saera
1338 3652 1376 3723 et
1400 3647 1532 3723 domus
1558 3648 1744 3744 orationis,
1775 3668 1863 3723 sono
1885 3653 1971 3744 sotto

798 3769 990 3861 rpdoncbe,
1015 3764 1163 3862 scilieet,
1189 3768 1394 3863 latronum3
1420 3775 1458 3844 et
1480 3768 1583 3844 dicit:
1611 3791 1630 3843 s
1653 3773 1685 3844 le
1707 3769 1969 3864 manriques,

800 3889 946 3964 babitus
971 3894 1009 3964 et
1033 3887 1201 3984 capputia
1227 3889 1403 3984 ipsorum,
1428 3909 1494 3964 son
1518 3909 1623 3964 socco
1648 3893 1750 3984 pleno
1778 3893 1817 3965 di
1845 3892 1970 3986 serino

799 4013 873 4102 rto,
900 4008 1006 4103 quasi
1029 4006 1141 4084 duat:
1168 4028 1241 4084 non
1267 4008 1373 4104 plena
1389 3999 1426 4102 (⁶)
1452 4010 1645 4087 sanctitate
1669 4011 1847 4087 virtutum
1875 4011 1970 4088 sicut

801 4129 902 4222 olim,
927 4127 991 4204 sed
1017 4129 1197 4224 pravitate
1223 4129 1410 4226 vitiorum,
1432 4131 1519 4226 quia
1546 4138 1632 4207 sunt
1647 4129 1750 4207 ditati
1775 4141 1814 4209 et
1837 4129 1970 4230 impin·

684 4283 688 4291 ,
801 4249 904 4347 gnati
916 4247 1021 4324 bonis
1034 4249 1207 4326 eeclesia„
1222 4289 1272 4304 -
1283 4255 1346 4326 llo
1359 4269 1480 4344 prom
1499 4251 1565 4328 llic
1577 4252 1794 4330 Benedictus
1810 4252 1969 4331 detesta-

799 4377 864 4444 tur
878 4370 1107 4467 ereptionem
1126 4370 1308 4446 bonorum
1324 4371 1486 4448 ecelesiae
1502 4371 1539 4447 in
1562 4375 1733 4469 praelatis;
1752 4381 1789 4451 et
1807 4375 1969 4454 breviter

749 4525 755 4534 ·
800 4488 1014 4586 dicitquod
1040 4487 1139 4566 nulla
1165 4511 1279 4566 usura
1305 4498 1651 4590 quantumcumque
1674 4493 1798 4592 gravis
1824 4501 1967 4571 tantum

800 4608 952 4686 otiendit
982 4611 1114 4705 ileum
1144 4616 1325 4704 quantum
1350 4611 1517 4690 ¹indebita
1547 4615 1702 4690 retentio
1733 4623 1771 4692 et
1802 4615 1971 4714 erogatio

864 4843 893 4904 tl
906 4841 934 4892 8.
948 4842 1118 4905 mpudens.
1133 4843 1245 4894 ostendit
1261 4842 1318 4894 aibl.
1544 4845 1572 4906 Ρ)
1587 4845 1619 4898 B.
1636 4846 1804 4911 inclytorum.

865 4917 892 4979 (¹)
907 4917 934 4978 s.
950 4916 1105 4982 lacrymans.
1545 4923 1572 4983 θ)
1589 4923 1620 4972 Ε.
1637 4923 1763 4975 iaciebant
1779 4923 1874 4984 brevia,
1888 4937 1955 4988 qun.
1983 4957 1985 4962 -

758 5071 763 5076 .
865 4993 892 5056 (¹5
908 4993 939 5044 B.
955 4993 1031 5046 Nune
1045 5006 1119 5060 ergo,
1136 5009 1153 5046 o
1168 4996 1209 5046 vir
1224 4995 1347 5054 alumnae,
1364 4995 1463 5063 frange.
1544 5000 1570 5062 (η
1588 4999 1620 5052 ll.
1633 5013 1686 5052 m
1701 5005 1762 5050 ruat
1777 4999 1861 5064 plena
