<?xml version="1.0" encoding="UTF-8"?>
<!DOCTYPE html PUBLIC "-//W3C//DTD XHTML 1.0 Transitional//EN"
    "http://www.w3.org/TR/xhtml1/DTD/xhtml1-transitional.dtd">
<html xmlns="http://www.w3.org/1999/xhtml" xml:lang="en" lang="en">
 <head>
  <title>
</title>
<meta http-equiv="Content-Type" content="text/html;charset=utf-8" />
  <meta name='ocr-system' content='tesseract 3.04.00' />
  <meta name='ocr-capabilities' content='ocr_page ocr_carea ocr_par ocr_line ocrx_word'/>
</head>
<body>
  <div class='ocr_page' id='page_1' title='image "./comentumsuperda02benvgoog_0021.png"; bbox 0 0 4842 6642; ppageno 0'>
   <div class='ocr_carea' id='block_1_1' title="bbox 943 841 1669 911">
    <p class='ocr_par' dir='ltr' id='par_1_1' title="bbox 943 841 1669 911">
     <span class='ocr_line' id='line_1_1' title="bbox 943 841 1669 911; baseline -0.006 -1"><span class='ocrx_word' id='word_1_1' title='bbox 943 855 1081 911; x_wconf 75' lang='lat' dir='ltr'>CANTUS</span> <span class='ocrx_word' id='word_1_2' title='bbox 1106 855 1235 910; x_wconf 78' lang='lat' dir='ltr'><strong>NONUS.</strong></span> <span class='ocrx_word' id='word_1_3' title='bbox 1281 854 1283 857; x_wconf 78' lang='grc'><strong>’</strong></span> <span class='ocrx_word' id='word_1_4' title='bbox 1628 841 1669 907; x_wconf 87' lang='grc'><strong>11</strong></span> 
     </span>
    </p>
   </div>
   <div class='ocr_carea' id='block_1_2' title="bbox 497 993 1676 3264">
    <p class='ocr_par' dir='ltr' id='par_1_2' title="bbox 497 993 1676 3264">
     <span class='ocr_line' id='line_1_2' title="bbox 501 993 1675 1096; baseline 0 -22"><span class='ocrx_word' id='word_1_5' title='bbox 501 1008 571 1094; x_wconf 86' lang='lat' dir='ltr'><strong>tro,</strong></span> <span class='ocrx_word' id='word_1_6' title='bbox 597 1001 722 1077; x_wconf 87' lang='lat' dir='ltr'><strong>civitas</strong></span> <span class='ocrx_word' id='word_1_7' title='bbox 736 994 773 1094; x_wconf 81' lang='lat'><strong>(¹)</strong></span> <span class='ocrx_word' id='word_1_8' title='bbox 804 1003 840 1077; x_wconf 89' lang='lat' dir='ltr'><strong>in</strong></span> <span class='ocrx_word' id='word_1_9' title='bbox 872 1002 1028 1077; x_wconf 85' lang='lat' dir='ltr'><strong>confinio</strong></span> <span class='ocrx_word' id='word_1_10' title='bbox 1060 1003 1229 1079; x_wconf 84' lang='lat' dir='ltr'><strong>Marchiae</strong></span> <span class='ocrx_word' id='word_1_11' title='bbox 1258 1001 1467 1095; x_wconf 75' lang='lat' dir='ltr'><strong>Tarvisium,</strong></span> <span class='ocrx_word' id='word_1_12' title='bbox 1495 993 1675 1096; x_wconf 70' lang='lat' dir='ltr'><strong>pianycrd</strong></span> 
     </span>
     <span class='ocr_line' id='line_1_3' title="bbox 500 1123 1675 1218; baseline -0.001 -22"><span class='ocrx_word' id='word_1_13' title='bbox 500 1144 636 1197; x_wconf 83' lang='lat' dir='ltr'><strong>ancora</strong></span> <span class='ocrx_word' id='word_1_14' title='bbox 654 1127 690 1198; x_wconf 85' lang='lat' dir='ltr'><strong>ta</strong></span> <span class='ocrx_word' id='word_1_15' title='bbox 706 1126 856 1218; x_wconf 70' lang='lat' dir='ltr'><strong>dissultu,</strong></span> <span class='ocrx_word' id='word_1_16' title='bbox 884 1123 975 1198; x_wconf 91' lang='lat' dir='ltr'><strong>idest</strong></span> <span class='ocrx_word' id='word_1_17' title='bbox 1000 1124 1183 1198; x_wconf 87' lang='lat' dir='ltr'><strong>deiectum</strong></span> <span class='ocrx_word' id='word_1_18' title='bbox 1211 1123 1444 1214; x_wconf 79' lang='lat' dir='ltr'><strong>sceleratum,</strong></span> <span class='ocrx_word' id='word_1_19' title='bbox 1469 1123 1548 1195; x_wconf 78' lang='lat' dir='ltr'><strong>cett</strong></span> <span class='ocrx_word' id='word_1_20' title='bbox 1563 1125 1675 1215; x_wconf 76' lang='lat' dir='ltr'><strong>empto</strong></span> 
     </span>
     <span class='ocr_line' id='line_1_4' title="bbox 499 1242 1675 1339; baseline -0.003 -21"><span class='ocrx_word' id='word_1_21' title='bbox 499 1265 563 1318; x_wconf 83' lang='lat' dir='ltr'><strong>sno</strong></span> <span class='ocrx_word' id='word_1_22' title='bbox 581 1250 742 1337; x_wconf 81' lang='lat' dir='ltr'><strong>Pastore,</strong></span> <span class='ocrx_word' id='word_1_23' title='bbox 760 1244 862 1338; x_wconf 88' lang='lat' dir='ltr'><strong>idest,</strong></span> <span class='ocrx_word' id='word_1_24' title='bbox 880 1245 1043 1339; x_wconf 82' lang='lat' dir='ltr'><strong>Episcopi</strong></span> <span class='ocrx_word' id='word_1_25' title='bbox 1069 1245 1136 1338; x_wconf 87' lang='lat' dir='ltr'><strong>sui,</strong></span> <span class='ocrx_word' id='word_1_26' title='bbox 1163 1242 1227 1336; x_wconf 88' lang='lat' dir='ltr'><strong>qui</strong></span> <span class='ocrx_word' id='word_1_27' title='bbox 1251 1243 1319 1316; x_wconf 89' lang='lat' dir='ltr'><strong>iuit</strong></span> <span class='ocrx_word' id='word_1_28' title='bbox 1337 1243 1484 1318; x_wconf 87' lang='lat' dir='ltr'><strong>natione</strong></span> <span class='ocrx_word' id='word_1_29' title='bbox 1501 1243 1675 1339; x_wconf 88' lang='lat' dir='ltr'><strong>placenti-</strong></span> 
     </span>
     <span class='ocr_line' id='line_1_5' title="bbox 501 1360 1674 1460; baseline -0.001 -24"><span class='ocrx_word' id='word_1_30' title='bbox 501 1385 584 1458; x_wconf 76' lang='lat' dir='ltr'><strong>nus,</strong></span> <span class='ocrx_word' id='word_1_31' title='bbox 602 1364 665 1457; x_wconf 85' lang='lat' dir='ltr'><strong>qui</strong></span> <span class='ocrx_word' id='word_1_32' title='bbox 691 1365 785 1438; x_wconf 89' lang='lat' dir='ltr'><strong>bene</strong></span> <span class='ocrx_word' id='word_1_33' title='bbox 812 1363 877 1436; x_wconf 89' lang='lat' dir='ltr'><strong>tuit</strong></span> <span class='ocrx_word' id='word_1_34' title='bbox 902 1383 1030 1458; x_wconf 84' lang='lat' dir='ltr'><strong>poenas</strong></span> <span class='ocrx_word' id='word_1_35' title='bbox 1056 1364 1203 1460; x_wconf 81' lang='lat' dir='ltr'><strong>dignas3</strong></span> <span class='ocrx_word' id='word_1_36' title='bbox 1230 1383 1316 1436; x_wconf 93' lang='lat' dir='ltr'><strong>nam</strong></span> <span class='ocrx_word' id='word_1_37' title='bbox 1343 1363 1390 1436; x_wconf 92' lang='lat' dir='ltr'><strong>de</strong></span> <span class='ocrx_word' id='word_1_38' title='bbox 1414 1362 1588 1436; x_wconf 88' lang='lat' dir='ltr'><strong>mandato</strong></span> <span class='ocrx_word' id='word_1_39' title='bbox 1609 1360 1674 1435; x_wconf 93' lang='lat' dir='ltr'><strong>do·</strong></span> 
     </span>
     <span class='ocr_line' id='line_1_6' title="bbox 502 1483 1676 1579; baseline 0.001 -23"><span class='ocrx_word' id='word_1_40' title='bbox 502 1485 591 1558; x_wconf 91' lang='lat' dir='ltr'><strong>mini</strong></span> <span class='ocrx_word' id='word_1_41' title='bbox 609 1483 751 1558; x_wconf 88' lang='lat' dir='ltr'><strong>Rizardi</strong></span> <span class='ocrx_word' id='word_1_42' title='bbox 770 1483 930 1579; x_wconf 65' lang='lat' dir='ltr'><strong>praedicti</strong></span> <span class='ocrx_word' id='word_1_43' title='bbox 957 1484 1024 1557; x_wconf 89' lang='lat' dir='ltr'><strong>suit</strong></span> <span class='ocrx_word' id='word_1_44' title='bbox 1049 1491 1191 1558; x_wconf 87' lang='lat' dir='ltr'><strong>tantum</strong></span> <span class='ocrx_word' id='word_1_45' title='bbox 1219 1504 1415 1578; x_wconf 90' lang='lat' dir='ltr'><strong>percussus</strong></span> <span class='ocrx_word' id='word_1_46' title='bbox 1435 1504 1522 1557; x_wconf 91' lang='lat' dir='ltr'><strong>cum</strong></span> <span class='ocrx_word' id='word_1_47' title='bbox 1544 1503 1676 1557; x_wconf 87' lang='lat' dir='ltr'><strong>saccu-</strong></span> 
     </span>
     <span class='ocr_line' id='line_1_7' title="bbox 501 1603 1674 1700; baseline -0.001 -22"><span class='ocrx_word' id='word_1_48' title='bbox 501 1603 545 1678; x_wconf 90' lang='lat' dir='ltr'><strong>lis</strong></span> <span class='ocrx_word' id='word_1_49' title='bbox 570 1603 698 1698; x_wconf 87' lang='lat' dir='ltr'><strong>sabuli,</strong></span> <span class='ocrx_word' id='word_1_50' title='bbox 721 1605 819 1699; x_wconf 86' lang='lat' dir='ltr'><strong>quod</strong></span> <span class='ocrx_word' id='word_1_51' title='bbox 845 1604 965 1678; x_wconf 90' lang='lat' dir='ltr'><strong>emisit</strong></span> <span class='ocrx_word' id='word_1_52' title='bbox 989 1605 1112 1678; x_wconf 90' lang='lat' dir='ltr'><strong>omnia</strong></span> <span class='ocrx_word' id='word_1_53' title='bbox 1138 1604 1279 1678; x_wconf 88' lang='lat' dir='ltr'><strong>viscera</strong></span> <span class='ocrx_word' id='word_1_54' title='bbox 1305 1611 1343 1678; x_wconf 93' lang='lat' dir='ltr'><strong>et</strong></span> <span class='ocrx_word' id='word_1_55' title='bbox 1367 1603 1583 1700; x_wconf 80' lang='lat' dir='ltr'><strong>sanguinem</strong></span> <span class='ocrx_word' id='word_1_56' title='bbox 1608 1624 1674 1700; x_wconf 85' lang='lat' dir='ltr'><strong>per</strong></span> 
     </span>
     <span class='ocr_line' id='line_1_8' title="bbox 503 1723 1673 1820; baseline -0.002 -22"><span class='ocrx_word' id='word_1_57' title='bbox 503 1723 751 1820; x_wconf 80' lang='lat' dir='ltr'><strong>egestionem:</strong></span> <span class='ocrx_word' id='word_1_58' title='bbox 779 1731 815 1798; x_wconf 90' lang='lat' dir='ltr'><strong>et</strong></span> <span class='ocrx_word' id='word_1_59' title='bbox 842 1726 996 1819; x_wconf 83' lang='lat' dir='ltr'><strong>populus</strong></span> <span class='ocrx_word' id='word_1_60' title='bbox 1022 1724 1133 1799; x_wconf 88' lang='lat' dir='ltr'><strong>etiam</strong></span> <span class='ocrx_word' id='word_1_61' title='bbox 1160 1723 1237 1817; x_wconf 85' lang='lat' dir='ltr'><strong>luit,</strong></span> <span class='ocrx_word' id='word_1_62' title='bbox 1265 1724 1328 1818; x_wconf 88' lang='lat' dir='ltr'><strong>qui</strong></span> <span class='ocrx_word' id='word_1_63' title='bbox 1355 1724 1452 1798; x_wconf 90' lang='lat' dir='ltr'><strong>venit</strong></span> <span class='ocrx_word' id='word_1_64' title='bbox 1484 1723 1530 1798; x_wconf 94' lang='lat' dir='ltr'><strong>de</strong></span> <span class='ocrx_word' id='word_1_65' title='bbox 1562 1725 1673 1798; x_wconf 89' lang='lat' dir='ltr'><strong>liber·</strong></span> 
     </span>
     <span class='ocr_line' id='line_1_9' title="bbox 503 1843 1673 1940; baseline -0.001 -22"><span class='ocrx_word' id='word_1_66' title='bbox 503 1850 577 1919; x_wconf 88' lang='lat' dir='ltr'><strong>tate</strong></span> <span class='ocrx_word' id='word_1_67' title='bbox 602 1843 638 1916; x_wconf 90' lang='lat' dir='ltr'><strong>in</strong></span> <span class='ocrx_word' id='word_1_68' title='bbox 664 1844 876 1919; x_wconf 89' lang='lat' dir='ltr'><strong>servitutem</strong></span> <span class='ocrx_word' id='word_1_69' title='bbox 904 1846 974 1919; x_wconf 91' lang='lat' dir='ltr'><strong>sub</strong></span> <span class='ocrx_word' id='word_1_70' title='bbox 1000 1845 1191 1940; x_wconf 80' lang='lat' dir='ltr'><strong>tyrannide</strong></span> <span class='ocrx_word' id='word_1_71' title='bbox 1216 1845 1328 1939; x_wconf 90' lang='lat' dir='ltr'><strong>ipsius</strong></span> <span class='ocrx_word' id='word_1_72' title='bbox 1353 1844 1507 1919; x_wconf 88' lang='lat' dir='ltr'><strong>Rizardi.</strong></span> <span class='ocrx_word' id='word_1_73' title='bbox 1531 1845 1574 1917; x_wconf 83' lang='lat' dir='ltr'><strong>ut</strong></span> <span class='ocrx_word' id='word_1_74' title='bbox 1591 1851 1673 1918; x_wconf 88' lang='lat' dir='ltr'><strong>tan-</strong></span> 
     </span>
     <span class='ocr_line' id='line_1_10' title="bbox 501 1958 1673 2062; baseline 0 -24"><span class='ocrx_word' id='word_1_75' title='bbox 501 1965 554 2062; x_wconf 82' lang='lat' dir='ltr'><strong>git</strong></span> <span class='ocrx_word' id='word_1_76' title='bbox 578 1964 806 2039; x_wconf 80' lang='lat' dir='ltr'><strong>atrocitatem</strong></span> <span class='ocrx_word' id='word_1_77' title='bbox 833 1967 990 2060; x_wconf 85' lang='lat' dir='ltr'><strong>sceleris,</strong></span> <span class='ocrx_word' id='word_1_78' title='bbox 1017 1966 1163 2040; x_wconf 90' lang='lat' dir='ltr'><strong>dicens:</strong></span> <span class='ocrx_word' id='word_1_79' title='bbox 1190 1970 1250 2038; x_wconf 85' lang='lat' dir='ltr'><strong>obe</strong></span> <span class='ocrx_word' id='word_1_80' title='bbox 1274 1958 1362 2039; x_wconf 85' lang='lat' dir='ltr'><strong>sard</strong></span> <span class='ocrx_word' id='word_1_81' title='bbox 1386 1971 1541 2060; x_wconf 82' lang='lat' dir='ltr'><strong>sconcia,</strong></span> <span class='ocrx_word' id='word_1_82' title='bbox 1569 1967 1673 2060; x_wconf 88' lang='lat' dir='ltr'><strong>idest,</strong></span> 
     </span>
     <span class='ocr_line' id='line_1_11' title="bbox 501 2085 1673 2181; baseline -0.001 -20"><span class='ocrx_word' id='word_1_83' title='bbox 501 2087 663 2161; x_wconf 88' lang='lat' dir='ltr'><strong>enormis</strong></span> <span class='ocrx_word' id='word_1_84' title='bbox 697 2085 776 2159; x_wconf 92' lang='lat' dir='ltr'><strong>sine</strong></span> <span class='ocrx_word' id='word_1_85' title='bbox 808 2088 990 2180; x_wconf 81' lang='lat' dir='ltr'><strong>exempto,</strong></span> <span class='ocrx_word' id='word_1_86' title='bbox 1023 2085 1109 2181; x_wconf 88' lang='lat' dir='ltr'><strong>qnia</strong></span> <span class='ocrx_word' id='word_1_87' title='bbox 1143 2085 1236 2159; x_wconf 91' lang='lat' dir='ltr'><strong>alius</strong></span> <span class='ocrx_word' id='word_1_88' title='bbox 1271 2086 1441 2160; x_wconf 89' lang='lat' dir='ltr'><strong>sacerdos</strong></span> <span class='ocrx_word' id='word_1_89' title='bbox 1474 2087 1673 2161; x_wconf 84' lang='lat' dir='ltr'><strong>sceleratus</strong></span> 
     </span>
     <span class='ocr_line' id='line_1_12' title="bbox 501 2205 1674 2302; baseline 0 -22"><span class='ocrx_word' id='word_1_90' title='bbox 501 2227 575 2280; x_wconf 90' lang='lat' dir='ltr'><strong>uon</strong></span> <span class='ocrx_word' id='word_1_91' title='bbox 601 2205 668 2279; x_wconf 90' lang='lat' dir='ltr'><strong>init</strong></span> <span class='ocrx_word' id='word_1_92' title='bbox 693 2227 840 2302; x_wconf 88' lang='lat' dir='ltr'><strong>poenam</strong></span> <span class='ocrx_word' id='word_1_93' title='bbox 868 2226 934 2300; x_wconf 86' lang='lat' dir='ltr'><strong>pro</strong></span> <span class='ocrx_word' id='word_1_94' title='bbox 960 2205 1114 2280; x_wconf 91' lang='lat' dir='ltr'><strong>crimine</strong></span> <span class='ocrx_word' id='word_1_95' title='bbox 1140 2205 1257 2279; x_wconf 86' lang='lat' dir='ltr'><strong>simili.</strong></span> <span class='ocrx_word' id='word_1_96' title='bbox 1285 2205 1388 2280; x_wconf 90' lang='lat' dir='ltr'><strong>Unde</strong></span> <span class='ocrx_word' id='word_1_97' title='bbox 1412 2205 1522 2280; x_wconf 88' lang='lat' dir='ltr'><strong>dicit:</strong></span> <span class='ocrx_word' id='word_1_98' title='bbox 1549 2207 1674 2280; x_wconf 80' lang='lat' dir='ltr'><strong>tntcbc</strong></span> 
     </span>
     <span class='ocr_line' id='line_1_13' title="bbox 497 2319 1671 2424; baseline 0.001 -24"><span class='ocrx_word' id='word_1_99' title='bbox 497 2347 564 2421; x_wconf 76' lang='lat' dir='ltr'><strong>por</strong></span> <span class='ocrx_word' id='word_1_100' title='bbox 588 2330 709 2418; x_wconf 83' lang='lat' dir='ltr'><strong>similo,</strong></span> <span class='ocrx_word' id='word_1_101' title='bbox 735 2328 879 2422; x_wconf 83' lang='lat' dir='ltr'><strong>scilicet,</strong></span> <span class='ocrx_word' id='word_1_102' title='bbox 905 2328 1063 2424; x_wconf 82' lang='lat' dir='ltr'><strong>crripam,</strong></span> <span class='ocrx_word' id='word_1_103' title='bbox 1089 2349 1162 2401; x_wconf 89' lang='lat' dir='ltr'><strong>non</strong></span> <span class='ocrx_word' id='word_1_104' title='bbox 1186 2319 1328 2400; x_wconf 82' lang='lat' dir='ltr'><strong>s’entrd</strong></span> <span class='ocrx_word' id='word_1_105' title='bbox 1356 2329 1394 2400; x_wconf 84' lang='lat' dir='ltr'><strong>in</strong></span> <span class='ocrx_word' id='word_1_106' title='bbox 1426 2331 1551 2417; x_wconf 81' lang='lat' dir='ltr'><strong>Multo,</strong></span> <span class='ocrx_word' id='word_1_107' title='bbox 1577 2326 1671 2401; x_wconf 87' lang='lat' dir='ltr'><strong>scili-</strong></span> 
     </span>
     <span class='ocr_line' id='line_1_14' title="bbox 500 2447 1672 2542; baseline 0.001 -21"><span class='ocrx_word' id='word_1_108' title='bbox 500 2452 569 2541; x_wconf 87' lang='lat' dir='ltr'><strong>cet,</strong></span> <span class='ocrx_word' id='word_1_109' title='bbox 596 2468 663 2542; x_wconf 88' lang='lat' dir='ltr'><strong>per</strong></span> <span class='ocrx_word' id='word_1_110' title='bbox 687 2447 799 2521; x_wconf 90' lang='lat' dir='ltr'><strong>alium</strong></span> <span class='ocrx_word' id='word_1_111' title='bbox 827 2450 1054 2524; x_wconf 85' lang='lat' dir='ltr'><strong>sacerdotem</strong></span> <span class='ocrx_word' id='word_1_112' title='bbox 1085 2449 1130 2522; x_wconf 93' lang='lat' dir='ltr'><strong>ad</strong></span> <span class='ocrx_word' id='word_1_113' title='bbox 1164 2448 1390 2522; x_wconf 90' lang='lat' dir='ltr'><strong>tolerandam</strong></span> <span class='ocrx_word' id='word_1_114' title='bbox 1423 2465 1583 2542; x_wconf 85' lang='lat' dir='ltr'><strong>poenam.</strong></span> <span class='ocrx_word' id='word_1_115' title='bbox 1611 2449 1672 2522; x_wconf 83' lang='lat' dir='ltr'><strong>Est</strong></span> 
     </span>
     <span class='ocr_line' id='line_1_15' title="bbox 500 2566 1666 2662; baseline 0.001 -21"><span class='ocrx_word' id='word_1_116' title='bbox 500 2567 598 2641; x_wconf 89' lang='lat' dir='ltr'><strong>enim</strong></span> <span class='ocrx_word' id='word_1_117' title='bbox 632 2566 738 2640; x_wconf 89' lang='lat' dir='ltr'><strong>Malta</strong></span> <span class='ocrx_word' id='word_1_118' title='bbox 771 2569 883 2641; x_wconf 90' lang='lat' dir='ltr'><strong>turris</strong></span> <span class='ocrx_word' id='word_1_119' title='bbox 915 2569 1096 2643; x_wconf 88' lang='lat' dir='ltr'><strong>horrenda</strong></span> <span class='ocrx_word' id='word_1_120' title='bbox 1127 2568 1162 2641; x_wconf 90' lang='lat' dir='ltr'><strong>in</strong></span> <span class='ocrx_word' id='word_1_121' title='bbox 1193 2569 1274 2641; x_wconf 86' lang='lat' dir='ltr'><strong>tacu</strong></span> <span class='ocrx_word' id='word_1_122' title='bbox 1306 2574 1441 2641; x_wconf 83' lang='lat' dir='ltr'><strong>sanctae</strong></span> <span class='ocrx_word' id='word_1_123' title='bbox 1467 2569 1666 2662; x_wconf 84' lang='lat' dir='ltr'><strong>Christinae,</strong></span> 
     </span>
     <span class='ocr_line' id='line_1_16' title="bbox 501 2687 1667 2785; baseline 0 -23"><span class='ocrx_word' id='word_1_124' title='bbox 501 2707 629 2762; x_wconf 90' lang='lat' dir='ltr'><strong>carcer</strong></span> <span class='ocrx_word' id='word_1_125' title='bbox 654 2707 805 2761; x_wconf 88' lang='lat' dir='ltr'><strong>amarus</strong></span> <span class='ocrx_word' id='word_1_126' title='bbox 830 2687 1118 2782; x_wconf 87' lang='lat' dir='ltr'><strong>delinquentium</strong></span> <span class='ocrx_word' id='word_1_127' title='bbox 1146 2688 1389 2763; x_wconf 90' lang='lat' dir='ltr'><strong>sacerdotum.</strong></span> <span class='ocrx_word' id='word_1_128' title='bbox 1418 2688 1519 2785; x_wconf 92' lang='lat' dir='ltr'><strong>Unde</strong></span> <span class='ocrx_word' id='word_1_129' title='bbox 1545 2709 1667 2764; x_wconf 92' lang='lat' dir='ltr'><strong>sacer-</strong></span> 
     </span>
     <span class='ocr_line' id='line_1_17' title="bbox 501 2807 1671 2904; baseline 0.002 -23"><span class='ocrx_word' id='word_1_130' title='bbox 501 2807 566 2881; x_wconf 90' lang='lat' dir='ltr'><strong>dos</strong></span> <span class='ocrx_word' id='word_1_131' title='bbox 590 2807 786 2882; x_wconf 91' lang='lat' dir='ltr'><strong>damnatus</strong></span> <span class='ocrx_word' id='word_1_132' title='bbox 815 2809 861 2882; x_wconf 92' lang='lat' dir='ltr'><strong>ad</strong></span> <span class='ocrx_word' id='word_1_133' title='bbox 894 2815 1051 2883; x_wconf 92' lang='lat' dir='ltr'><strong>mortem</strong></span> <span class='ocrx_word' id='word_1_134' title='bbox 1078 2830 1143 2904; x_wconf 87' lang='lat' dir='ltr'><strong>per</strong></span> <span class='ocrx_word' id='word_1_135' title='bbox 1169 2829 1300 2904; x_wconf 88' lang='lat' dir='ltr'><strong>papam</strong></span> <span class='ocrx_word' id='word_1_136' title='bbox 1330 2809 1568 2901; x_wconf 87' lang='lat' dir='ltr'><strong>Boniiacium,</strong></span> <span class='ocrx_word' id='word_1_137' title='bbox 1595 2809 1671 2884; x_wconf 88' lang='lat' dir='ltr'><strong>cin·</strong></span> 
     </span>
     <span class='ocr_line' id='line_1_18' title="bbox 502 2927 1670 3003; baseline 0.002 -3"><span class='ocrx_word' id='word_1_138' title='bbox 502 2928 647 3002; x_wconf 90' lang='lat' dir='ltr'><strong>mabat:</strong></span> <span class='ocrx_word' id='word_1_139' title='bbox 674 2933 758 3000; x_wconf 87' lang='lat' dir='ltr'><strong>Peto</strong></span> <span class='ocrx_word' id='word_1_140' title='bbox 783 2929 1047 3002; x_wconf 78' lang='lat' dir='ltr'><strong>benedictionem</strong></span> <span class='ocrx_word' id='word_1_141' title='bbox 1074 2933 1192 3002; x_wconf 81' lang='lat' dir='ltr'><strong>Patn&#39;s</strong></span> <span class='ocrx_word' id='word_1_142' title='bbox 1217 2931 1302 3001; x_wconf 82' lang='lat' dir='ltr'><strong>mci:</strong></span> <span class='ocrx_word' id='word_1_143' title='bbox 1333 2935 1369 3002; x_wconf 93' lang='lat' dir='ltr'><strong>et</strong></span> <span class='ocrx_word' id='word_1_144' title='bbox 1399 2927 1584 3002; x_wconf 85' lang='lat' dir='ltr'><strong>Boniiacio</strong></span> <span class='ocrx_word' id='word_1_145' title='bbox 1610 2949 1670 3003; x_wconf 90' lang='lat' dir='ltr'><strong>re-</strong></span> 
     </span>
     <span class='ocr_line' id='line_1_19' title="bbox 500 3047 1672 3142; baseline 0.002 -22"><span class='ocrx_word' id='word_1_146' title='bbox 500 3047 721 3142; x_wconf 85' lang='lat' dir='ltr'><strong>spondente:</strong></span> <span class='ocrx_word' id='word_1_147' title='bbox 749 3051 856 3123; x_wconf 87' lang='lat' dir='ltr'><strong>Pater</strong></span> <span class='ocrx_word' id='word_1_148' title='bbox 883 3056 968 3124; x_wconf 92' lang='lat' dir='ltr'><strong>tuus</strong></span> <span class='ocrx_word' id='word_1_149' title='bbox 993 3049 1159 3123; x_wconf 88' lang='lat' dir='ltr'><strong>diabolus</strong></span> <span class='ocrx_word' id='word_1_150' title='bbox 1184 3058 1263 3123; x_wconf 90' lang='lat' dir='ltr'><strong>est:</strong></span> <span class='ocrx_word' id='word_1_151' title='bbox 1296 3049 1483 3123; x_wconf 80' lang='lat' dir='ltr'><strong>subiunxit</strong></span> <span class='ocrx_word' id='word_1_152' title='bbox 1510 3049 1593 3123; x_wconf 87' lang='lat' dir='ltr'><strong>itte:</strong></span> <span class='ocrx_word' id='word_1_153' title='bbox 1629 3051 1672 3122; x_wconf 87' lang='lat' dir='ltr'><strong>Et</strong></span> 
     </span>
     <span class='ocr_line' id='line_1_20' title="bbox 501 3168 1670 3264; baseline 0 -22"><span class='ocrx_word' id='word_1_154' title='bbox 501 3175 542 3242; x_wconf 93' lang='lat' dir='ltr'><strong>tu</strong></span> <span class='ocrx_word' id='word_1_155' title='bbox 571 3169 698 3262; x_wconf 88' lang='lat' dir='ltr'><strong>utique</strong></span> <span class='ocrx_word' id='word_1_156' title='bbox 735 3168 795 3244; x_wconf 87' lang='lat' dir='ltr'><strong>iile</strong></span> <span class='ocrx_word' id='word_1_157' title='bbox 827 3190 890 3264; x_wconf 84' lang='lat' dir='ltr'><strong>es3</strong></span> <span class='ocrx_word' id='word_1_158' title='bbox 930 3177 967 3244; x_wconf 91' lang='lat' dir='ltr'><strong>et</strong></span> <span class='ocrx_word' id='word_1_159' title='bbox 1005 3169 1142 3243; x_wconf 89' lang='lat' dir='ltr'><strong>meruit</strong></span> <span class='ocrx_word' id='word_1_160' title='bbox 1179 3168 1338 3244; x_wconf 88' lang='lat' dir='ltr'><strong>veniam.</strong></span> <span class='ocrx_word' id='word_1_161' title='bbox 1377 3170 1447 3244; x_wconf 87' lang='lat' dir='ltr'><strong>Sed</strong></span> <span class='ocrx_word' id='word_1_162' title='bbox 1478 3191 1500 3245; x_wconf 91' lang='lat' dir='ltr'><strong>e</strong></span> <span class='ocrx_word' id='word_1_163' title='bbox 1531 3177 1670 3262; x_wconf 83' lang='lat' dir='ltr'><strong>contra,</strong></span> 
     </span>
    </p>
   </div>
   <div class='ocr_carea' id='block_1_3' title="bbox 500 3287 1671 3867">
    <p class='ocr_par' dir='ltr' id='par_1_3' title="bbox 500 3287 1671 3867">
     <span class='ocr_line' id='line_1_21' title="bbox 500 3287 1670 3385; baseline 0.003 -23"><span class='ocrx_word' id='word_1_164' title='bbox 500 3287 619 3363; x_wconf 77' lang='lat' dir='ltr'><strong>Abbas</strong></span> <span class='ocrx_word' id='word_1_165' title='bbox 646 3291 779 3364; x_wconf 88' lang='lat' dir='ltr'><strong>montis</strong></span> <span class='ocrx_word' id='word_1_166' title='bbox 799 3291 946 3384; x_wconf 79' lang='lat' dir='ltr'><strong>Cossini,</strong></span> <span class='ocrx_word' id='word_1_167' title='bbox 966 3289 1027 3385; x_wconf 89' lang='lat' dir='ltr'><strong>qui</strong></span> <span class='ocrx_word' id='word_1_168' title='bbox 1055 3311 1129 3364; x_wconf 91' lang='lat' dir='ltr'><strong>non</strong></span> <span class='ocrx_word' id='word_1_169' title='bbox 1153 3290 1248 3364; x_wconf 89' lang='lat' dir='ltr'><strong>bene</strong></span> <span class='ocrx_word' id='word_1_170' title='bbox 1274 3297 1486 3366; x_wconf 89' lang='lat' dir='ltr'><strong>servaverat</strong></span> <span class='ocrx_word' id='word_1_171' title='bbox 1506 3291 1670 3366; x_wconf 84' lang='lat' dir='ltr'><strong>Coelesti-</strong></span> 
     </span>
     <span class='ocr_line' id='line_1_22' title="bbox 500 3407 1671 3508; baseline 0.004 -26"><span class='ocrx_word' id='word_1_172' title='bbox 500 3430 589 3482; x_wconf 92' lang='lat' dir='ltr'><strong>num</strong></span> <span class='ocrx_word' id='word_1_173' title='bbox 616 3411 789 3485; x_wconf 87' lang='lat' dir='ltr'><strong>custodiae</strong></span> <span class='ocrx_word' id='word_1_174' title='bbox 814 3431 891 3485; x_wconf 81' lang='lat' dir='ltr'><strong>suae</strong></span> <span class='ocrx_word' id='word_1_175' title='bbox 917 3413 1168 3506; x_wconf 87' lang='lat' dir='ltr'><strong>commissum,</strong></span> <span class='ocrx_word' id='word_1_176' title='bbox 1195 3412 1320 3507; x_wconf 90' lang='lat' dir='ltr'><strong>paucis</strong></span> <span class='ocrx_word' id='word_1_177' title='bbox 1349 3413 1477 3487; x_wconf 90' lang='lat' dir='ltr'><strong>diebus</strong></span> <span class='ocrx_word' id='word_1_178' title='bbox 1509 3413 1546 3486; x_wconf 91' lang='lat' dir='ltr'><strong>in</strong></span> <span class='ocrx_word' id='word_1_179' title='bbox 1578 3407 1671 3508; x_wconf 84' lang='lat' dir='ltr'><strong>pane</strong></span> 
     </span>
     <span class='ocr_line' id='line_1_23' title="bbox 502 3515 1670 3628; baseline 0 -24"><span class='ocrx_word' id='word_1_180' title='bbox 502 3515 742 3604; x_wconf 88' lang='lat' dir='ltr'><strong>tribulationis</strong></span> <span class='ocrx_word' id='word_1_181' title='bbox 768 3537 804 3605; x_wconf 89' lang='lat' dir='ltr'><strong>et</strong></span> <span class='ocrx_word' id='word_1_182' title='bbox 829 3551 926 3625; x_wconf 86' lang='lat' dir='ltr'><strong>aqua</strong></span> <span class='ocrx_word' id='word_1_183' title='bbox 951 3531 1202 3606; x_wconf 88' lang='lat' dir='ltr'><strong>amaritudinis</strong></span> <span class='ocrx_word' id='word_1_184' title='bbox 1228 3533 1441 3628; x_wconf 82' lang='lat' dir='ltr'><strong>supervixit,</strong></span> <span class='ocrx_word' id='word_1_185' title='bbox 1458 3533 1615 3607; x_wconf 85' lang='lat' dir='ltr'><strong>afflictus</strong></span> <span class='ocrx_word' id='word_1_186' title='bbox 1634 3532 1670 3605; x_wconf 95' lang='lat' dir='ltr'><strong>in</strong></span> 
     </span>
     <span class='ocr_line' id='line_1_24' title="bbox 500 3650 1669 3749; baseline 0.002 -24"><span class='ocrx_word' id='word_1_187' title='bbox 500 3650 630 3725; x_wconf 90' lang='lat' dir='ltr'><strong>eodem</strong></span> <span class='ocrx_word' id='word_1_188' title='bbox 657 3671 816 3726; x_wconf 88' lang='lat' dir='ltr'><strong>carcere.</strong></span> <span class='ocrx_word' id='word_1_189' title='bbox 845 3652 888 3724; x_wconf 81' lang='lat' dir='ltr'><strong>iit</strong></span> <span class='ocrx_word' id='word_1_190' title='bbox 913 3658 1090 3748; x_wconf 83' lang='lat' dir='ltr'><strong>aggravat</strong></span> <span class='ocrx_word' id='word_1_191' title='bbox 1115 3653 1287 3728; x_wconf 84' lang='lat' dir='ltr'><strong>delictum</strong></span> <span class='ocrx_word' id='word_1_192' title='bbox 1324 3661 1472 3748; x_wconf 86' lang='lat' dir='ltr'><strong>propter</strong></span> <span class='ocrx_word' id='word_1_193' title='bbox 1498 3674 1669 3749; x_wconf 83' lang='lat' dir='ltr'><strong>magnam</strong></span> 
     </span>
     <span class='ocr_line' id='line_1_25' title="bbox 500 3771 1670 3867; baseline 0.002 -23"><span class='ocrx_word' id='word_1_194' title='bbox 500 3771 686 3866; x_wconf 84' lang='lat' dir='ltr'><strong>sanguinis</strong></span> <span class='ocrx_word' id='word_1_195' title='bbox 724 3771 951 3867; x_wconf 83' lang='lat' dir='ltr'><strong>effusionem,</strong></span> <span class='ocrx_word' id='word_1_196' title='bbox 984 3772 1129 3847; x_wconf 89' lang='lat' dir='ltr'><strong>dicens:</strong></span> <span class='ocrx_word' id='word_1_197' title='bbox 1163 3781 1289 3867; x_wconf 82' lang='lat' dir='ltr'><strong>troppo</strong></span> <span class='ocrx_word' id='word_1_198' title='bbox 1321 3775 1465 3847; x_wconf 86' lang='lat' dir='ltr'><strong>screbbe</strong></span> <span class='ocrx_word' id='word_1_199' title='bbox 1498 3778 1604 3865; x_wconf 74' lang='lat' dir='ltr'><strong>turon</strong></span> <span class='ocrx_word' id='word_1_200' title='bbox 1635 3777 1670 3847; x_wconf 86' lang='lat' dir='ltr'><strong>la</strong></span> 
     </span>
    </p>
   </div>
   <div class='ocr_carea' id='block_1_4' title="bbox 498 3891 1671 4829">
    <p class='ocr_par' dir='ltr' id='par_1_4' title="bbox 498 3891 1671 4829">
     <span class='ocr_line' id='line_1_26' title="bbox 501 3891 1670 3989; baseline 0.002 -25"><span class='ocrx_word' id='word_1_201' title='bbox 501 3891 688 3986; x_wconf 52' lang='lat' dir='ltr'><strong>bibonum</strong></span> <span class='ocrx_word' id='word_1_202' title='bbox 706 3892 919 3988; x_wconf 84' lang='lat' dir='ltr'><strong>biguncium</strong></span> <span class='ocrx_word' id='word_1_203' title='bbox 947 3899 1002 3967; x_wconf 91' lang='lat' dir='ltr'><strong>est</strong></span> <span class='ocrx_word' id='word_1_204' title='bbox 1027 3914 1103 3988; x_wconf 85' lang='lat' dir='ltr'><strong>vas,</strong></span> <span class='ocrx_word' id='word_1_205' title='bbox 1121 3914 1196 3987; x_wconf 80' lang='lat' dir='ltr'><strong>qrro</strong></span> <span class='ocrx_word' id='word_1_206' title='bbox 1222 3901 1380 3967; x_wconf 88' lang='lat' dir='ltr'><strong>utuntur</strong></span> <span class='ocrx_word' id='word_1_207' title='bbox 1406 3901 1572 3989; x_wconf 89' lang='lat' dir='ltr'><strong>tempore</strong></span> <span class='ocrx_word' id='word_1_208' title='bbox 1592 3894 1670 3968; x_wconf 86' lang='lat' dir='ltr'><strong>vin·</strong></span> 
     </span>
     <span class='ocr_line' id='line_1_27' title="bbox 500 4010 1670 4109; baseline 0.005 -26"><span class='ocrx_word' id='word_1_209' title='bbox 500 4010 706 4086; x_wconf 90' lang='lat' dir='ltr'><strong>demiarum</strong></span> <span class='ocrx_word' id='word_1_210' title='bbox 733 4013 779 4086; x_wconf 91' lang='lat' dir='ltr'><strong>ad</strong></span> <span class='ocrx_word' id='word_1_211' title='bbox 805 4011 1000 4107; x_wconf 87' lang='lat' dir='ltr'><strong>portandas</strong></span> <span class='ocrx_word' id='word_1_212' title='bbox 1026 4033 1128 4107; x_wconf 86' lang='lat' dir='ltr'><strong>uvas,</strong></span> <span class='ocrx_word' id='word_1_213' title='bbox 1154 4021 1323 4108; x_wconf 86' lang='lat' dir='ltr'><strong>apertum</strong></span> <span class='ocrx_word' id='word_1_214' title='bbox 1351 4021 1388 4088; x_wconf 87' lang='lat' dir='ltr'><strong>et</strong></span> <span class='ocrx_word' id='word_1_215' title='bbox 1412 4015 1576 4109; x_wconf 85' lang='lat' dir='ltr'><strong>amplum</strong></span> <span class='ocrx_word' id='word_1_216' title='bbox 1607 4015 1670 4089; x_wconf 88' lang='lat' dir='ltr'><strong>de-</strong></span> 
     </span>
     <span class='ocr_line' id='line_1_28' title="bbox 500 4124 1671 4226; baseline 0.003 -24"><span class='ocrx_word' id='word_1_217' title='bbox 500 4151 622 4225; x_wconf 86' lang='lat' dir='ltr'><strong>super,</strong></span> <span class='ocrx_word' id='word_1_218' title='bbox 650 4132 746 4224; x_wconf 88' lang='lat' dir='ltr'><strong>quod</strong></span> <span class='ocrx_word' id='word_1_219' title='bbox 773 4133 920 4225; x_wconf 87' lang='lat' dir='ltr'><strong>plenum</strong></span> <span class='ocrx_word' id='word_1_220' title='bbox 941 4132 1024 4206; x_wconf 82' lang='lat' dir='ltr'><strong>iacit</strong></span> <span class='ocrx_word' id='word_1_221' title='bbox 1044 4132 1230 4206; x_wconf 86' lang='lat' dir='ltr'><strong>dimidiam</strong></span> <span class='ocrx_word' id='word_1_222' title='bbox 1246 4124 1283 4226; x_wconf 82' lang='lat'><strong>(²)</strong></span> <span class='ocrx_word' id='word_1_223' title='bbox 1301 4135 1453 4207; x_wconf 84' lang='lat' dir='ltr'><strong>salmam</strong></span> <span class='ocrx_word' id='word_1_224' title='bbox 1473 4135 1586 4226; x_wconf 90' lang='lat' dir='ltr'><strong>asini;</strong></span> <span class='ocrx_word' id='word_1_225' title='bbox 1611 4137 1671 4206; x_wconf 83' lang='lat' dir='ltr'><strong>cbe</strong></span> 
     </span>
     <span class='ocr_line' id='line_1_29' title="bbox 499 4252 1671 4348; baseline 0.002 -24"><span class='ocrx_word' id='word_1_226' title='bbox 499 4254 666 4324; x_wconf 70' lang='lat' dir='ltr'><strong>moccense</strong></span> <span class='ocrx_word' id='word_1_227' title='bbox 682 4253 857 4342; x_wconf 74' lang='lat' dir='ltr'><strong>itsonoue</strong></span> <span class='ocrx_word' id='word_1_228' title='bbox 869 4257 1062 4347; x_wconf 66' lang='lat' dir='ltr'><strong>ferroras,</strong></span> <span class='ocrx_word' id='word_1_229' title='bbox 1083 4252 1228 4347; x_wconf 84' lang='lat' dir='ltr'><strong>scilicet,</strong></span> <span class='ocrx_word' id='word_1_230' title='bbox 1247 4252 1380 4327; x_wconf 89' lang='lat' dir='ltr'><strong>civium</strong></span> <span class='ocrx_word' id='word_1_231' title='bbox 1407 4253 1671 4348; x_wconf 82' lang='lat' dir='ltr'><strong>occisorum3c</strong></span> 
     </span>
     <span class='ocr_line' id='line_1_30' title="bbox 498 4372 1670 4466; baseline 0.003 -22"><span class='ocrx_word' id='word_1_232' title='bbox 498 4378 632 4465; x_wconf 79' lang='lat' dir='ltr'><strong>stanno,</strong></span> <span class='ocrx_word' id='word_1_233' title='bbox 652 4372 796 4466; x_wconf 86' lang='lat' dir='ltr'><strong>scilicet,</strong></span> <span class='ocrx_word' id='word_1_234' title='bbox 816 4372 922 4445; x_wconf 88' lang='lat' dir='ltr'><strong>nimis</strong></span> <span class='ocrx_word' id='word_1_235' title='bbox 947 4377 1053 4466; x_wconf 88' lang='lat' dir='ltr'><strong>esset,</strong></span> <span class='ocrx_word' id='word_1_236' title='bbox 1071 4375 1162 4446; x_wconf 82' lang='lat' dir='ltr'><strong>cbi&#39;l</strong></span> <span class='ocrx_word' id='word_1_237' title='bbox 1172 4393 1314 4465; x_wconf 82' lang='lat' dir='ltr'><strong>pesosse</strong></span> <span class='ocrx_word' id='word_1_238' title='bbox 1338 4375 1506 4446; x_wconf 73' lang='lat' dir='ltr'><strong>odonna</strong></span> <span class='ocrx_word' id='word_1_239' title='bbox 1531 4375 1581 4446; x_wconf 87' lang='lat' dir='ltr'><strong>nd</strong></span> <span class='ocrx_word' id='word_1_240' title='bbox 1604 4395 1670 4447; x_wconf 90' lang='lat' dir='ltr'><strong>on-</strong></span> 
     </span>
     <span class='ocr_line' id='line_1_31' title="bbox 498 4492 1671 4587; baseline 0.002 -21"><span class='ocrx_word' id='word_1_241' title='bbox 498 4495 567 4584; x_wconf 81' lang='lat' dir='ltr'><strong>nia,</strong></span> <span class='ocrx_word' id='word_1_242' title='bbox 584 4498 621 4567; x_wconf 93' lang='lat' dir='ltr'><strong>et</strong></span> <span class='ocrx_word' id='word_1_243' title='bbox 639 4513 769 4566; x_wconf 89' lang='lat' dir='ltr'><strong>verum</strong></span> <span class='ocrx_word' id='word_1_244' title='bbox 788 4492 891 4587; x_wconf 82' lang='lat' dir='ltr'><strong>dioit3</strong></span> <span class='ocrx_word' id='word_1_245' title='bbox 911 4513 995 4567; x_wconf 89' lang='lat' dir='ltr'><strong>nam</strong></span> <span class='ocrx_word' id='word_1_246' title='bbox 1014 4494 1125 4567; x_wconf 89' lang='lat' dir='ltr'><strong>homo</strong></span> <span class='ocrx_word' id='word_1_247' title='bbox 1139 4493 1234 4567; x_wconf 87' lang='lat' dir='ltr'><strong>inter</strong></span> <span class='ocrx_word' id='word_1_248' title='bbox 1253 4493 1424 4569; x_wconf 86' lang='lat' dir='ltr'><strong>animalia</strong></span> <span class='ocrx_word' id='word_1_249' title='bbox 1445 4495 1556 4569; x_wconf 87' lang='lat' dir='ltr'><strong>habet</strong></span> <span class='ocrx_word' id='word_1_250' title='bbox 1573 4497 1671 4569; x_wconf 93' lang='lat' dir='ltr'><strong>mul-</strong></span> 
     </span>
     <span class='ocr_line' id='line_1_32' title="bbox 498 4611 1670 4710; baseline 0.003 -24"><span class='ocrx_word' id='word_1_251' title='bbox 498 4620 577 4686; x_wconf 90' lang='lat' dir='ltr'><strong>tum</strong></span> <span class='ocrx_word' id='word_1_252' title='bbox 597 4611 801 4708; x_wconf 83' lang='lat' dir='ltr'><strong>sauguinis3</strong></span> <span class='ocrx_word' id='word_1_253' title='bbox 823 4612 919 4686; x_wconf 92' lang='lat' dir='ltr'><strong>unde</strong></span> <span class='ocrx_word' id='word_1_254' title='bbox 932 4613 1091 4686; x_wconf 83' lang='lat' dir='ltr'><strong>Galenus</strong></span> <span class='ocrx_word' id='word_1_255' title='bbox 1108 4612 1233 4687; x_wconf 87' lang='lat' dir='ltr'><strong>scribit</strong></span> <span class='ocrx_word' id='word_1_256' title='bbox 1245 4614 1291 4687; x_wconf 90' lang='lat' dir='ltr'><strong>de</strong></span> <span class='ocrx_word' id='word_1_257' title='bbox 1310 4635 1383 4688; x_wconf 93' lang='lat' dir='ltr'><strong>uno</strong></span> <span class='ocrx_word' id='word_1_258' title='bbox 1404 4615 1463 4688; x_wconf 88' lang='lat' dir='ltr'><strong>cui</strong></span> <span class='ocrx_word' id='word_1_259' title='bbox 1480 4634 1546 4710; x_wconf 91' lang='lat' dir='ltr'><strong>per</strong></span> <span class='ocrx_word' id='word_1_260' title='bbox 1562 4636 1670 4690; x_wconf 86' lang='lat' dir='ltr'><strong>nares</strong></span> 
     </span>
     <span class='ocr_line' id='line_1_33' title="bbox 498 4732 1669 4829; baseline 0.003 -23"><span class='ocrx_word' id='word_1_261' title='bbox 498 4733 723 4807; x_wconf 86' lang='lat' dir='ltr'><strong>effluxerunt</strong></span> <span class='ocrx_word' id='word_1_262' title='bbox 747 4733 871 4829; x_wconf 82' lang='lat' dir='ltr'><strong>viginti</strong></span> <span class='ocrx_word' id='word_1_263' title='bbox 898 4732 1062 4826; x_wconf 87' lang='lat' dir='ltr'><strong>quinque</strong></span> <span class='ocrx_word' id='word_1_264' title='bbox 1089 4733 1190 4806; x_wconf 87' lang='lat' dir='ltr'><strong>librae</strong></span> <span class='ocrx_word' id='word_1_265' title='bbox 1215 4733 1413 4829; x_wconf 77' lang='lat' dir='ltr'><strong>sanguinis,</strong></span> <span class='ocrx_word' id='word_1_266' title='bbox 1433 4741 1471 4809; x_wconf 93' lang='lat' dir='ltr'><strong>et</strong></span> <span class='ocrx_word' id='word_1_267' title='bbox 1498 4742 1669 4809; x_wconf 91' lang='lat' dir='ltr'><strong>mortuus</strong></span> 
     </span>
    </p>
   </div>
   <div class='ocr_carea' id='block_1_5' title="bbox 564 4965 1343 5058">
    <p class='ocr_par' dir='ltr' id='par_1_5' title="bbox 564 4965 1343 5058">
     <span class='ocr_line' id='line_1_34' title="bbox 564 4965 1343 5058; baseline 0 -15"><span class='ocrx_word' id='word_1_268' title='bbox 564 4992 592 5054; x_wconf 62' lang='grc' dir='ltr'><strong>(Ἰ</strong></span> <span class='ocrx_word' id='word_1_269' title='bbox 608 4997 631 5051; x_wconf 84' lang='lat' dir='ltr'><strong>t,</strong></span> <span class='ocrx_word' id='word_1_270' title='bbox 649 4993 720 5054; x_wconf 83' lang='lat' dir='ltr'><strong>idest,</strong></span> <span class='ocrx_word' id='word_1_271' title='bbox 738 4994 834 5044; x_wconf 77' lang='lat' dir='ltr'><strong>civitas.</strong></span> <span class='ocrx_word' id='word_1_272' title='bbox 1084 4993 1110 5058; x_wconf 70' lang='lat'><strong>(³)</strong></span> <span class='ocrx_word' id='word_1_273' title='bbox 1126 4993 1157 5044; x_wconf 89' lang='grc' dir='ltr'><strong>Ε.</strong></span> <span class='ocrx_word' id='word_1_274' title='bbox 1173 4994 1295 5046; x_wconf 80' lang='lat' dir='ltr'><strong>mediam.</strong></span> <span class='ocrx_word' id='word_1_275' title='bbox 1334 4965 1343 4984; x_wconf 54' lang='grc'>’</span> 
     </span>
    </p>
   </div>
   <div class='ocr_carea' id='block_1_6' title="bbox 0 0 2426 6642">
    <p class='ocr_par' dir='ltr' id='par_1_6' title="bbox 0 0 2426 6642">
     <span class='ocr_line' id='line_1_35' title="bbox 0 0 2426 6642; baseline 0 2"><span class='ocrx_word' id='word_1_276' title='bbox 0 0 2426 6642; x_wconf 95' lang='lat' dir='ltr'><strong> </strong></span> 
     </span>
    </p>
   </div>
  </div>
 </body>
</html>
