4842 6642
740 841 878 898 cunnus
903 843 1061 900 nucruus
1085 844 1263 913 ouxnrus
1515 837 1584 904 119

411 988 505 1063 siout
529 988 669 1083 prime,
695 987 758 1062 sed
790 989 952 1082 contuse,
978 991 1064 1083 qula
1097 991 1155 1066 hic
1187 996 1269 1066 erat
1300 994 1486 1068 maximus
1514 1017 1586 1071 nu-

411 1129 537 1185 merus
561 1108 756 1184 doctorum
783 1129 876 1202 quos
895 1117 1006 1185 autor
1022 1131 1095 1186 non
1115 1118 1259 1207 poterat
1276 1112 1490 1190 nominatim
1510 1137 1581 1190 nu·

410 1249 568 1323 memre,
594 1229 689 1304 sicut
713 1229 851 1304 lecerat
875 1231 1096 1327 superiores,
1123 1251 1191 1307 nec
1217 1232 1400 1328 distincte3
1426 1234 1490 1310 sed
1515 1237 1585 1310 sub

410 1352 600 1426 involucro
613 1349 888 1444 comprehendit
899 1371 1040 1426 omnes.
1053 1391 1103 1406 —
1120 1356 1259 1428 onero
1273 1354 1338 1428 llic
1350 1361 1461 1429 autor
1478 1374 1583 1430 coru-

350 1527 354 1534 .
411 1471 560 1548 meudat
575 1473 613 1545 in
633 1491 771 1569 genere
796 1471 1026 1568 splendorem
1046 1473 1155 1548 buius
1173 1475 1270 1550 tertii
1287 1473 1426 1568 circuli,
1444 1482 1482 1550 et
1498 1475 1584 1550 dicit

409 1593 638 1684 admirative,
660 1596 703 1686 O,
724 1593 826 1686 idest,
851 1591 943 1686 diuo,
962 1615 1046 1666 uero
1069 1597 1236 1690 ssantllur
1259 1598 1318 1668 del
1338 1604 1442 1670 sunto
1465 1601 1580 1690 spiro,

410 1715 513 1809 idest,
529 1733 662 1789 verum
687 1713 917 1808 splendorem
935 1713 1090 1810 Spiritus
1111 1717 1237 1809 sancti,
1254 1738 1362 1811 come,
1383 1717 1443 1792 ille
1457 1710 1494 1809 (¹)
1512 1739 1582 1814 gy-

411 1835 567 1910 russiae
586 1834 758 1926 circuluS,
774 1837 806 1906 e·
820 1838 894 1928 [ecc
911 1835 1022 1910 ruodo
1038 1857 1057 1908 e
1073 1839 1252 1930 candente,
1271 1837 1358 1931 quia
1375 1837 1496 1910 subito
1516 1858 1582 1932 ap-

410 1957 532 2053 paruit
554 1955 758 2049 splendens,
779 1958 854 2046 opti
871 1958 968 2030 orodi
983 1960 1074 2049 miei,
1091 1958 1238 2052 scilicet,
1260 1956 1581 2050 intellectualibus,

407 2080 479 2168 cle,
504 2076 608 2170 idest,
633 2075 696 2170 qul
720 2075 831 2170 oculi,
858 2079 954 2170 muti,
982 2077 1129 2171 scillcet,
1163 2100 1185 2152 a
1219 2078 1359 2152 lumine
1393 2084 1431 2152 et
1459 2077 1581 2172 splen·

405 2200 507 2291 dore,
531 2200 595 2271 nul
616 2200 777 2289 soffttro,
803 2197 906 2291 idest,
932 2218 1005 2272 non
1031 2199 1301 2274 sustinuerunt:
1329 2206 1367 2273 et
1392 2197 1487 2272 bene
1512 2197 1582 2271 iiu-

405 2320 467 2416 git,
493 2317 594 2411 quod
619 2316 823 2391 intellectus
847 2316 928 2391 eius
953 2338 1026 2392 non
1052 2325 1133 2393 erat
1158 2318 1343 2394 sufficiens
1376 2317 1511 2392 intueri
1544 2323 1581 2392 et

405 2438 586 2535 speculari
613 2438 733 2512 lucem
753 2442 790 2512 et
806 2436 1009 2513 claritatem
1037 2444 1090 2514 tot
1115 2447 1153 2514 et
1179 2446 1366 2514 tantorum
1384 2446 1579 2533 autorum3

406 2580 473 2635 nec
496 2558 608 2634 etiam
635 2555 837 2632 suffecisset
863 2558 1046 2633 maximus
1077 2559 1192 2634 codex
1222 2560 1269 2634 ad
1299 2557 1578 2654 descriptionem

405 2681 583 2775 ipsorum.

479 2805 541 2874 llo
571 2803 739 2872 Beulrine.
771 2799 841 2874 lsta
873 2805 928 2872 est
958 2799 1064 2873 tertia
1100 2821 1184 2894 pars
1211 2799 1405 2895 generalis,
1431 2799 1468 2873 in
1502 2821 1576 2892 qua

377 2927 515 2995 ¹autor
548 2919 719 2995 describit
750 2939 861 2993 suum
894 2939 1087 2994 ascensum
1123 2918 1169 2994 ad
1201 2941 1346 3014 speram
1372 2919 1515 3013 llartis;
1541 2925 1580 2995 et

406 3042 525 3136 primo
550 3061 656 3116 more
682 3061 751 3116 suo
775 3039 946 3114 describit
971 3041 1230 3114 exaltationem
1252 3041 1438 3134 beatricis,
1459 3049 1498 3116 et
1524 3040 1579 3114 di·

404 3162 470 3236 cit:
497 3161 545 3236 ad
570 3160 658 3256 quid
689 3181 893 3256 prosequor
927 3161 1085 3255 amplius
1115 3161 1347 3255 splendorem
1378 3163 1474 3237 illius
1503 3163 1577 3238 cir·

403 3282 476 3357 culi
502 3303 589 3357 cum
615 3282 763 3356 Beatrix
789 3281 911 3355 subito
939 3281 1031 3356 lacta
1053 3281 1298 3376 splendentior
1314 3273 1350 3374 (²)
1370 3282 1576 3358 traduxerit

406 3424 467 3479 me
491 3403 538 3477 ad
564 3403 792 3498 superiorem
819 3421 963 3496 speram
991 3402 1136 3476 Martis?
1154 3401 1253 3476 unde
1276 3401 1380 3476 dicit:
1402 3407 1465 3476 lla
1482 3407 1574 3477 Bea-

403 3528 490 3598 trr'cc
515 3527 563 3596 mi
586 3529 619 3597 si
643 3517 776 3598 mortrd
800 3515 830 3597 si
854 3523 944 3596 bellu
968 3543 987 3596 c
1011 3513 1041 3596 si
1064 3525 1211 3613 maudo,
1237 3523 1339 3615 idest,
1362 3529 1436 3596 tam
1459 3522 1579 3598 lucida

404 3650 441 3719 et
468 3645 562 3738 laeta,
588 3645 687 3739 quod
714 3664 860 3737 nequeo
886 3643 1001 3738 ipsam
1027 3642 1256 3734 describere;
1282 3642 1364 3716 ideo
1389 3643 1491 3717 dicit:
1517 3646 1578 3717 cie

401 3767 538 3838 monol
562 3767 694 3838 iareim
710 3771 768 3836 tra
784 3765 904 3836 inibe
929 3765 1048 3836 uedute
1072 3764 1132 3834 ote
1155 3783 1228 3834 uon
1246 3765 1365 3852 repuir
1389 3765 1427 3835 lu
1452 3770 1574 3853 ment,

403 3885 506 3978 idest,
533 3884 753 3959 memoriam
781 3905 914 3958 meam.
941 3884 985 3956 Et
1010 3882 1162 3957 adverte
1188 3881 1286 3975 quod
1303 3890 1414 3958 arator
1432 3884 1576 3978 respicit

402 4005 449 4080 ad
474 4006 562 4080 illud
588 4006 688 4100 quod
712 4006 803 4079 dixit
822 4005 918 4080 circa
937 4002 1154 4098 principium
1174 4001 1281 4096 primi
1299 4003 1446 4097 capituli
1467 4003 1576 4077 buius

402 4127 571 4222 paradisi,
585 4127 649 4201 ubi
663 4127 771 4201 dixit:
789 4121 919 4200 Perclrd
930 4125 1173 4218 appressondo
1186 4119 1226 4197 se*
1240 4126 1279 4196 at
1288 4144 1354 4196 suo
1371 4127 1484 4197 desire
1502 4128 1576 4197 No·

401 4254 476 4322 stro
494 4249 656 4322 inuibtto
674 4250 705 4320 si
725 4249 907 4341 profonda
933 4251 1030 4318 tardo
1054 4246 1121 4318 dle
1144 4251 1244 4316 retro
1259 4246 1296 4316 lu
1316 4245 1486 4316 noemoriu
1503 4264 1576 4318 nou

399 4363 471 4462 pud
493 4371 572 4462 ire,·
597 4368 680 4444 ideo
707 4367 911 4444 benedicit
936 4365 1035 4460 quod
1062 4363 1141 4438 vult
1164 4363 1350 4439 dimittere
1381 4383 1479 4438 nune
1512 4362 1577 4438 de-

401 4489 636 4583 scriptionem
662 4495 774 4563 tantae
800 4485 1061 4584 pulcritudinis.
1075 4487 1278 4573 -Qoindt
1299 4484 1364 4558 llio
1384 4490 1494 4558 autor
1511 4505 1577 4579 po-

403 4609 455 4684 nit
480 4609 651 4684 ellectum
679 4610 774 4685 illius
800 4605 1028 4684 exaltationis
1060 4604 1247 4698 beatricis,
1277 4611 1315 4679 et
1346 4604 1442 4698 dicit,
1478 4607 1577 4698 quod

402 4729 585 4826 vig'oravit
601 4735 639 4804 et
658 4729 864 4804 fortificavlt
882 4729 962 4803 elus
978 4727 1154 4801 virtutem
1181 4724 1456 4820 speculativam.
1476 4725 1579 4800 Unde

466 4989 494 5053 (¹2.
509 4989 536 5039 s.
552 4989 625 5047 surr,
643 4987 687 5038 rin
703 5003 790 5052 pyrus.
1009 4983 1037 5047 ti
1054 4985 1079 5034 S·
1096 4999 1110 5034 ο
1127 4985 1157 5034 E·
1174 4985 1342 5048 splendidior.
