4842 6642
796 873 865 939 15⁰
1190 883 1396 942 colluuntur
1419 885 1586 940 cunnum

792 1029 925 1123 uiduae,
944 1029 1042 1105 viros
1063 1029 1253 1124 babendo3
1269 1037 1308 1105 ot
1327 1031 1380 1106 sic
1397 1031 1594 1125 utrobique
1614 1038 1701 1105 sunt
1718 1031 1964 1107 infortunato.

793 1149 890 1247 Ergo
923 1150 1019 1225 bone
1047 1149 1118 1224 illae
1143 1150 1305 1245 antiquae
1330 1159 1438 1226 erant
1464 1151 1669 1226 fortunata.
1696 1151 1815 1246 Aliqui
1843 1158 1969 1228 tamon

793 1275 1001 1366 exponunt:
1019 1291 1039 1342 e
1055 1272 1151 1344 nullo
1168 1291 1233 1344 eru
1248 1274 1399 1366 deserto,
1418 1272 1602 1364 sciliceta
1620 1271 1701 1346 viro
1718 1293 1787 1346 ouo
1805 1279 1968 1367 mortuo,

789 1411 856 1484 per
873 1392 1041 1484 munau,
1061 1389 1163 1483 idest,
1182 1411 1249 1486 pro
1266 1391 1351 1486 titio,
1369 1401 1561 1467 armatura
1579 1411 1711 1487 regum
1734 1390 1968 1485 francorum

793 1510 896 1605 quasi
930 1509 1043 1584 dicat:
1078 1529 1152 1584 nou
1185 1530 1253 1606 pro
1286 1511 1523 1604 partialitate3
1559 1510 1623 1586 scd
1655 1509 1755 1606 prior
1791 1511 1969 1606 expontio

794 1629 924 1706 molior
949 1636 1014 1723 cst,
1041 1629 1124 1704 licat
1150 1636 1310 1724 utraque
1326 1631 1372 1704 sit
1389 1649 1479 1705 vcra
1491 1623 1541 1724 (¹).
1556 1669 1605 1686 -
1619 1633 1656 1702 ι’
1669 1651 1742 1704 tuto
1760 1633 1966 1723 montaum.

791 1749 857 1824 ilic
881 1748 1120 1844 Cacclaguida
1145 1749 1315 1825 describit
1340 1751 1523 1843 bonactus,
1541 1749 1787 1826 solicitudincs
1812 1758 1851 1825 ot
1876 1771 1965 1825 con-

793 1868 980 1944 venientos
1005 1870 1263 1965 occupationes
1287 1871 1538 1966 antiquarum,
1561 1892 1647 1966 quae
1669 1873 1849 1947 vacabant
1867 1873 1966 1948 circa

792 2010 922 2066 curam
949 1989 1108 2065 liliorum
1134 1996 1172 2065 ct
1198 1991 1252 2066 roi
1279 1991 1476 2084 familiaris,
1502 1991 1645 2067 dicens:
1668 1995 1799 2086 L'unu,
1818 1993 1964 2090 scilicet,

794 2110 940 2205 mulier,
966 2113 1158 2202 ueqqiiooc
1184 2132 1209 2183 a
1232 2113 1346 2185 sudu
1375 2115 1469 2186 datto
1495 2115 1602 2201 culto,
1630 2112 1777 2206 scillcet,
1803 2112 1964 2188 filiorum

729 2233 734 2244 '
794 2231 1020 2329 vagientium
1058 2233 1094 2306 in
1131 2232 1339 2327 cunabulo;
1372 2239 1410 2308 ot
1447 2233 1551 2308 dicit:
1586 2255 1606 2306 c
1638 2253 1750 2307 uacuo
1788 2236 1968 2326 fiattono,

794 2352 941 2445 scilicet,
960 2358 1169 2426 maternum
1197 2351 1438 2448 linguagium,
1456 2353 1604 2447 scilicet,
1631 2357 1668 2428 lu
1691 2357 1803 2428 muno
1828 2373 1965 2441 nunno,

794 2475 1011 2548 consolando
1044 2473 1180 2548 scilicet
1213 2473 1309 2568 ipsos
1335 2473 1530 2549 infantulos
1564 2475 1795 2571 evigilantm3
1829 2479 1857 2548 t'
1868 2479 1968 2550 ultro

795 2595 944 2668 truendo
969 2596 1006 2666 ta
1029 2595 1164 2666 cluomu
1181 2596 1256 2667 otta
1273 2615 1392 2685 rocca,
1410 2595 1511 2688 idest,
1530 2597 1679 2670 trabcns
1700 2595 1801 2670 filum
1824 2618 1847 2671 n
1873 2597 1966 2691 colo,

794 2714 897 2809 quasi
931 2713 1037 2808 dicat,
1072 2713 1216 2809 filando,
1247 2719 1497 2809 scudeqqioou
1527 2737 1594 2790 con
1628 2720 1665 2790 tu
1695 2737 1761 2790 suu
1789 2720 1967 2812 fanianu,

794 2834 898 2929 idest,
911 2833 1215 2909 confabulabatur
1226 2827 1275 2928 (¹),
1290 2838 1495 2909 dc’Troioni
1514 2839 1588 2909 cdi
1604 2839 1735 2910 naon
1751 2858 1770 2909 e
1786 2839 1824 2911 di
1839 2842 1967 2929 Romu,

794 2953 966 3046 dicantes,
1004 2954 1103 3048 quod
1140 2955 1218 3028 istae
1251 2954 1398 3029 fucrant
1436 2962 1511 3030 tros
1549 2957 1688 3031 nobitas
1725 2957 1890 3032 civitates
1927 2956 1964 3029 in

797 3073 945 3147 mundo.
972 3074 1016 3146 Et
1040 3073 1087 3147 dc
1112 3074 1256 3148 duabus
1285 3074 1434 3168 quidem
1467 3095 1599 3150 vorum
1632 3074 1756 3150 dicero
1781 3083 1966 3172 poterant3

794 3191 842 3266 da
874 3193 979 3267 tertia
1004 3199 1142 3288 autem,
1178 3193 1313 3269 scilicct
1345 3194 1530 3287 insulana,
1562 3199 1663 3270 nocte
1694 3194 1964 3289 fabulabantur,

795 3311 882 3406 quia
908 3312 975 3388 ista
995 3333 1201 3409 numquam
1219 3314 1287 3388 fuit
1302 3312 1458 3388 alicuius
1476 3320 1608 3388 motus.
1623 3355 1673 3370 -
1685 3319 1803 3388 Surio.
1824 3316 1889 3390 llic
1910 3317 1967 3392 ul-

796 3431 885 3506 timo
910 3432 1148 3530 Cacciaguida
1174 3435 1254 3507 vult
1277 3433 1421 3509 dicere:
1439 3439 1477 3508 ct
1499 3434 1718 3510 utbreviter
1737 3436 1967 3530 nuncianum,

795 3553 902 3648 pauci
928 3555 1029 3649 pravi
1058 3554 1124 3627 uiri
1150 3560 1187 3630 ct
1215 3553 1388 3629 mulieres
1413 3552 1475 3629 illo
1500 3558 1667 3650 tempore
1688 3553 1840 3629 fuissent
1857 3547 1966 3630 babiti

792 3694 862 3769 pro
880 3672 1058 3750 miraculo
1072 3675 1107 3749 in
1121 3675 1278 3768 civitate,
1293 3675 1388 3749 sicut
1405 3695 1504 3748 nunc
1521 3694 1543 3749 c
1560 3675 1746 3748 contrario
1764 3675 1871 3770 pauci
1891 3677 1969 3751 uir·

796 3793 889 3867 tuosi
916 3795 1141 3870 haberentur
1167 3794 1369 3870 Florentiae.
1398 3793 1441 3869 lit
1465 3794 1631 3869 nominat
1653 3795 1747 3869 duos
1773 3796 1968 3872 modernos

795 3912 942 3987 uitiosos
966 3914 1187 4010 florentinos,
1216 3936 1328 3990 uuam
1355 3913 1557 4007 loeminam‚
1583 3915 1742 3989 altorum
1768 3916 1910 4010 virum3
1932 3927 1970 3992 ot

794 4033 887 4108 duos
905 4054 1078 4110 romanos
1095 4036 1290 4130 virtuosos,
1307 4056 1424 4108 unum
1443 4034 1579 4128 virum,
1594 4034 1752 4108 alterum
1767 4035 1968 4111 foeminam.

795 4155 849 4230 td
873 4153 1117 4252 cognitionem
1143 4155 1272 4251 primae
1299 4154 1463 4230 mulieris
1487 4161 1543 4229 est
1569 4155 1847 4251 prasciondum,
1870 4158 1968 4252 quod

790 4275 862 4350 isla
896 4274 1100 4351 Ciancbella
1130 4276 1198 4350 fuit
1230 4275 1359 4350 nobilis
1392 4275 1526 4350 mulier
1556 4275 1748 4351 florentina
1781 4277 1828 4352 dc
1858 4278 1970 4372 stirpe

794 4399 943 4473 illorum
970 4397 1016 4472 de
1041 4398 1075 4471 la
1100 4397 1203 4490 Tusa,
1231 4419 1315 4492 quae
1342 4396 1408 4470 fuit
1436 4397 1605 4470 maritata
1623 4397 1660 4469 in
1681 4397 1828 4472 civitate
1845 4394 1969 4472 imolae

796 4517 941 4592 cuidam
967 4517 1046 4592 Lito
1070 4517 1117 4591 dc
1142 4516 1316 4609 Alidosiis,
1343 4515 1446 4591 fratri
1472 4515 1608 4591 domini
1633 4516 1781 4591 llidosii
1799 4518 1862 4611 qui
1879 4517 1966 4592 olim

797 4638 945 4712 abstulit
969 4636 1121 4712 imolam
1151 4637 1325 4711 Bononiae
1354 4656 1441 4710 cum
1473 4635 1709 4732 lfagbiuardo
1739 4638 1899 4734 lagano,
1927 4644 1971 4711 ut

796 4757 882 4832 alibi
905 4757 1043 4832 dictum
1069 4765 1134 4833 cst.
1162 4757 1215 4832 Ilo
1241 4758 1308 4832 ista
1332 4777 1477 4852 possam
1506 4757 1680 4832 multant
1701 4777 1790 4832 vera
1817 4757 1970 4854 reform,

860 4951 887 5010 (¹)
903 4948 933 4998 R
950 4959 1010 4997 reru
1026 4949 1053 4998 ln
1069 4949 1184 4999 sn-L'
1195 4963 1257 4997 um,
1389 4985 1391 4990 .

860 5025 887 5088 (¹)
903 5023 934 5075 E.
951 5023 1166 5076 confabulabatur
1182 5039 1243 5075 cum
1259 5025 1320 5085 uuio,
1337 5023 1375 5074 ἅθ’
1389 5024 1502 5074 finiunt.
