4842 6642
775 891 922 947 caurus*
940 892 1102 950 oscrmus·
1122 882 1306 950 sarrrlrus.
1556 866 1628 952 mo

452 1034 670 1147 duraturam
697 1036 734 1111 in
760 1038 949 1134 loturum,
977 1040 1082 1135 quasi
1108 1039 1214 1133 dicat,
1233 1038 1319 1134 quia
1338 1039 1483 1115 fortuna
1501 1051 1625 1118 servat

456 1158 516 1231 tibi
543 1158 723 1234 maiorem
751 1161 928 1235 honorem
956 1168 993 1236 et
1019 1160 1218 1236 feliciorem
1244 1167 1400 1255 statum,
1427 1165 1485 1235 oia
1502 1158 1564 1255 piri
1590 1154 1627 1237 ld

452 1280 513 1353 cle
535 1281 562 1352 'l
581 1284 692 1373 puair
715 1283 754 1355 di
777 1283 834 1354 lor
852 1284 1013 1376 perfidie,
1042 1282 1146 1378 quasi
1177 1281 1289 1357 dicat:
1324 1302 1432 1377 poena
1464 1283 1537 1357 cito
1568 1305 1627 1358 se-

454 1404 591 1493 quetur
618 1399 666 1473 ad
698 1399 845 1475 fraudes
880 1420 1025 1495 eornm,
1051 1407 1089 1477 et
1114 1409 1178 1477 tua
1209 1403 1284 1477 vita
1315 1402 1534 1477 extendetur
1563 1401 1624 1476 diu

454 1519 686 1596 laudabiliter
709 1521 746 1594 in
773 1542 906 1619 magna
932 1523 1049 1621 gloria
1075 1529 1142 1598 etc.

528 1644 595 1715 Poi
616 1642 676 1747 obe
700 1644 855 1715 urendo.
882 1644 952 1717 lsta
978 1649 1033 1717 est
1058 1650 1191 1737 quarta
1217 1664 1301 1738 pars
1336 1647 1373 1718 et
1404 1644 1532 1718 ultima
1558 1664 1626 1740 ge·

454 1760 593 1839 amalis
603 1755 652 1855 (¹),
678 1760 715 1834 in
741 1782 815 1856 qua
842 1768 952 1837 antor
977 1764 1150 1839 inlormat
1175 1771 1213 1839 el
1237 1764 1412 1839 certificat
1429 1786 1469 1839 se
1489 1787 1511 1839 a
1530 1765 1626 1839 dicto

454 1883 582 1981 spiritu
608 1881 704 1956 circa
722 1883 1033 1978 complementum
1053 1891 1090 1959 et
1107 1884 1390 1979 publicationem
1409 1883 1519 1959 buius
1536 1905 1625 1979 ope-

455 1984 515 2077 ris.
542 2002 587 2075 lit
610 2001 730 2096 primo
755 2002 911 2077 ostendit
936 2024 1042 2079 suam
1073 2003 1344 2099 dispositionem
1378 2004 1476 2079 circa
1508 2004 1626 2079 consi·

454 2122 544 2198 lium
562 2121 773 2218 petendum,
790 2122 933 2199 dicens:
952 2130 993 2198 lo
1010 2126 1206 2215 cominct'oi,
1224 2124 1364 2219 supple,
1382 2122 1516 2217 dicero,
1530 2144 1627 2196 come

454 2246 544 2318 sobri
555 2245 615 2317 cbo
628 2243 769 2335 murno,
783 2244 886 2338 idest,
900 2244 1047 2319 allectat
1065 2245 1213 2337 babere,
1227 2247 1408 2336 consiplio,
1422 2245 1625 2335 dubitando,

453 2366 501 2438 do
523 2384 681 2457 persono
711 2366 771 2437 cle
801 2366 884 2439 aede
908 2388 927 2440 e
953 2367 1051 2438 voote
1083 2386 1102 2438 e
1134 2385 1219 2437 amu
1250 2366 1489 2457 arctamenta
1516 2364 1628 2438 bomo

454 2484 552 2559 enim
579 2484 768 2579 audacter,
795 2484 1011 2559 fiducialiter
1035 2491 1073 2559 et
1097 2505 1183 2558 cum
1211 2484 1308 2560 bona
1333 2502 1397 2580 spe
1422 2482 1510 2579 petit
1536 2503 1626 2558 con-

454 2604 573 2679 silium
599 2604 648 2680 ab
673 2624 730 2700 eo,
756 2606 819 2699 qui
844 2604 1030 2702 cognoscit
1055 2606 1135 2681 eius
1161 2605 1395 2702 indigentiam
1415 2612 1450 2680 et
1472 2604 1628 2679 libenter

454 2727 534 2800 rull
559 2725 699 2800 servire
723 2725 802 2819 sibi,
828 2733 865 2800 et
890 2736 990 2803 amat
1015 2746 1101 2801 cum
1127 2746 1257 2801 amore
1276 2725 1419 2799 sincero
1442 2744 1516 2799 non
1534 2722 1626 2798 licti-

455 2844 506 2919 tio
521 2834 579 2939 (²);
605 2851 642 2919 et
668 2845 748 2919 talis
773 2851 854 2921 erat
874 2852 984 2921 autor
1010 2846 1047 2919 in
1072 2845 1269 2942 proposito,
1288 2852 1329 2919 ut
1355 2851 1453 2942 patet
1479 2865 1525 2919 en
1546 2845 1626 2941 iam

455 2962 568 3039 dictis.
595 2966 638 3038 Et
663 2967 733 3040 boc
751 2965 831 3060 leci,
845 2970 910 3059 poi
926 2970 987 3039 obe
1011 2970 1162 3041 tunimo
1177 2972 1297 3057 sunta,
1314 2965 1460 3059 scilicet,
1479 2966 1627 3040 Caccia-

455 3084 588 3182 guidae,
605 3088 638 3159 si
662 3078 794 3159 mostrd
810 3088 944 3179 spedilo
960 3090 998 3161 di
1014 3092 1151 3159 mettere
1168 3089 1204 3159 lo
1221 3093 1339 3159 namo
1356 3089 1394 3159 in
1412 3089 1527 3179 quello
1544 3089 1626 3175 tela,

456 3207 555 3278 clr'io
581 3207 735 3297 leporst
758 3207 889 3297 ordita,
908 3205 1011 3299 idest,
1032 3205 1189 3281 ostendit
1214 3226 1255 3281 se
1279 3205 1440 3281 teruisse
1466 3212 1504 3281 et
1528 3205 1628 3279 ordi-

456 3346 563 3401 nasse
588 3325 712 3400 tbema
738 3325 836 3419 quod
862 3344 931 3421 ego
957 3346 1223 3421 proposueram
1249 3325 1327 3399 sibi.
1355 3325 1398 3399 Et
1429 3329 1484 3399 est
1510 3330 1627 3399 meta-

455 3447 570 3543 phora
588 3446 755 3542 propria:
770 3450 826 3521 cst
842 3446 940 3521 enim
956 3454 1075 3520 trama
1089 3446 1175 3521 illnd
1194 3446 1296 3519 iilum
1316 3446 1415 3540 quod
1432 3445 1625 3520 deducitur

458 3567 494 3641 in
528 3568 639 3643 telam
672 3588 740 3664 per
772 3567 997 3662 ordituram;
1026 3568 1141 3642 immo
1173 3573 1285 3641 autor
1320 3572 1444 3641 noster
1477 3566 1627 3641 dederat

458 3700 575 3762 unum
602 3690 725 3764 thema
751 3688 925 3784 orditum,
951 3688 1042 3763 idest
1067 3689 1280 3763 inchoatum
1306 3694 1467 3781 tantum3
1499 3692 1537 3762 et
1568 3686 1628 3761 ille

457 3807 695 3905 Caeciaguida
713 3810 831 3884 terruit
844 3809 931 3884 illud
945 3810 1079 3884 iterum
1094 3808 1347 3884 interserendo
1365 3808 1481 3882 multa
1499 3808 1628 3913 rerba,

457 3928 673 4025 exponendo
699 3936 735 4004 et
760 3929 1000 4026 declarando,
1026 3940 1063 4005 el
1088 3931 1191 4005 dicit:
1221 3932 1379 4020 tacendo,
1400 3928 1488 4024 quia
1505 3949 1552 4004 ex
1571 3934 1629 4003 ta-

459 4048 667 4124 citurnitate
693 4048 772 4123 eius
796 4050 970 4145 perpendi
1003 4049 1102 4144 qnod
1135 4050 1272 4125 lecerat
1304 4049 1414 4125 linem
1447 4069 1516 4124 suo
1549 4068 1630 4123 ser-

458 4169 719 4245 moni-Bon
753 4174 886 4263 vcppio.
921 4171 986 4244 llic
1015 4178 1125 4245 autor
1154 4170 1244 4266 petit
1277 4192 1387 4245 suum
1424 4170 1629 4264 consilium,

458 4290 593 4367 scilicet
630 4290 817 4386 quomodo
856 4291 966 4388 possit
998 4292 1193 4387 providere
1226 4290 1435 4367 adversitati
1471 4292 1629 4365 lortunae

458 4430 542 4505 quae
559 4420 713 4508 paratur
730 4418 857 4487 contra
875 4431 974 4487 eum.
995 4412 1036 4483 Et
1055 4412 1173 4506 primo
1190 4412 1412 4487 confirmans
1427 4402 1464 4505 (⁸)
1490 4412 1627 4487 dictum

458 4532 720 4631 Cacciaguidae,
747 4532 904 4608 ostendit
929 4532 1115 4627 quomodo
1133 4538 1187 4607 est
1206 4532 1273 4606 sibi
1293 4554 1386 4628 opus
1409 4532 1570 4608 remedio
1593 4532 1630 4607 in

457 4660 531 4728 tam
559 4660 662 4729 arcto
684 4676 771 4729 casu
790 4653 959 4747 lortunae,
977 4652 1115 4727 dicens:
1139 4657 1170 4727 0
1180 4657 1299 4746 padre
1319 4658 1400 4748 mio,
1421 4656 1486 4728 ben
1507 4658 1632 4748 nappin

455 4766 486 4847 si
510 4794 607 4847 come
631 4777 665 4848 lo
692 4782 804 4867 tempo
827 4794 962 4870 spronu
989 4794 1091 4846 verso
1116 4794 1182 4865 mc,
1209 4774 1313 4869 idest,
1338 4782 1522 4871 properat,
1543 4776 1632 4871 quia

522 5034 550 5097 (¹)
565 5034 596 5085 E.
613 5036 741 5100 generalla
756 5034 834 5086 huius
850 5034 964 5100 capituli,
980 5035 1007 5086 lu
1023 5048 1082 5101 qua.
1145 5034 1173 5100 (¹)
1187 5035 1216 5087 S.
1231 5036 1301 5120 licto.
1372 5034 1399 5100 Γ)
1415 5036 1441 5087 S.
1458 5037 1630 5089 mastdarm.
