4842 6642
802 861 940 932 esurus
964 864 1156 920 vroesruus
1179 866 1323 922 neruus.
1385 850 1389 856 '
1573 857 1642 926 289

475 1009 634 1105 capitulo
657 1006 803 1101 Inferni,
829 1010 948 1098 monti
976 1031 996 1082 e
1022 1012 1144 1099 senui,
1177 1029 1271 1104 quos
1302 1031 1372 1108 ego
1406 1021 1559 1088 conatus
1592 1013 1642 1088 lui

475 1130 607 1205 imitari
634 1135 711 1202 toto
736 1147 852 1222 posse,
868 1132 1074 1220 prendendo
1098 1133 1126 1203 il
1147 1130 1223 1202 cibo
1241 1132 1279 1203 dt
1294 1133 1490 1225 qualemque
1510 1137 1641 1228 catello,

474 1251 579 1347 quasi
604 1249 717 1324 dicat:
744 1248 983 1325 mendicando
1010 1271 1154 1346 panem
1169 1291 1219 1305 -
1236 1256 1287 1326 Or
1312 1257 1464 1344 vonliou.
1487 1255 1552 1329 ilic
1576 1256 1644 1330 Pe-

475 1379 554 1448 trus
578 1369 777 1445 Damianos
808 1377 936 1465 aperte
967 1371 1120 1446 infamat
1150 1378 1315 1466 pastores
1350 1375 1546 1451 modernos
1577 1394 1643 1472 per

473 1490 699 1566 contrarium
727 1490 774 1565 ad
798 1489 912 1566 dictos
935 1493 1130 1587 apostolos,
1156 1492 1299 1568 diceus:
1326 1497 1368 1567 Li
1393 1498 1553 1570 moderni
1572 1517 1644 1590 po·

473 1615 561 1686 olori
584 1633 629 1684 or
655 1613 795 1703 onolton
823 1613 879 1686 ulti
907 1615 1058 1686 mmnlzi
1087 1615 1202 1704 quinci
1233 1633 1252 1685 e
1283 1615 1416 1706 nundi,
1446 1615 1641 1710 sciliceta

473 1732 612 1809 dextris
636 1738 672 1808 ei
697 1730 860 1825 sinistris,
884 1753 904 1805 e
927 1734 981 1806 eli
1004 1736 1030 1806 li
1054 1737 1157 1827 meni,
1181 1740 1278 1807 lauto
1303 1755 1368 1809 son
1393 1739 1511 1827 oraui,
1537 1735 1641 1829 idest,

474 1854 628 1950 pingues
652 1858 691 1928 et
714 1851 929 1948 corpulenti,
955 1853 1083 1945 quales
1114 1853 1249 1929 multos
1275 1853 1346 1928 vidi
1377 1855 1414 1928 in
1446 1855 1549 1930 curia
1580 1875 1643 1930 ro-

474 1995 601 2068 maua;
627 1979 665 2048 et
690 1974 760 2047 boc
779 1978 908 2048 contra
929 1973 1179 2049 macredinem
1203 1974 1462 2069 praediclorum
1477 1969 1536 2070 (⁴);
1554 1999 1573 2050 e
1588 1979 1644 2050 cti

471 2099 521 2188 nli
538 2098 611 2169 obi
626 2097 785 2186 ameno,
802 2094 889 2188 quia
908 2094 1043 2169 nabent
1068 2115 1200 2190 cappas
1226 2096 1353 2192 longas
1378 2104 1549 2172 verentes
1566 2106 1642 2174 ter-

473 2237 553 2292 ram
578 2236 666 2291 cum
691 2214 825 2290 cauda:
851 2220 889 2290 et
913 2205 1036 2306 boc(’)
1063 2221 1192 2290 contra
1218 2215 1417 2292 nuditatem
1449 2218 1642 2326 predicto
1773 2298 1777 2312 Κ

472 2359 567 2412 rum.
585 2337 629 2411 Et
641 2336 736 2430 ideo,
749 2335 877 2411 dolore
894 2335 1117 2432 stimulante,
1135 2335 1273 2411 subdit:
1292 2358 1449 2429 cuopron
1471 2342 1522 2431 uli
1533 2343 1641 2434 puta-

468 2460 574 2551 sreni,
600 2457 754 2554 pingues
781 2463 818 2530 et
844 2455 987 2551 politos,
1012 2455 1106 2530 sicut
1132 2455 1197 2551 ipsi
1222 2463 1320 2550 sunt,
1346 2460 1640 2551 numantino,

471 2579 558 2673 unia
575 2598 706 2653 eorum
724 2577 935 2674 chlamydes
952 2581 1038 2650 sunt
1058 2577 1107 2651 ita
1125 2577 1255 2673 longae,
1272 2579 1405 2673 amplae
1423 2586 1460 2653 et
1476 2599 1639 2676 capaces,

472 2699 571 2795 qnod
595 2697 809 2793 cooperiunt
834 2696 1021 2771 bominem
1048 2704 1086 2772 et
1110 2717 1266 2791 equum3
1295 2698 1392 2774 unde
1417 2699 1518 2774 dicit:
1535 2693 1565 2774 si
1581 2704 1641 2775 elie

436 2820 439 2824 ’
471 2825 538 2896 due
561 2821 663 2893 bestie
687 2839 758 2892 uon
782 2824 870 2892 sotto
894 2837 967 2891 men
989 2820 1089 2911 neit,
1117 2816 1263 2910 scilieet,
1290 2818 1404 2893 bestia
1424 2827 1586 2915 portans,
1602 2829 1640 2896 et

470 2941 547 3038 ipse
571 2945 749 3036 portatus,
774 2937 838 3033 qui
863 2938 988 3014 verius
1014 2944 1069 3013 est
1093 2936 1207 3013 bestia
1225 2945 1263 3013 et
1279 2937 1462 3015 bestialior
1480 2940 1556 3037 ipse
1574 2943 1640 3018 be-

469 3064 549 3140 stia·
574 3063 618 3137 Et
642 3067 743 3166 certe
766 3059 796 3134 si
821 3065 931 3135 autor
956 3048 1242 3149 revivisceretd)
1269 3059 1376 3134 bodie
1401 3065 1522 3156 posset
1555 3083 1639 3136 mu·

471 3191 550 3260 tare
575 3182 717 3257 literam
745 3179 851 3253 istam
877 3184 916 3253 et
938 3177 1081 3254 dicere:
1107 3171 1138 3252 si
1161 3179 1222 3252 ote
1246 3185 1299 3254 tre
1322 3181 1424 3254 bestie
1448 3203 1519 3256 tua
1548 3189 1639 3256 sotto
1754 3181 1757 3189 '

469 3327 542 3382 aaa
563 3305 665 3397 pelle,
690 3299 838 3393 scilicet,
867 3279 1071 3391 cardinalis,
1104 3297 1278 3373 meretrix
1311 3306 1348 3374 et
1380 3319 1518 3395 equus3
1544 3301 1639 3376 sicut

468 3425 590 3503 audivi
622 3422 669 3498 de
704 3441 779 3496 uno
812 3438 925 3513 quem
958 3419 1053 3494 bene
1083 3417 1180 3512 novi,
1207 3419 1270 3512 qui
1301 3421 1468 3514 portabat
1498 3440 1638 3496 concu-

456 3547 591 3622 binam
617 3562 722 3618 suam
749 3541 795 3616 ad
820 3538 1052 3615 venationem
1079 3545 1161 3634 post
1185 3559 1226 3614 se
1256 3539 1292 3613 in
1322 3539 1430 3614 clune
1461 3540 1546 3635 equi
1579 3541 1636 3617 vel

470 3665 580 3759 muli;
604 3669 642 3739 et
666 3663 743 3757 ipse
768 3681 856 3735 vere
874 3664 956 3734 erat
980 3659 1074 3733 sicut
1093 3679 1213 3752 equus
1230 3665 1268 3733 et
1283 3659 1408 3733 mulus
1424 3647 1460 3752 (⁸)
1472 3659 1559 3735 ¹sine
1576 3679 1637 3734 ra-

470 3786 577 3862 tione.
604 3785 657 3858 ux
682 3781 786 3857 dictis
810 3781 941 3854 Petrus
967 3779 1084 3854 iratus
1108 3779 1291 3854 exclamat
1305 3779 1352 3853 ad
1368 3779 1508 3854 Deum:
1526 3799 1637 3872 opa-

467 3910 606 3996 zienzo,
629 3902 764 3979 seilicet
788 3900 920 3994 divina,
941 3902 1002 3974 ete
1025 3907 1123 3974 tanto
1141 3902 1303 3972 coctioni!
1319 3898 1422 3993 idest,
1447 3899 1636 3993 quomodo

468 4034 570 4124 potes
594 4013 736 4100 tantmu
762 4021 942 4096 sustinere
960 4019 1057 4114 quod
1080 4039 1153 4094 non
1177 4018 1371 4096 irascaris?
1396 4019 1440 4092 Et
1466 4039 1539 4094 non
1565 4017 1636 4092 rni-

470 4145 573 4239 reris,
597 4143 725 4236 lector,
749 4141 778 4214 si
803 4146 913 4215 autor
937 4147 1133 4234 tamquam
1147 4143 1254 4234 poeta
1271 4138 1337 4211 ista
1355 4129 1391 4229 (⁵)
1409 4137 1572 4231 loquitur
1590 4137 1637 4214 de

466 4265 635 4362 prelatis,
661 4282 747 4339 eum
773 4269 812 4337 et
837 4260 959 4357 magni
984 4259 1151 4334 doctores
1176 4265 1218 4346 et¹
1239 4259 1352 4333 sancti
1378 4258 1447 4332 viri
1472 4280 1545 4335 non
1571 4280 1636 4354 po-

466 4393 619 4464 tuerunt
634 4385 819 4460 abstinere
843 4382 891 4457 ab
917 4379 1124 4455 huiusmodi
1146 4369 1334 4474 vituperiis
1347 4371 1396 4470 (ὅ).
1418 4380 1520 4456 Unde
1538 4381 1635 4458 bene

525 4619 554 4678 ru
571 4619 600 4668 c
616 4587 800 4680 aminarum
816 4614 887 4664 reru
901 4617 929 4663 u
945 4611 1035 4669 rrum
1050 4625 1065 4660 a
1080 4611 1130 4660 mc

525 4694 553 4755 ζ’)
569 4694 600 4745 li.
614 4699 642 4744 et
652 4695 703 4743 lma
714 4693 793 4743 etiam
808 4694 849 4742 ert
863 4694 954 4741 contra
966 4689 1109 4740 nudutem
1120 4687 1304 4749 predictorum
1315 4687 1504 4752 apostolorum.
1521 4688 1557 4738 ltt
1566 4689 1634 4740 ideo.

526 4773 552 4832 ς’]
567 4771 593 4822 S.
609 4770 751 4822 rerlrtaset.
760 4794 791 4807 -
801 4769 833 4819 li.
848 4767 956 4818 risam.

526 4849 552 4888 :⁸¹
569 4846 599 4897 E.
616 4845 712 4903 mulne
728 4846 756 4896 ta
771 4843 933 4908 quibusdan
948 4845 989 4892 est
1004 4840 1161 4902 intellectus,
1178 4840 1228 4892 boe
1244 4845 1283 4891 eet
1299 4841 1354 4892 siue
1370 4840 1478 4892 radone.
1589 4898 1592 4906 ¹

528 4926 553 4983 ⁴¹2·
571 4924 600 4974 li.
616 4926 650 4975 lta
666 4922 824 4987 obloquatur
839 4921 879 4972 de.

527 5008 554 5068 ζ’)
571 5005 601 5057 li.
617 5003 767 5068 vituperatis
783 5001 911 5066 obloquiis
927 4999 1105 5064 prolatorum.
1121 4998 1203 5050 liade.

596 5114 622 5158 V.
1476 5108 1500 5150 10
