4842 6642
812 784 888 895 ⁸lta
1207 835 1412 893 compen
1436 836 1605 910 ruamur

815 984 916 1060 dicit:
943 988 1045 1077 epol
1069 986 1248 1075 οἰαεαιηα,
1274 984 1376 1079 idest,
1400 984 1522 1081 paullo
1548 988 1641 1079 post,
1659 989 1736 1056 lam
1761 980 1851 1057 tides
1876 1002 1992 1076 quam

814 1104 1032 1198 innocentia,
1046 1109 1154 1199 suppo
1174 1108 1261 1198 prm
1285 1107 1345 1179 cle
1361 1108 1392 1179 lc
1407 1124 1543 1197 quormc
1561 1106 1636 1177 den
1652 1109 1802 1195 roperto,
1819 1122 1842 1176 a
1860 1102 1991 1197 barba,

814 1225 900 1319 quia
927 1225 1061 1301 scilicet
1085 1235 1285 1321 antequam
1313 1227 1494 1325 pullulent
1517 1224 1577 1321 pili
1604 1224 1641 1297 iu
1668 1223 1760 1299 facie
1781 1224 1860 1318 iam
1878 1244 1993 1299 arue-

814 1351 901 1418 runt
925 1345 984 1421 illa
1011 1347 1106 1422 bona
1133 1347 1245 1442 initia,
1271 1354 1309 1423 et
1334 1345 1609 1442 pullulaverunt
1634 1343 1719 1419 vitia
1738 1345 1818 1420 loco
1842 1364 1987 1421 eorum.

815 1504 864 1519 -
882 1468 955 1537 Tol.
983 1467 1047 1541 Hic
1074 1466 1204 1542 Petrus
1221 1466 1416 1543 confirmat
1432 1488 1542 1541 suum
1560 1465 1698 1541 dictum
1727 1465 1901 1560 generale
1921 1486 1988 1561 per

816 1586 968 1661 effectus
985 1586 1237 1682 particulares,
1250 1587 1375 1663 dicens
1387 1587 1524 1683 primo:
1545 1589 1610 1660 Tul
1621 1586 1847 1659 mduzimdo
1860 1606 1986 1680 uncor,

815 1707 916 1802 idest,
943 1707 1074 1801 aliquis
1095 1709 1271 1803 parvulus
1288 1709 1416 1803 iulans,
1435 1709 1498 1801 qui
1520 1707 1684 1782 nondum
1706 1707 1773 1779 scit
1793 1706 1988 1782 articulate

815 1828 927 1923 loqui,
953 1831 1112 1919 diqiuna,
1139 1829 1288 1923 quando
1305 1850 1379 1903 uon
1399 1834 1547 1905 leuetur
1563 1834 1602 1903 el
1618 1846 1692 1901 uon
1711 1825 1909 1922 obligatur,
1925 1827 1986 1901 clla

810 1954 875 2044 poi
898 1953 1026 2025 dtoora
1052 1952 1249 2047 paulaeque
1281 1951 1370 2039 cido,
1403 1948 1539 2024 scilicet
1570 1947 1708 2023 licitum
1741 1954 1782 2026 el
1811 1945 1991 2039 illicitum,

814 2093 881 2165 per
906 2074 1100 2164 quaterque
1125 2073 1223 2165 tuno,
1260 2071 1362 2164 idest,
1395 2089 1634 2164 quocumque
1668 2075 1847 2163 tempore,
1880 2067 1987 2161 quasi

813 2191 922 2287 dicat,
950 2192 1013 2286 qui
1039 2200 1164 2287 postea
1190 2191 1349 2268 comedit
1374 2210 1503 2266 carnos
1520 2190 1558 2263 in
1579 2188 1862 2284 quadragesima
1880 2194 1918 2262 et
1934 2186 1992 2261 ri·

813 2313 907 2411 giliis
934 2313 1140 2409 praeceptis3
1167 2322 1204 2389 et
1229 2313 1331 2387 dicit:
1349 2332 1416 2386 con
1433 2314 1470 2384 lu
1489 2314 1611 2403 linqua
1627 2312 1761 2399 sciollu,
1782 2309 1885 2402 idest,
1900 2328 1989 2383 cum

819 2433 1028 2528 pervenerit
1052 2435 1099 2509 ad
1125 2434 1235 2509 talem
1262 2439 1409 2508 aelatem
1442 2432 1542 2526 quod
1571 2430 1652 2507 eius
1680 2430 1828 2524 loquela
1859 2428 1905 2503 sit
1934 2428 1990 2504 di·

818 2555 946 2631 stincta
979 2562 1015 2630 et
1047 2556 1226 2650 expedita.
1258 2555 1303 2628 Et
1332 2552 1454 2629 subdit
1482 2553 1597 2629 alium
1627 2552 1813 2644 ellectum,
1845 2550 1987 2626 diceus:

814 2678 919 2765 etot,
945 2675 1047 2768 idest,
1073 2673 1217 2769 aliquis,
1236 2674 1358 2748 >immo
1392 2673 1517 2748 verius
1549 2672 1713 2767 quilibet,
1738 2671 1982 2761 dulduza'rndo,

815 2794 855 2873 in
881 2794 1042 2888 infantia,
1074 2814 1160 2868 nam
1190 2793 1323 2868 dicitur
1355 2793 1472 2867 iulans
1506 2792 1611 2887 quasi
1639 2792 1708 2866 lari
1742 2812 1815 2865 nou
1849 2789 1986 2884 valeus,

814 2936 898 2989 amo
914 2917 958 2989 ed
973 2918 1108 2989 asculta
1133 2918 1170 2989 lu
1195 2917 1321 2988 madre
1344 2934 1424 3004 sua,
1441 2915 1501 2986 clla
1524 2914 1616 2986 alisia
1635 2915 1700 3005 poi
1715 2913 1753 2984 di
1769 2912 1912 2985 ocdorlu
1932 2931 1988 2983 se-

808 3038 922 3127 polla,
948 3035 1035 3129 quia
1061 3034 1197 3111 scilicet
1223 3040 1323 3130 optat
1339 3054 1446 3109 suam
1464 3039 1624 3108 mortem
1642 3031 1855 3124 accelerari,
1871 3029 1989 3105 immo

814 3176 912 3251 saepe
937 3156 1110 3231 verberat
1135 3156 1326 3251 ipsam-
1342 3147 1430 3229 cosi.
1457 3154 1522 3230 Hic
1547 3154 1679 3229 Petrus
1704 3173 1751 3227 ex
1776 3151 1880 3226 dictis
1900 3170 1990 3225 con-

813 3275 936 3370 cludil‚
968 3275 1066 3370 quod
1098 3276 1266 3351 homines
1294 3275 1332 3349 iu
1362 3274 1502 3349 mimda
1527 3295 1601 3349 nou
1627 3278 1716 3347 sunl
1739 3271 1837 3365 boui,
1865 3290 1990 3366 neque

815 3397 942 3473 vivunt
967 3395 1181 3472 innocenter
1206 3396 1273 3471 nisi
1301 3416 1366 3493 per
1392 3404 1510 3471 toturn
1537 3404 1683 3492 tempus
1706 3391 1875 3489 puritatis
1890 3383 1928 3486 (⁴)
1953 3398 1992 3467 et

812 3516 989 3611 pueritiae.
1018 3516 1061 3589 Et
1085 3517 1191 3593 litera
1217 3516 1395 3609 istaque
1422 3516 1545 3591 multis
1569 3516 1729 3591 obscura
1755 3513 1902 3588 videtur
1923 3532 1991 3607 po·

813 3642 883 3711 test
900 3636 1049 3732 intelligi
1075 3643 1112 3711 et
1136 3637 1270 3732 exponi
1288 3638 1408 3732 primo
1426 3636 1665 3711 materialiter
1681 3635 1753 3710 sic:
1776 3626 1869 3726 cori,
1885 3632 1990 3737 idest,

811 3758 881 3833 isto
907 3757 1016 3834 modo
1042 3759 1228 3855 predicto,
1256 3762 1294 3833 to
1319 3762 1408 3852 pelte
1436 3758 1575 3852 omaro,
1608 3758 1710 3850 idest,
1746 3755 1848 3850 pellis
1883 3752 1991 3849 pueri

813 3898 897 3973 quae
923 3886 978 3955 est
1002 3880 1121 3975 primo
1147 3881 1250 3974 alba3
1276 3879 1375 3955 unde
1399 3880 1497 3972 dicit,
1522 3882 1615 3953 dello
1639 3880 1730 3968 dello
1747 3879 1862 3970 fictu,
1882 3876 1989 3969 idest,

812 4007 956 4075 naturae
983 4002 1155 4077 humanae
1180 4023 1265 4096 quae
1291 4008 1346 4077 est
1371 4001 1444 4075 lilia
1469 4001 1554 4075 solis
1567 3991 1619 4093 (l,
1644 4002 1739 4093 sisu
1755 4018 1859 4089 nero,
1881 3995 1986 4091 idest,

811 4122 970 4198 efficitur
996 4123 1111 4219 nigra,
1137 4124 1196 4197 nel
1215 4126 1336 4215 primo
1361 4129 1492 4215 ospello
1518 4124 1556 4195 di
1580 4122 1670 4213 quel,
1704 4119 1852 4213 scilicet,
1889 4116 1987 4211 solis,

810 4246 869 4317 cle
886 4252 1039 4337 apporta
1056 4263 1171 4335 moue,
1189 4243 1339 4336 scilicet,
1355 4264 1444 4318 cum
1462 4242 1583 4317 oritur
1599 4261 1711 4337 super
1732 4260 1811 4333 uos,
1829 4261 1847 4313 r
1873 4240 1987 4312 lurcio

809 4384 905 4453 sera,
931 4362 1033 4457 idest,
1060 4384 1147 4438 cum
1173 4362 1305 4438 occidit
1330 4369 1368 4438 et
1394 4362 1579 4438 recedita
1605 4361 1727 4455 uobis;
1745 4359 1850 4455 quasi
1867 4358 1987 4433 dicat:

810 4504 895 4557 cum
923 4484 1042 4578 primo
1068 4504 1162 4578 puer
1192 4483 1317 4580 incipit
1349 4483 1405 4558 ire
1435 4483 1483 4559 ad
1514 4483 1630 4558 solem
1661 4481 1763 4577 pellis
1793 4479 1874 4554 eius
1903 4478 1989 4553 alba

810 4603 881 4679 cito
905 4602 1121 4700 denigratur
1147 4604 1182 4678 in
1209 4603 1323 4679 brevi.
1344 4604 1387 4679 ut
1404 4610 1524 4700 potest
1549 4603 1682 4699 exponi
1710 4600 1898 4676 moraliter
1916 4599 1985 4673 sic:
2107 4598 2112 4605 '

811 4724 847 4795 lu
869 4726 957 4814 pelle
982 4724 1119 4815 blanco,
1145 4723 1248 4818 idest,
1279 4723 1419 4818 puritas
1452 4730 1490 4799 et
1521 4721 1740 4814 innocentia,
1771 4722 1866 4795 delto
1897 4720 1989 4793 lello

871 4983 899 5049 (¹)
915 4984 945 5034 Ε.
963 4984 1079 5048 puritatis
1096 4989 1121 5034 ct
1138 4985 1301 5046 innoocnliar,
1318 4984 1395 5035 aliter
1413 4985 1542 5049 pueritie.
1668 4982 1695 5046 (¹)
1711 4983 1737 5035 S.
1754 4981 1874 5035 hominis.
