4842 6642
931 823 1069 880 CANTUS
1095 825 1226 880 NONUS·
1640 816 1664 880 5

491 989 573 1042 rum
603 968 756 1041 traditus
781 975 835 1042 est
855 968 1083 1042 adversariis.
1103 968 1216 1043 Cuius
1234 966 1418 1040 lubricum
1435 988 1569 1062 eorpus
1585 975 1663 1044 tra-

489 1087 604 1163 ditum
631 1087 796 1184 estigni,
823 1087 902 1162 liliis
927 1093 964 1163 et
990 1075 1232 1184 uxere'prius
1249 1086 1417 1161 laceratis
1434 1093 1472 1161 et
1489 1087 1660 1162 inbuma-

489 1209 582 1283 niter
614 1207 800 1282 trucidatis
829 1213 915 1284 aute
943 1209 1070 1282 oculos
1104 1209 1227 1304 patris.
1254 1207 1312 1282 Sic
1328 1194 1486 1298 (⁴)'inlra
1519 1228 1660 1281 aunum

488 1328 619 1403 domus
646 1328 866 1404 nobilissima
891 1336 927 1403 et
953 1329 1201 1424 potentissima
1237 1329 1283 1418 de
1314 1328 1482 1402 Romanu
1512 1328 1662 1402 omnine

490 1447 630 1542 defecit,
656 1470 740 1544 quae
767 1471 900 1546 magna
926 1451 963 1524 in
988 1470 1070 1545 ave,
1098 1450 1215 1524 maier
1241 1449 1278 1522 in
1303 1456 1418 1545 patre,
1440 1449 1549 1522 iubis
1569 1449 1662 1523 duu-

491 1569 559 1643 bus
584 1569 757 1644 lratribus
785 1571 945 1646 maxima
971 1570 1048 1644 luit.
1076 1571 1181 1644 Nunc
1213 1569 1452 1668 adliteram:
1479 1569 1564 1644 dicit
1589 1570 1662 1644 Cu-

492 1689 577 1765 nitia
609 1689 682 1785 ipsa
715 1711 820 1765 seror
850 1691 954 1766 istius
984 1691 1158 1766 Eccelini:
1189 1694 1228 1764 Si
1257 1694 1335 1765 leva
1358 1713 1406 1765 un
1431 1695 1529 1785 colle,
1557 1691 1660 1784 idest,

490 1830 625 1904 parvus
652 1830 767 1904 muns,
795 1811 831 1884 in
857 1832 932 1907 que
958 1818 1012 1886 est
1038 1812 1235 1888 Castellum
1261 1811 1410 1886 numine
1440 1813 1660 1906 Romanum,

489 1934 663 2024 inpunita
682 1939 800 2023 purte,
826 1931 961 2008 scilicet
986 1932 1141 2006 blacchia
1170 1931 1356 2006 Tervisina
1372 1923 1422 2026 (²),
1444 1935 1662 2006 dettabrra

486 2072 605 2142 praua
629 2055 760 2142 italica,
780 2073 864 2144 quae
882 2058 937 2127 est
957 2058 1100 2127 tantum
1123 2051 1321 2145 depravata
1339 2052 1457 2143 bodie,
1482 2051 1564 2126 iden
1582 2071 1662 2126 me·

491 2177 594 2246 retur
619 2173 731 2246 talem
757 2171 991 2266 disciplinam.
1019 2172 1062 2245 Et
1087 2171 1260 2246 describit
1284 2172 1481 2246 Marebiam
1504 2171 1618 2266 ipsam
1639 2191 1662 2245 a

489 2293 563 2366 suis
589 2292 803 2386 confinibus,
821 2292 963 2367 dicens:
990 2295 1048 2366 clu
1073 2295 1178 2385 dede,
1207 2291 1309 2386 idest,
1328 2291 1463 2366 situata
1480 2299 1546 2386 est,
1563 2295 1661 2364 intra

490 2415 617 2503 Rtutto,
643 2413 770 2488 canale
797 2433 973 2508 magnum
1002 2419 1056 2486 est
1081 2433 1189 2507 aquae
1223 2411 1386 2504 marinae,
1413 2412 1512 2508 quod
1537 2410 1661 2487 dividit

490 2532 674 2607 civitatem
710 2532 958 2608 venetiarum.
999 2531 1052 2605 Ad
1086 2531 1185 2625 quod
1219 2540 1275 2606 est
1315 2532 1528 2625 notandum,
1562 2531 1662 2624 quod

492 2653 694 2748 imperante
719 2652 932 2746 lastiniam,
963 2651 1077 2724 Totila
1107 2671 1173 2724 rex
1205 2652 1405 2747 gethorum
1435 2649 1565 2724 invasit
1590 2651 1661 2724 lta-

490 2773 576 2848 liam
602 2781 639 2848 et
664 2772 758 2868 cepit
783 2773 948 2847 Romam.
975 2773 1055 2860 Quo
1083 2777 1250 2866 tempure
1274 2770 1379 2844 multi
1405 2770 1451 2845 de
1476 2771 1660 2866 pruvincia

491 2892 641 2968 Venetia
673 2891 852 2988 fugientes
884 2892 1049 2965 furorem
1085 2898 1122 2965 et
1155 2889 1409 2965 crudelitatem
1448 2892 1661 2987 gethorum,

480 3034 576 3089 ,cum
614 3012 728 3088 rebus
765 3012 840 3086 suis
873 3033 964 3108 quas
1002 3031 1128 3086 secum
1165 3011 1313 3085 trahere
1349 3016 1529 3104 poterant,
1556 3011 1662 3108 luge·

491 3138 578 3206 runt
614 3132 651 3205 in
685 3132 835 3228 paludes
869 3132 980 3207 maris
1010 3131 1153 3205 Adriaci
1179 3137 1217 3204 et
1236 3131 1346 3226 juxta
1380 3130 1512 3204 Rivum
1543 3131 1661 3204 altum

344 3233 350 3248 ⁸
489 3253 729 3328 condiderunt
753 3253 949 3346 civitatem,
977 3273 1090 3346 quam
1117 3250 1286 3326 venetias
1315 3259 1553 3345 vocaverunt,
1575 3251 1660 3345 quia

488 3375 535 3448 de
560 3372 711 3448 diversis
738 3373 900 3468 partibus
925 3373 1085 3448 Venetiae
1112 3377 1361 3446 convenerant
1387 3370 1455 3466 ibi;
1472 3378 1509 3447 et
1527 3372 1564 3444 iu
1581 3373 1662 3447 locu

490 3494 550 3568 illu
583 3499 663 3567 tutu
695 3500 886 3588 coeperunt
925 3493 1039 3568 libere
1078 3492 1203 3567 vivere
1241 3491 1316 3566 suis
1350 3491 1502 3588 legibus.
1535 3493 1580 3564 ut
1611 3492 1662 3567 sic

490 3621 637 3708 propter
663 3613 867 3688 libertatem
894 3621 931 3688 et
956 3611 1191 3687 securitatem
1209 3610 1278 3685 luci
1300 3620 1338 3686 et
1354 3620 1504 3706 propter
1522 3613 1661 3686 malum

488 3741 625 3808 statum
651 3734 806 3808 aliarum
824 3724 859 3826 (³)
888 3740 1087 3826 terrarum,
1114 3732 1240 3806 civitas
1266 3731 1334 3806 ista
1359 3730 1469 3826 coepit
1494 3752 1662 3808 crescere

490 3856 536 3930 de
568 3855 627 3928 die
661 3854 695 3928 in
728 3854 836 3948 diem,
854 3874 1058 3955 ‚usquequo
1084 3852 1252 3948 pervenit
1280 3852 1327 3926 ad
1357 3859 1431 3927 tam
1464 3853 1661 3948 superbam

489 3975 713 4071 potentiam:
739 3998 758 4049 e
787 3979 817 4050 le
844 3979 989 4068 sontuue
1021 3977 1059 4049 di
1088 3980 1222 4048 Brenta
1254 3995 1273 4046 e
1304 3977 1342 4048 di
1367 3976 1501 4068 Picum
1527 3974 1660 4048 Breuta

490 4093 623 4169 lluvius
649 4099 714 4189 est,
741 4095 805 4187 qui
830 4095 954 4170 dividit
980 4095 1143 4171 Paduam
1171 4101 1207 4170 et
1233 4094 1379 4188 claudit,
1402 4096 1449 4170 de
1475 4116 1549 4190 que
1574 4096 1660 4170 alibi

489 4213 627 4287 dictum
654 4219 728 4306 est3
756 4214 865 4288 Piava
895 4215 1029 4290 fluvius
1060 4215 1196 4289 labitur
1226 4236 1293 4310 per
1319 4213 1545 4289 territorium
1572 4216 1662 4292 Ter-

491 4332 579 4426 visti,
607 4337 643 4406 et
678 4333 840 4407 nascitur
873 4356 985 4429 supra
1020 4334 1204 4409 civitatem
1239 4335 1391 4411 Belluni.
1429 4335 1474 4409 Et
1507 4335 1660 4412 dicit:e

488 4474 561 4526 non
585 4473 689 4544 serpe
715 4456 809 4526 molt
822 4457 907 4546 ulto,
933 4454 1020 4550 quia
1047 4455 1195 4528 humilis
1212 4456 1313 4530 collis
1337 4462 1403 4550 est,
1422 4477 1494 4530 non
1512 4457 1659 4554 longua

489 4573 673 4648 montibus
710 4574 790 4648 altis
820 4575 857 4648 in
889 4583 1058 4650 extremo
1092 4575 1265 4650 territorii
1294 4577 1466 4671 tervisini‚
1496 4567 1659 4670 tdonde,

490 4693 592 4788 idest,
617 4713 662 4768 ex
690 4714 765 4786 que
790 4696 1010 4788 rubescere
1035 4685 1096 4786 ptd
1121 4717 1195 4770 unu
1217 4701 1358 4791 sacella,
1384 4699 1530 4792 scilieet,
1548 4698 1660 4772 Ecce-

551 4879 578 4941 (¹)
594 4877 624 4928 B.
641 4878 675 4929 Ei
690 4879 735 4929 δὴ·
1015 4879 1044 4942 (¹)
1060 4882 1090 4933 ll.
1108 4883 1256 4935 Turrim

552 4954 579 5020 (¹)
594 4955 625 5006 E.
642 4955 753 5008 ullarum
769 4958 911 5018 civitatum,
928 4972 974 5010 mu
991 4964 1131 5012 terrerum.
