4842 6642
772 882 910 939 caurus
934 886 1127 941 vrassruus
1151 886 1282 940 nouus.
1545 872 1612 941 431

440 1048 511 1101 non
541 1028 789 1103 comedet-eote
817 1031 877 1101 ete
907 1032 920 1101 1·
949 1033 1088 1120 emtori,
1122 1028 1225 1122 idest,
1252 1028 1498 1125 intelligentiae
1532 1048 1616 1101 mo·

442 1155 569 1224 ventes
594 1148 737 1242 orbem,
758 1152 875 1242 [osser
911 1155 1064 1239 11111111,
1091 1148 1193 1243 idest,
1220 1148 1372 1243 tamdiu,
1404 1170 1516 1223 senza
1549 1170 1616 1222 11111

437 1271 651 1363 perseriano,
668 1266 772 1363 idest,
791 1269 868 1343 sine
886 1269 1049 1363 orbibus,
1067 1270 1152 1363 quia
1172 1277 1260 1344 tunc
1276 1278 1498 1364 sequeretur
1515 1270 1615 1363 quod

442 1409 507 1484 per
524 1395 599 1463 tam
615 1388 729 1461 multa
747 1390 881 1463 saeoula
900 1389 1051 1464 tuissent
1069 1389 1216 1463 trustra.
1232 1391 1329 1486 Ergo
1342 1389 1613 1465 concludendo:

441 1508 632 1603 oportebat
657 1508 756 1602 quod
783 1515 944 1583 meteres
970 1516 1007 1583 et
1033 1510 1193 1583 mundus
1219 1509 1360 1584 mobiiis
1381 1510 1491 1583 simui
1508 1528 1613 1584 crea·

444 1635 587 1723 rentur,
621 1629 707 1724 quia
738 1630 887 1723 utrique
916 1638 1002 1703 suut
1035 1637 1159 1725 partes
1195 1630 1372 1725 universi,
1405 1637 1443 1705 et
1476 1630 1614 1705 iaciunt

443 1770 559 1824 unum
586 1756 722 1842 totum;
748 1749 854 1823 aliter
879 1748 1092 1844 imperfecta
1119 1750 1270 1825 fuissent
1295 1771 1408 1846 opera
1428 1750 1613 1826 creatoris

442 1869 702 1967 perfectissimi.
716 1910 765 1925 -
782 1875 834 1945 Or
858 1874 923 1943 sai.
942 1870 1007 1945 Hic
1024 1872 1172 1945 Beatrix
1190 1872 1374 1946 concludit
1397 1891 1438 1946 se
1463 1871 1612 1947 solvisse

440 1992 560 2067 autori
587 2000 661 2066 tres
687 1991 917 2085 questiones,
944 1989 1088 2066 dicens:
1119 1998 1171 2067 Or
1205 1996 1262 2067 soi
1294 2000 1343 2083 tu,
1369 1991 1474 2086 quasi
1505 1991 1612 2084 dicat,

442 2134 538 2187 nunc
564 2112 657 2187 scire
683 2120 785 2207 potes
811 2132 856 2187 ex
885 2113 939 2185 his
965 2132 1050 2207 qum
1074 2113 1159 2208 dixi,
1181 2116 1283 2204 dove,
1304 2114 1403 2208 quia,
1423 2112 1560 2186 scilicet
1577 2112 1612 2185 in

441 2234 656 2326 eternitate,
682 2238 724 2305 ut
749 2233 866 2328 putuit
883 2254 928 2307 ex
953 2234 1071 2328 prima
1097 2234 1349 2328 quaestione‚e
1368 2232 1613 2326 1111111111,εοί-

441 2352 535 2446 licet,
554 2352 700 2447 quando
724 2358 890 2427 creatum
912 2353 978 2426 iuit
997 2354 1226 2448 universum,
1245 2360 1286 2427 ut
1303 2354 1420 2449 patuit
1437 2373 1482 2427 ex
1505 2353 1612 2429 tertia

440 2472 696 2568 quaestiones
729 2493 837 2565 come,
864 2473 950 2567 quia
984 2474 1120 2549 scilicet
1154 2475 1190 2548 in
1226 2474 1385 2567 instanti,
1420 2479 1461 2547 ut
1494 2473 1613 2569 patuit

439 2615 484 2670 ex
505 2594 664 2671 secunda
683 2593 896 2688 quaestiono,
916 2598 1024 2685 questi
1044 2598 1172 2687 omum,
1189 2596 1337 2683 scilicet,
1355 2614 1489 2669 novem
1511 2592 1610 2669 ordi·

442 2736 506 2791 nes
531 2715 761 2811 angelorum,
776 2718 886 2807 soron
904 2719 1033 2807 ereum
1059 2722 1096 2789 et
1120 2715 1225 2790 dicit:
1251 2707 1281 2788 si
1305 2718 1365 2788 cite
1390 2722 1443 2789 tre
1466 2718 1610 2804 ardori,

440 2836 542 2929 idest,
560 2841 635 2910 tres
657 2834 877 2929 qtraestiones
894 2836 1028 2930 quibus
1045 2834 1223 2932 flagrabat
1242 2834 1389 2909 animus
1406 2842 1504 2929 tuus,
1521 2854 1611 2908 11111

439 2946 500 3048 oid
524 2959 647 3050 spond,
675 2956 777 3050 idest,
804 2955 952 3031 extincti
979 2956 1065 3050 quia
1091 2955 1490 3051 summasunmna
1507 2957 1610 3046 delrio,

442 3075 532 3151 idest
547 3069 596 3171 (¹),
622 3064 811 3152 desiderio.

510 3194 568 3271 ’Νέ
582 3200 803 3289 manantem.
830 3197 900 3271 ista
919 3202 974 3272 est
990 3197 1150 3272 seourma
1169 3218 1255 3292 pars
1271 3196 1463 3293 generatis,
1481 3195 1519 3269 in
1536 3216 1610 3290 qua

439 3315 586 3390 Beatrix
612 3316 783 3392 describit
808 3338 935 3391 casum
965 3317 1148 3391 matorum
1175 3317 1407 3413 angelorum,
1427 3322 1466 3391 et
1490 3316 1612 3392 decla·

440 3442 497 3509 rat
522 3437 691 3530 quaedam
717 3438 827 3511 dubia
854 3438 952 3512 cirea
979 3443 1149 3511 naturam
1176 3436 1402 3534 angelicam:
1427 3442 1465 3513 et
1489 3435 1611 3532 primo

439 3558 554 3653 tangit
579 3558 764 3635 modicum
792 3559 950 3653 spatium
978 3558 1078 3654 quod
1103 3558 1218 3633 iuita
1248 3558 1434 3633 creatione
1458 3556 1611 3654 angelo-

442 3696 524 3750 rum
551 3677 598 3752 ad
623 3698 750 3753 casum
779 3680 975 3773 malorum,
994 3679 1118 3753 dicens
1140 3684 1177 3752 et
1202 3678 1312 3753 bene:
1332 3674 1386 3753 Ne*
1399 3678 1612 3769 meumst

437 3802 658 3873 nomoando
682 3802 721 3873 ol
745 3803 850 3891 uenti,
875 3798 977 3893 idest,
1006 3818 1078 3873 non
1104 3818 1229 3894 posses
1262 3817 1463 3872 numerare
1489 3814 1610 3890 usque

438 3916 484 3993 ad
497 3917 634 4015 viginti,
648 3918 763 3993 immo
778 3940 850 3994 non
868 3919 914 3994 ad
931 3918 1018 4013 duo,
1032 3917 1119 4012 quia
1136 3925 1383 4013 peccaverunt
1403 3916 1440 3991 in
1462 3915 1608 3991 instanti

438 4060 516 4113 suae
540 4039 745 4133 creationis,
772 4034 801 4112 si
827 4047 915 4115 tosto
940 4060 1037 4113 conte
1055 4047 1161 4133 parte
1186 4039 1434 4131 declinandi,
1462 4037 1608 4131 sciticet,

438 4160 534 4255 maii,
560 4152 661 4235 turbd
684 4164 712 4234 il
734 4162 875 4235 subietto
900 4163 1077 4235 1111111111·
1101 4164 1267 4251 elementi,
1284 4159 1431 4253 scilicet,
1456 4166 1609 4253 terram,

437 4281 525 4375 qnia
550 4282 701 4357 suerunt
725 4281 865 4376 depulsi
896 4280 933 4354 in
966 4281 1159 4356 infernum.
1188 4282 1232 4354 Et
1261 4280 1382 4355 subdit
1411 4278 1610 4354 confirma-

438 4402 573 4477 tionem
601 4402 796 4496 bonorum,
814 4401 962 4479 dicens:
975 4404 997 4475 t
1011 4404 1119 4496 altro,
1139 4402 1286 4496 scilicet,
1306 4423 1403 4496 pars,
1420 4400 1524 4494 idest,
1542 4420 1611 4474 an·

437 4522 508 4620 geli
534 4522 631 4615 boni,
655 4526 798 4616 rimoso,
833 4522 981 4616 scilicet,
1008 4522 1112 4597 iirma
1143 4522 1181 4597 in
1215 4523 1364 4597 servitio
1396 4522 1479 4616 Dei3
1512 4519 1610 4595 undo

435 4642 536 4717 dicit:
563 4665 582 4716 e
606 4634 774 4718 commod
791 4646 896 4735 quest
910 4650 1000 4733 orte,
1018 4641 1164 4735 scilicet,
1185 4649 1334 4717 cantum
1356 4647 1393 4717 ot
1415 4641 1606 4738 gaudium,

434 4764 494 4835 cite
525 4768 560 4835 tu
589 4766 752 4855 discerni,
778 4763 872 4838 sicut
901 4762 1018 4859 patuit
1049 4762 1084 4835 in
1116 4761 1334 4857 praeoedenti
1367 4761 1545 4856 cupituio;
1571 4766 1609 4835 et

460 5030 462 5035 '
497 5028 525 5092 (Ἴ
543 5027 573 5078 Β.
591 5026 664 5086 idest.
682 5032 727 5077 tuo
744 5026 881 5077 desiderio.
