4842 6642
824 801 897 872 leo
1217 817 1423 874 conanruu
1448 817 1615 872 rnannrsr

823 963 925 1059 prior
957 964 1063 1040 litera
1092 971 1148 1040 est
1178 965 1321 1060 melior,
1347 965 1517 1060 quamvis
1554 963 1605 1070 εἰς,
1632 964 1762 1040 eadem
1794 964 1994 1060 sententia3

824 1107 968 1160 ossum
992 1086 1101 1159 libero
1132 1089 1243 1178 omno
1273 1088 1311 1161 di
1339 1089 1488 1176 dodone,
1514 1085 1601 1180 quia
1633 1085 1726 1160 sicut
1757 1085 1935 1161 docuerat
1961 1085 1998 1159 in

825 1205 973 1301 mundo,
992 1197 1041 1282 ita
1068 1227 1167 1282 nunc
1191 1207 1302 1302 coepit
1328 1227 1389 1282 me
1414 1206 1548 1282 docere
1573 1205 1611 1278 in
1636 1206 1752 1302 coelo;
1772 1206 1869 1281 unde
1893 1205 1997 1281 dicit:

823 1318 1025 1402 ecominnb
1038 1328 1500 1422 permundatione
1522 1325 1583 1402 tali
1602 1325 1857 1402 iormaz—Ln
1872 1329 1995 1420 pinpo.

823 1445 889 1520 llic
915 1445 1127 1522 Bernardus
1158 1446 1282 1544 incipit
1312 1446 1537 1544 distinguere
1565 1445 1702 1543 gradus
1739 1445 1924 1523 ordinate:
1960 1455 1999 1523 et

824 1565 943 1661 primo
969 1565 1141 1642 describit
1164 1567 1324 1664 gradum
1341 1567 1463 1672 Hevae,
1481 1586 1567 1662 quae
1584 1565 1687 1641 sedet
1711 1565 1758 1641 ad
1784 1565 1896 1662 pedes
1921 1567 1998 1643 lila-

825 1685 890 1760 riae
904 1679 953 1778 (¹).
980 1687 1024 1760 Et
1039 1686 1086 1761 ad
1106 1687 1246 1762 claram
1273 1685 1545 1785 intelligentiam
1565 1686 1692 1780 literae,
1711 1706 1796 1781 quae
1813 1687 1998 1780 aliquibus

827 1806 972 1882 videtur
996 1807 1166 1902 obscura,
1184 1815 1241 1882 est
1260 1807 1539 1904 praenotandum
1564 1807 1664 1902 quod
1682 1806 1794 1904 Virgo
1812 1807 1924 1882 llaria
1942 1816 1998 1884 est

824 1927 863 2002 in
888 1928 1008 2023 primo
1031 1927 1150 2026 gradu
1176 1927 1308 2024 altiori,
1331 1935 1372 2002 ut
1389 1928 1505 2024 patuit
1530 1927 1568 2002 in
1588 1927 1660 2003 line
1677 1927 1917 2024 precedentis
1934 1949 1998 2004 ca-

824 2049 940 2145 pituli,
965 2056 1003 2125 et
1028 2049 1110 2125 ideo
1134 2049 1193 2124 bic
1218 2049 1342 2145 incipit
1366 2069 1388 2124 a
1414 2049 1586 2126 secundo.
1614 2049 1795 2124 Construe
1826 2069 1917 2146 ergo
1947 2049 1998 2124 sic

823 2169 989 2246 literam:
1019 2172 1141 2258 Qucllo
1164 2166 1249 2244 ct't
1273 2177 1369 2244 nno
1394 2171 1496 2261 bello,
1514 2170 1661 2263 scilicet,
1688 2169 1788 2246 Hera
1818 2190 1902 2264 quae
1929 2168 1997 2243 luit

824 2290 1059 2386 pulcerrima,
1085 2289 1173 2384 quia
1198 2290 1316 2386 prima
1343 2290 1476 2364 muller
1501 2291 1680 2385 plasmata
1714 2311 1827 2364 mauu
1859 2289 1992 2383 diviua,

823 2413 883 2484 do'
895 2413 973 2484 suoi
983 2412 1092 2503 pierii,
1106 2409 1208 2505 idest,
1226 2409 1273 2485 ad
1291 2409 1401 2505 pedes
1418 2410 1541 2486 llariae
1553 2401 1603 2504 (²),
1622 2411 1757 2488 scilicet
1778 2409 1993 2486 insecundo

824 2529 954 2628 gradu,
980 2525 1121 2623 ecclei,
1150 2529 1252 2624 idest,
1279 2530 1338 2605 illa
1367 2528 1510 2624 mulier,
1543 2533 1602 2606 cde
1635 2533 1842 2624 topcrscc
1875 2531 1935 2604 cte
1963 2534 2000 2604 ln

819 2672 945 2746 punse,
962 2654 1000 2724 lo
1012 2653 1137 2744 piapo,
1163 2649 1265 2745 idest,
1292 2657 1484 2747 peccatum
1510 2649 1700 2748 originale,
1722 2652 1783 2726 cte
1807 2653 1929 2725 nana
1944 2653 2000 2724 ri-

823 2775 937 2846 clu'use
952 2775 997 2846 ed
1012 2793 1116 2862 unse,
1142 2770 1233 2866 quia
1258 2771 1369 2846 Maria
1395 2769 1539 2846 curavit
1564 2778 1602 2847 et
1626 2772 1768 2850 sanavit
1793 2772 1891 2847 illam
1919 2791 1998 2845 ma·

824 2913 935 2992 gnam
966 2893 1219 2990 plagamque
1237 2892 1570 2967 eratvulneratum
1591 2891 1774 2967 lethaliter
1795 2897 1913 2988 totum
1932 2911 1999 2986 ge·

797 3035 895 3110 ¹uus
923 3013 1144 3105 humanum,
1170 3011 1219 3087 ita
1245 3011 1344 3107 quod
1367 3010 1500 3087 mulier
1525 3011 1592 3086 luit
1617 3031 1729 3088 causa
1755 3009 1998 3087 damnationis

824 3139 863 3207 et
877 3131 1096 3207 salvationis.
1107 3170 1157 3184 -
1172 3133 1404 3206 Nell'ordtoc.
1424 3131 1488 3206 Hic
1505 3131 1715 3206 bernardus
1729 3130 1902 3206 describit
1920 3137 1996 3206 ter·

825 3251 917 3327 bum
943 3250 1114 3349 gradum,
1140 3251 1177 3326 in
1203 3271 1279 3347 quo
1304 3251 1440 3327 Rachel
1471 3251 1582 3330 habet
1614 3272 1720 3327 suam
1752 3252 1876 3328 sedem
1909 3271 1995 3326 cum

824 3371 1010 3467 Beatrice3
1036 3371 1134 3447 unde
1158 3371 1263 3447 dicit:
1290 3373 1448 3466 ltccltele,
1477 3391 1561 3466 quae
1593 3371 1661 3446 luit
1687 3391 1782 3446 uxor
1807 3370 1930 3464 Jacob,
1957 3376 1995 3446 et

824 3511 930 3567 soror
954 3513 1022 3565 sua
1046 3491 1122 3586 Lia,
1148 3511 1194 3566 ex
1221 3490 1357 3585 quibus
1381 3497 1418 3566 et
1443 3489 1581 3574 ancillis
1607 3491 1719 3566 Jacob
1744 3490 1872 3587 genuit
1904 3489 1997 3564 duo-

823 3612 943 3689 decim
961 3611 1052 3686 fllios
1068 3618 1158 3707 etc.;
1183 3613 1276 3686 mede
1293 3633 1360 3686 con
1378 3613 1557 3704 Beatum
1575 3630 1692 3706 quare
1708 3616 1834 3686 autem
1850 3608 1995 3686 Beatrix

824 3732 1025 3808 collocetur
1040 3721 1077 3824 (³)
1091 3751 1179 3806 cum
1193 3731 1354 3806 Rachele
1371 3729 1577 3826 expositum
1596 3738 1651 3806 est
1672 3731 1708 3804 in
1726 3730 1886 3827 capitulo
1904 3750 1997 3825 prae-

823 3852 977 3946 cedenti,
1003 3857 1042 3928 et
1069 3852 1211 3948 plenius
1236 3859 1273 3928 et
1303 3851 1446 3947 planius
1470 3850 1632 3926 secundo
1659 3851 1818 3946 capitulo
1843 3849 1994 3943 lnlerni;

824 3979 862 4047 et
880 3972 990 4058 dicit:
1023 3993 1119 4046 conte
1142 3980 1178 4047 tu
1202 3973 1293 4064 cedi,
1320 3971 1408 4066 quia
1432 3969 1671 4046 attentissime
1696 3977 1733 4046 et
1760 3969 1994 4046 libentissime

825 4099 928 4168 notas
958 4093 1070 4168 istum
1099 4093 1257 4190 gradum
1279 4091 1412 4187 inquo
1438 4097 1492 4168 est
1516 4092 1648 4167 situata
1677 4097 1739 4166 tua
1763 4089 1993 4166 dilectissima

823 4220 861 4289 et
881 4212 1141 4308 amantissima,
1160 4233 1273 4309 quam
1301 4218 1354 4286 tot
1378 4212 1576 4309 generibus
1593 4211 1745 4286 landum
1762 4209 1990 4308 generalium

823 4339 861 4409 et
884 4333 1096 4429 specialium
1122 4331 1309 4426 exaltasti;
1340 4337 1378 4408 et
1402 4330 1511 4408 dicit:
1540 4333 1620 4406 nell
1633 4333 1759 4434 ordine
1791 4331 1851 4404 cte
1880 4333 1993 4424 sonno

821 4457 835 4528 i
860 4458 950 4531 terni
973 4457 1060 4547 sedi,
1081 4453 1168 4548 quia
1194 4452 1335 4548 primus
1355 4451 1492 4549 gradus
1518 4451 1555 4526 in
1580 4451 1709 4527 ordine
1729 4457 1784 4527 est
1801 4439 1992 4544 blariael‘);

822 4575 1008 4652 secundus
1032 4574 1102 4650 sub
1128 4573 1281 4670 podibus
1298 4572 1420 4648 llariae
1436 4579 1492 4648 est
1509 4573 1639 4668 Hevae3
1660 4571 1789 4647 tertius
1806 4570 1875 4647 sub
1893 4571 1990 4645 Hera

823 4704 878 4774 est
901 4696 1086 4791 Rachelis;
1114 4693 1212 4770 unde
1235 4693 1341 4770 dicit:
1366 4695 1404 4767 di
1427 4700 1515 4768 sotto
1540 4695 1590 4768 dc
1614 4697 1729 4785 cosei,
1751 4692 1897 4783 scilicet,
1922 4690 1992 4764 sub

884 4884 912 4947 (¹)
927 4883 959 4934 B.
977 4883 1090 4947 Virglnls
1105 4883 1203 4934 blsrlt.
1392 4875 1420 4944 (⁸)
1438 4874 1467 4931 li.
1484 4881 1598 4945 Virginis
1613 4881 1711 4932 llario.

884 4961 912 5023 ι’)
927 4961 958 5012 Ε.
975 4961 1087 5013 locetur.
1392 4955 1466 5022 dili.
1483 4959 1596 5023 Vlrglnls
1612 4959 1709 5010 llario.
1725 5009 1729 5016 ,
