4842 6642
820 829 892 896 ros
1210 837 1415 896 connnruu
1440 839 1608 893 usnuorru

818 984 866 1059 ad
886 984 1075 1059 servitium
1103 982 1160 1056 sui
1186 983 1301 1079 ducis,
1318 991 1357 1060 et
1381 983 1431 1060 ita
1457 984 1576 1081 angeli
1598 1004 1646 1059 ex
1662 982 1720 1058 sui
1740 990 1874 1058 natura
1892 983 1993 1059 loves

821 1114 858 1181 et
885 1105 1043 1202 prompti
1067 1104 1114 1179 ad
1140 1104 1332 1180 servitium
1354 1098 1547 1201 lleidpes
1563 1104 1791 1180 delectantur
1816 1104 1854 1178 in
1879 1103 1994 1180 odore

820 1226 970 1320 tiorum,
996 1229 1104 1300 etex
1132 1224 1199 1298 illis
1234 1224 1409 1322 colligunt
1441 1227 1525 1319 mel,
1553 1225 1651 1321 quod
1685 1229 1831 1321 portant
1861 1223 1909 1298 ad
1942 1225 1998 1299 al·

819 1347 1008 1441 rearium3
1033 1345 1145 1421 etita
1170 1345 1290 1442 angeli
1323 1346 1552 1422 delectantur
1586 1354 1624 1422 et
1656 1345 1848 1420 ebriantur
1878 1345 1995 1420 odore

821 1468 1007 1543 bonorum
1025 1471 1182 1563 operum
1200 1472 1425 1560 sanctorum,
1440 1472 1481 1540 ut
1493 1463 1633 1540 dictum
1650 1470 1704 1540 ert
1720 1465 1880 1560 capitulo
1899 1485 1995 1559 pre·

670 1689 676 1696 A
714 1667 717 1670 ,
820 1587 975 1682 cedenti,
1009 1592 1046 1661 et
1076 1585 1307 1662 dulcedinem
1333 1586 1479 1661 illorum
1507 1605 1663 1682 operum
1688 1591 1836 1681 portant
1868 1591 1904 1658 et
1934 1603 1994 1660 re·

821 1712 1045 1803 praesentant
1071 1726 1197 1781 coram
1219 1705 1307 1780 Deo.
1325 1705 1420 1802 llpes
1437 1704 1583 1780 inutiles
1599 1711 1637 1780 et
1652 1705 1788 1788 inertes
1806 1704 1995 1801 expellunt

822 1829 870 1904 ab
895 1828 1069 1922 alveario,
1095 1827 1145 1902 ita
1169 1826 1290 1923 angeli
1312 1847 1445 1921 pravos
1463 1832 1501 1902 et
1516 1827 1712 1902 damnosos
1732 1831 1860 1901 arcent
1884 1845 1907 1900 a
1934 1845 1995 1899 re-

822 1970 898 2047 gno
914 1949 1031 2043 licia
1058 1949 1152 2024 coelo
1176 1967 1353 2044 empyreo
1380 1945 1538 2022 rotundo
1563 1945 1773 2044 plenissimo
1793 1945 1996 2022 dulcedinis

823 2078 861 2146 et
885 2069 1084 2144 suavitatis.
1106 2069 1201 2164 Apes
1218 2067 1356 2144 iaciunt
1371 2067 1555 2165 duplicem
1574 2069 1748 2162 fructum,
1767 2066 1903 2142 scilicet
1921 2067 1995 2142 mel

823 2196 861 2266 et
881 2210 1020 2284 ceram,
1045 2198 1082 2264 et
1115 2190 1165 2264 ita
1195 2189 1243 2264 de
1275 2189 1400 2264 multis
1433 2188 1716 2285 proprietatibus
1745 2207 1839 2282 quas
1871 2186 1995 2262 scribit

824 2311 1033 2388 Aristoteles
1054 2311 1095 2384 ln
1119 2310 1213 2385 libro
1244 2309 1291 2386 de
1322 2310 1462 2384 naturis
1494 2308 1720 2403 animalium,
1753 2315 1790 2384 et
1822 2307 1995 2405 Virgilius

823 2431 918 2507 libro
934 2431 1212 2529 Georgicorum,
1226 2429 1290 2504 ubi
1309 2429 1522 2506 mirabiliter
1539 2431 1676 2504 exaltat
1693 2430 1800 2504 istam
1819 2435 1993 2504 naturam

822 2571 935 2648 apum
949 2543 985 2644 (¹)
1014 2556 1051 2626 et
1075 2557 1221 2626 caetera.
1237 2589 1286 2604 -
1300 2555 1345 2626 Le
1358 2543 1479 2643 soccia
1499 2549 1563 2624 llic
1582 2555 1692 2623 autor
1707 2549 1888 2645 descripto
1905 2556 1993 2624 actu

821 2672 1050 2769 angelorum,
1077 2692 1176 2747 nunc
1199 2669 1371 2746 describit
1395 2671 1560 2747 habitum
1593 2669 1823 2764 eorumdem,
1844 2668 1994 2745 dicens:

820 2800 859 2869 et
883 2792 933 2867 illi
958 2793 1091 2888 augeli,
1108 2813 1224 2865 ocean
1240 2799 1319 2866 tutte
1343 2795 1374 2866 lc
1396 2793 1507 2884 faede
1526 2794 1564 2866 di
1580 2794 1727 2885 stamma
1747 2794 1853 2885 oiou,·
1870 2791 1992 2887 angeli

822 2920 1134 3009 repraesentantur
1150 2934 1238 2988 cum
1256 2912 1418 2989 iaciebus
1437 2913 1560 2988 rubeis
1581 2912 1815 2988 inllammatis
1834 2912 1880 2986 ad
1898 2911 1995 3008 ligu-

821 3033 979 3108 randum
1005 3034 1195 3109 ardentem
1231 3053 1399 3109 amorem
1433 3031 1714 3127 caritatisque
1748 3037 1803 3106 est
1837 3032 1873 3106 in
1906 3032 1991 3129 ipsis

821 3153 978 3249 angelis3
996 3160 1034 3229 et
1059 3153 1162 3228 dicit:
1183 3157 1311 3228 elale
1329 3157 1364 3229 d'
1377 3175 1457 3245 oro,
1474 3153 1520 3228 ad
1542 3151 1763 3228 innuendam
1792 3151 1990 3249 perlectam

820 3271 1033 3369 sapientiam
1058 3273 1289 3371 angelorum,
1318 3274 1375 3348 rel
1404 3272 1784 3368 incorruptibilitatem
1805 3263 1854 3364 (²).
1890 3271 1991 3348 Sicut

822 3392 921 3468 enim
946 3414 1083 3468 aurum
1110 3415 1184 3468 non
1210 3393 1338 3489 recipit
1363 3392 1635 3489 corruptionem
1655 3413 1723 3468 noc
1742 3391 1992 3488 pollutionem,

821 3513 872 3588 ita
898 3520 1032 3589 natura
1057 3515 1223 3613 angelica
1248 3521 1304 3590 est
1329 3521 1467 3588 eterna
1492 3521 1530 3588 et
1554 3511 1809 3608 impeccabilis.
1828 3512 1872 3585 Et
1892 3511 1995 3588 dicit:

821 3657 842 3710 c
875 3638 1019 3728 tutuo,
1056 3635 1147 3712 idest
1181 3642 1300 3710 totum
1333 3632 1520 3708 residuum
1554 3632 1765 3707 substantiae
1800 3631 1993 3725 babebaut,

822 3763 920 3830 mom
946 3756 1083 3847 banco,
1100 3757 1161 3830 olle
1180 3755 1279 3829 nullu
1302 3775 1387 3829 neoc
1411 3773 1436 3827 a
1461 3757 1540 3846 puel
1556 3757 1700 3828 ternum
1716 3756 1857 3845 mrito,
1873 3752 1920 3828 ad
1937 3753 1995 3826 in-

822 3875 1014 3951 nuendum
1050 3883 1222 3951 naturam
1257 3874 1461 3972 angelicam
1497 3895 1627 3970 puram
1663 3880 1701 3950 et
1735 3875 1912 3950 mundam
1947 3873 1995 3948 ab

822 3997 924 4072 omni
953 3997 1099 4072 macula
1110 4020 1121 4090 ;
1133 4004 1172 4072 et
1188 3997 1258 4072 boc
1271 3995 1369 4090 dicit,
1382 3995 1468 4090 quia
1479 3995 1579 4069 nulla
1596 3995 1719 4069 anima
1731 3993 1838 4070 beata
1852 3993 1996 4091 attingit

819 4117 867 4193 ud
892 4122 1031 4192 tanum
1052 4117 1249 4213 puritatem
1269 4122 1407 4212 quanta
1427 4121 1483 4190 est
1499 4114 1537 4189 in
1553 4116 1697 4212 angelo,
1714 4113 1777 4208 qui
1797 4121 1990 4208 nunquam

820 4235 994 4333 peccarit.
1004 4277 1054 4293 -
1065 4240 1224 4327 mundo.
1240 4235 1305 4311 llic
1316 4242 1426 4311 autor
1443 4235 1599 4311 ostendit
1616 4233 1803 4330 quomodo
1819 4232 1904 4308 dicti
1922 4253 1990 4308 an·

819 4357 890 4456 geli
915 4357 952 4432 in
977 4357 1156 4434 descensu
1179 4355 1432 4432 ministrabant
1449 4355 1565 4432 beatis
1582 4353 1866 4448 beatitudinem3
1894 4351 1993 4428 unde

819 4477 923 4553 dicit:
949 4483 988 4554 et
1011 4477 1061 4551 illi
1086 4476 1219 4574 angeli,
1246 4497 1432 4570 porpcoon
1462 4477 1555 4551 dedu
1580 4497 1669 4569 pace
1697 4497 1716 4549 c
1744 4477 1822 4550 delt'
1835 4475 1982 4566 ardore,

821 4597 968 4693 scilicet,
993 4597 1062 4673 illis
1086 4597 1214 4692 beatis,
1230 4599 1282 4672 clt'
1291 4600 1364 4707 epti
1392 4600 1635 4690 acqubmouo,
1655 4595 1801 4690 scilicet,
1826 4593 1865 4668 in
1894 4593 1992 4668 dicto

822 4718 961 4794 lumine
991 4717 1125 4794 emisso
1156 4739 1180 4794 a
1208 4715 1407 4810 diurnitate,
1440 4718 1638 4790 acommoda
1667 4719 1694 4790 il
1722 4717 1854 4809 planco,
1887 4712 1993 4804 idest,

885 4982 913 5043 l¹l
927 4979 954 5032 ⁸·
970 4981 1057 5044 aprum
1073 4941 1123 5031 etc}
1494 4980 1521 5042 ‹¹›
1538 4981 1568 5032 u.
1583 4993 1600 5033 ο
1616 4987 1639 5042 r,
1657 4979 1888 5044 rumpuntur.
