4842 6642
787 811 860 878 204
1178 819 1383 877 comarum
1407 821 1574 876 amamur

786 991 948 1068 guarum
973 968 1191 1065 principum,
1217 968 1401 1044 baronum
1426 973 1464 1043 et
1485 966 1735 1063 dominorum,
1753 971 1780 1042 ti
1798 989 1867 1043 ron
1882 989 1962 1043 mo·

784 1099 894 1166 aaut
908 1094 947 1166 in
966 1096 1080 1183 queste
1095 1096 1207 1182 ruore,
1228 1088 1331 1184 idest,
1349 1088 1464 1185 specis
1488 1090 1732 1184 planetarum,
1748 1092 1810 1164 net
1826 1096 1954 1183 manu,

784 1213 932 1308 scilicet,
958 1210 1172 1309 purgatorii,
1189 1232 1208 1283 a
1224 1211 1317 1284 aelia
1334 1212 1424 1284 vatic
1440 1211 1623 1302 dolorosa,
1640 1208 1787 1304 scilicet,
1812 1208 1956 1285 inserui.

785 1374 835 1387 -
847 1329 916 1407 did
932 1335 1088 1407 tunimo.
1107 1330 1173 1405 Hic
1189 1328 1431 1425 Cacciaguida
1448 1328 1566 1404 reddit
1583 1329 1763 1405 rationem
1789 1329 1847 1405 sui
1871 1328 1960 1406 dicti

786 1453 929 1529 dicens:
959 1448 1027 1527 cue*
1048 1453 1203 1525 tunimo
1228 1452 1267 1525 dt
1290 1452 1370 1543 put
1391 1451 1522 1524 ct’ode
1546 1470 1620 1524 uun
1642 1470 1746 1543 pora,
1771 1449 1859 1546 quia
1885 1470 1961 1525 nou

786 1572 1041 1668 persuadetur,
1066 1567 1114 1647 ad
1132 1574 1250 1666 farma
1272 1573 1351 1665 fede
1371 1592 1440 1664 per
1463 1572 1626 1663 dempto,
1656 1569 1803 1665 scilicet,
1835 1570 1961 1646 humi·

786 1692 877 1766 lium
903 1698 940 1767 et
965 1692 1093 1766 vilium
1123 1711 1381 1788 personarum,
1406 1693 1523 1782 c’cia,
1549 1690 1652 1786 idest,
1683 1690 1783 1786 qued
1814 1690 1960 1785 habeat,

786 1817 823 1888 lu
837 1834 905 1887 aaa
920 1816 1041 1889 radice
1056 1815 1442 1907 imopumenascosa,
1457 1810 1560 1907 idest,
1573 1811 1836 1887 obscuritatem
1850 1810 1960 1887 iamae

786 1942 823 2011 et
848 1935 929 2012 vilis
954 1935 1178 2011 conditionis.
1205 1935 1250 2009 lit
1274 1933 1457 2010 concludit
1481 1933 1744 2029 narrationem,
1761 1940 1800 2009 et
1824 1934 1961 2009 claudit

786 2057 1001 2154 capitutum,
1013 2057 1151 2132 diceus:
1164 2053 1212 2132 ae*
1221 2078 1289 2150 per
1304 2059 1399 2130 uitro
1415 2061 1636 2147 arpomeuto,
1649 2053 1753 2150 idest,
1766 2075 1833 2149 per
1848 2054 1960 2130 aliam

786 2177 980 2274 rationem,
1005 2181 1065 2253 cie
1088 2200 1161 2253 nou
1181 2181 1283 2272 puta,
1312 2177 1415 2272 idest,
1447 2196 1522 2251 nou
1550 2183 1726 2271 appareat
1757 2176 1960 2273 evidenter,

786 2299 874 2395 quia
898 2307 1162 2399 argumentum
1188 2299 1343 2376 dubium
1370 2319 1444 2374 uun
1469 2298 1719 2394 persuaderet
