4842 6642
811 842 883 912 318
1202 854 1411 912 munerun
1433 855 1599 912 urnam

735 1061 738 1067 .
808 999 1026 1096 capacitates
1058 1019 1168 1094 suas3
1195 1007 1233 1074 et
1265 1001 1372 1075 dicit:
1405 1003 1462 1074 oei
1486 1001 1680 1094 ptmtmrtt,
1714 998 1801 1093 quia
1830 998 1860 1070 si
1893 999 1982 1074 iuna

808 1119 918 1196 tcum
940 1141 1120 1216 apparere
1143 1121 1362 1216 splendidior
1387 1121 1483 1196 inter
1499 1119 1620 1197 ridere
1637 1119 1747 1198 debet
1761 1139 1845 1194 esse
1861 1121 1984 1215 piena,

811 1247 848 1316 et
871 1240 968 1334 dicit,
993 1244 1119 1333 serent,
1143 1239 1230 1335 quia
1248 1241 1278 1314 si
1295 1261 1369 1316 non
1391 1248 1487 1317 esset
1504 1262 1569 1316 aer
1587 1259 1741 1316 serenus
1766 1260 1840 1314 non
1859 1247 1981 1335 pom

813 1362 899 1436 iuna
924 1361 1115 1457 splendere
1140 1361 1254 1455 nobis,
1276 1361 1335 1438 vei
1352 1381 1539 1457 apparere
1566 1359 1787 1456 splendidior
1812 1361 1907 1434 inter
1930 1361 1981 1434 ri-

810 1483 911 1557 dere
924 1521 974 1541 -··
986 1487 1019 1555 d
1037 1503 1114 1575 par.
1140 1482 1206 1557 Hic
1222 1489 1331 1557 autor
1348 1483 1519 1557 describit
1535 1481 1905 1577 superexcedentiam
1925 1483 1982 1556 iu-

684 1624 691 1638 ·
812 1603 919 1677 minis
943 1595 1038 1677 iilius
1062 1603 1319 1698 aternisolts3
1345 1603 1561 1679 sicutenim
1589 1602 1643 1677 soi
1668 1601 1844 1677 sensibiiis
1859 1609 1981 1678 trans-

811 1723 914 1818 paret
938 1723 1033 1797 inira
1057 1723 1180 1797 omnia
1205 1723 1345 1797 lumina
1379 1743 1464 1818 ane
1494 1721 1672 1818 recipiunt
1698 1723 1980 1817 inmeantes,

811 1843 860 1918 ita
884 1843 985 1938 quod
1006 1844 1139 1918 ocutus
1163 1844 1350 1918 humanos
1381 1843 1562 1919 sustinere
1592 1863 1666 1918 non
1697 1843 1813 1936 ratet5
1842 1843 1889 1918 ita
1921 1843 1980 1919 die

810 1963 864 2037 sol
889 1969 1050 2038 eternus
1074 1964 1327 2058 transparebat
1344 1963 1438 2038 inira
1454 1985 1586 2038 omnes
1601 1963 1679 2038 iiius
1695 1961 1837 2038 animas
1854 1963 1980 2038 herme

812 2089 850 2156 et
863 2085 1065 2178 apparebat
1076 2083 1127 2157 ita
1145 2082 1300 2177 lucidus,
1313 2083 1412 2178 quod
1425 2083 1554 2158 ocutus
1570 2083 1822 2158 intedeetuaiis
1838 2085 1981 2159 autoris

813 2203 893 2278 dus
925 2203 1052 2278 iumen
1085 2202 1339 2278 acutissimum
1374 2204 1555 2279 sustinere
1585 2225 1660 2280 non
1700 2210 1853 2299 poterat
1889 2205 1981 2280 uicit

811 2342 925 2418 ergo:
956 2345 977 2398 c
1008 2325 1046 2396 lo
1076 2326 1208 2397 uma
1236 2327 1430 2419 smtonsiu3
1459 2323 1605 2418 seilicet,
1630 2323 1748 2398 dietus
1781 2324 1845 2418 soi,
1877 2323 1980 2420 idest,

812 2441 968 2518 mida
990 2443 1049 2518 vet
1065 2461 1222 2540 persona
1236 2443 1366 2518 Christi
1388 2443 1619 2537 lucidissima,
1632 2451 1859 2540 carpum,
1878 2443 1980 2539 idea,

813 2563 1071 2657 transducebat,
1094 2587 1161 2658 per
1185 2569 1222 2639 lo
1246 2569 1327 2640 mou
1350 2569 1437 2656 truce,
1470 2565 1632 2660 ipsarum
1666 2565 1889 2660 animarum,
1921 2567 1981 2642 ret

814 2703 882 2778 per
906 2684 1091 2780 propriam
1119 2687 1240 2760 iucem
1267 2686 1377 2781 ipsius
1402 2684 1544 2780 (induti,
1571 2693 1667 2760 teuto
1690 2688 1816 2760 ctiuro
1833 2690 1980 2762 octauo

813 2807 895 2898 nto,
923 2803 1071 2899 scilicet,
1097 2804 1430 2900 intellectualius
1452 2827 1525 2880 nort
1549 2809 1586 2880 io
1609 2813 1779 2900 restaura,
1810 2809 1896 2902 quia
1926 2808 1982 2882 in-

811 2925 980 3002 tciieetur
1003 2926 1191 3000 humanus
1207 2947 1282 3001 nou
1307 2926 1442 3004 suffieit
1466 2926 1513 3002 ad
1539 2927 1923 3023 comprehendendum
1941 2933 1979 3003 et

813 3047 1111 3142 cognoscendum
1137 3053 1309 3122 naturam
1336 3047 1477 3122 Giaristi.
1491 3087 1542 3102 -
1559 3052 1589 3122 0
1605 3050 1772 3122 dectior.
1790 3047 1856 3124 liic
1873 3056 1981 3124 autor

812 3166 969 3242 ostendit
992 3168 1183 3262 quomodo
1203 3168 1350 3243 Beatrirr
1373 3167 1658 3244 manifestaverit
1682 3169 1748 3243 sibi
1774 3169 1872 3247 iiiam
1897 3168 1980 3243 ind-

812 3287 925 3362 nitam
946 3288 1090 3380 tuoem3
1116 3294 1153 3362 et
1178 3287 1264 3382 quia
1289 3289 1362 3363 cito
1383 3288 1566 3364 succurrit
1589 3288 1655 3363 sdri
1671 3287 1880 3384 niustriam,
1899 3289 1979 3364 ideo

811 3407 1018 3505 prorumpit
1033 3407 1154 3503 primo
1165 3407 1203 3482 in
1216 3407 1296 3484 eius
1313 3409 1831 3505 commendationemdicens:
1849 3414 1982 3484 odeo-

709 3610 713 3616 ,
811 3533 896 3603 trice
907 3531 1006 3604 dolce
1020 3531 1130 3621 orrida
1145 3552 1164 3603 e
1179 3536 1290 3604 coros!
1302 3551 1338 3621 o,
1360 3529 1462 3625 idest,
1475 3528 1570 3625 dico,
1582 3530 1669 3625 quia
1693 3529 1771 3626 ipsa
1789 3535 1978 3625 tamquam

811 3671 899 3726 cara
923 3656 1043 3724 muter
1067 3649 1223 3725 dulciter
1244 3649 1428 3725 succurrit
1450 3650 1523 3726 tilio
1545 3650 1736 3744 dubitanti,
1750 3651 1848 3726 sicut
1866 3651 1983 3746 patruit

812 3771 850 3845 in
875 3769 1093 3865 precedenti
1117 3770 1298 3865 capitu103
1324 3770 1454 3846 deinde
1478 3771 1587 3844 dicit:
1612 3773 1681 3846 erra
1705 3774 1754 3844 mi
1777 3773 1880 3866 duro,
1906 3773 1986 3863 qroet

813 3892 873 3964 cic
902 3893 929 3964 a·
956 3891 1149 3983 cedrorum,
1176 3891 1278 3986 idest,
1311 3889 1399 3966 iliud
1432 3893 1558 3966 iumen
1588 3892 1687 3986 quod
1720 3891 1841 3967 risum
1875 3898 1981 3966 tuunr

815 4017 966 4106 superat
990 4017 1028 4086 et
1054 4011 1175 4106 vincit,
1200 4007 1221 4085 c*
1245 4006 1349 4103 virid,
1375 4011 1521 4108 scilicet,
1548 4011 1609 4086 filii
1634 4011 1711 4106 Dei,
1736 4015 1786 4086 do
1803 4016 1859 4086 rui
1871 4015 1982 4108 niodo,

814 4130 965 4225 scilicet,
986 4131 1059 4205 alia
1087 4132 1202 4206 virtus
1222 4132 1388 4228 angelica
1404 4131 1463 4207 vel
1482 4133 1656 4228 numana,
1671 4137 1704 4206 si
1718 4137 1860 4228 ripam,
1882 4133 1984 4228 idest,

813 4251 973 4330 defendit
997 4271 1048 4346 re,
1076 4251 1161 4348 qnia
1178 4253 1298 4326 omnis
1316 4250 1433 4326 uirtus
1450 4251 1668 4328 intellectiva
1686 4253 1845 4328 vincitur
1859 4254 1908 4328 ab
1925 4253 1982 4328 itia

813 4371 951 4445 virturte
978 4391 1150 4466 superna.
1182 4371 1227 4444 Et
1249 4371 1371 4446 subdit
1395 4371 1433 4446 in
1459 4371 1603 4467 speciali
1631 4371 1844 4469 exprimens
1868 4374 1982 4470 ipsam

813 4492 1000 4587 ruentem,
1018 4495 1113 4588 point
1131 4488 1152 4567 e*
1167 4496 1203 4566 tu
1219 4495 1401 4588 sopmzo,
1422 4491 1524 4588 idest,
1537 4491 1633 4566 titius
1653 4493 1730 4587 Dei,
1747 4515 1766 4566 e
1783 4498 1819 4568 la
1831 4515 1985 4588 porror-

809 4633 872 4701 ω,
887 4611 1023 4686 scilicct
1048 4613 1139 4708 cius,
1160 4616 1221 4686 cde
1246 4605 1327 4707 apri
1344 4615 1375 4688 lc
1391 4615 1512 4687 secde
1537 4621 1595 4687 tro
1611 4615 1637 4686 ’t
1658 4617 1745 4688 ciclo
1764 4637 1784 4688 e
1801 4617 1839 4688 tu
1865 4621 1984 4710 terra,-

810 4733 945 4807 clausae
966 4731 1068 4806 eninr
1092 4739 1199 4807 erant
1229 4733 1298 4806 vire
1327 4731 1437 4807 cundi
1472 4751 1495 4806 a
1529 4741 1629 4808 terra
1659 4733 1707 4808 ad
1737 4735 1872 4809 coeium
1899 4753 1985 4830 pro·

811 4863 893 4950 pter
918 4857 1064 4954 tongam
1090 4877 1266 4953 guerram
1294 4862 1418 4931 natam
1445 4861 1594 4950 propter
1618 4862 1782 4931 atrocem
1811 4856 1981 4931 iniuriam

811 4979 944 5051 iactam
979 4998 1002 5052 a
1037 4996 1145 5052 servo
1181 4983 1311 5052 contra
1345 4975 1543 5051 Dominum
1576 4977 1744 5052 omnium
1780 4976 1985 5072 potentissi-
