4842 6642
888 823 933 888 12
1275 831 1480 888 conuurou
1506 833 1675 886 nnnnnrsr

884 982 949 1052 est.
963 976 1023 1050 lsti
1036 983 1175 1070 antem,
1190 997 1351 1070 qnorum
1365 977 1582 1076 sanguinem
1600 976 1692 1050 ludit
1704 975 1837 1070 impios
1849 974 1916 1049 iste
1932 992 2060 1048 sacer-

883 1095 960 1191 dos,
980 1097 1130 1171 fuerunt
1150 1097 1233 1193 plus
1257 1117 1369 1190 quam
1396 1097 1555 1192 triginta,
1578 1102 1618 1170 ut
1644 1095 1793 1190 quidam
1810 1095 2058 1190 scripserunt3

885 1219 958 1308 cte,
984 1216 1086 1310 idest,
1122 1237 1234 1310 quem
1267 1217 1496 1313 sanguinem,
1529 1206 1678 1308 dooerd,
1713 1221 1822 1309 turpe
1852 1216 1994 1290 donum
2022 1220 2059 1290 el

885 1337 1042 1410 inlamiae
1068 1339 1229 1432 plenum,
1262 1345 1378 1436 questo
1398 1345 1494 1430 prete
1522 1344 1665 1431 cortcsc,
1701 1336 1838 1410 ironice
1867 1335 2058 1432 intelligas,

886 1458 972 1551 quia
998 1458 1171 1554 prodigus
1198 1457 1347 1532 humani
1373 1457 1571 1554 sanguinis,
1593 1479 1662 1548 per
1686 1459 1873 1530 mostrarsi
1888 1459 1926 1530 dt
1936 1464 2056 1548 parte,

886 1577 987 1670 idest,
1015 1585 1056 1650 ut
1082 1578 1267 1652 videretur
1292 1580 1386 1652 bene
1411 1578 1457 1652 de
1482 1582 1586 1672 parte
1610 1576 1772 1650 ecclesiae
1794 1583 1831 1650 et
1847 1596 1937 1651 vere
1951 1576 2059 1674 guel·

888 1697 990 1790 pbus.
1017 1698 1061 1770 Et
1085 1698 1291 1772 concludit:
1317 1721 1336 1770 e
1360 1702 1451 1771 cotni
1476 1701 1561 1771 doni
1584 1700 1759 1791 conformi
1779 1700 1872 1788 fieoo
1898 1700 1937 1770 al
1961 1700 2059 1769 oiocr

886 1821 944 1892 det
960 1840 1080 1911 paese,
1113 1818 1215 1913 idest,
1245 1819 1340 1894 bene
1371 1819 1594 1894 conveniunt
1625 1818 1830 1892 viventibus
1861 1818 1989 1892 vitiose
2021 1816 2058 1890 in

886 1937 979 2012 dien
1000 1939 1304 2014 Marcbiu.-So.
1331 1941 1396 2014 llic
1423 1941 1550 2013 ultimo
1575 1939 1719 2014 Conitia
1744 1939 1937 2034 respondet
1956 1957 2058 2032 quae·

888 2058 994 2132 stioni
1020 2059 1154 2152 tacitae,
1173 2059 1259 2153 quia
1277 2061 1376 2134 enim
1402 2066 1512 2134 autor
1538 2067 1683 2153 poterat
1708 2058 1848 2133 dicere:
1872 2057 2058 2152 quomodo

889 2187 991 2275 potes
1016 2187 1053 2252 tu
1082 2181 1252 2274 praescire
1283 2181 1348 2253 ista
1375 2181 1500 2255 lutura
1532 2201 1617 2272 quae
1649 2179 1757 2254 modo
1783 2178 2059 2274 praenuntiasti?

889 2299 1083 2395 respondet
1114 2299 1264 2393 quoda
1294 2300 1370 2376 Deo
1403 2300 1645 2375 mediantibus
1679 2299 1897 2393 quibusdam
1930 2297 2059 2372 intelli·

886 2421 1028 2518 gentiis.
1061 2421 1163 2495 Unde
1195 2422 1298 2496 dicit:
1326 2426 1374 2495 Su
1403 2443 1492 2495 sono
1515 2423 1660 2512 speccbi,
1690 2420 1792 2512 idest,
1817 2420 1914 2513 apud
1940 2420 2057 2515 Deum

888 2547 973 2616 sunt
997 2541 1128 2636 angeli,
1156 2545 1214 2614 voi
1237 2545 1342 2616 diocte
1371 2547 1493 2635 Troni,
1522 2562 1614 2635 quos
1640 2561 1706 2614 vos
1732 2541 1897 2615 homines
1923 2539 2059 2614 vocatis

888 2660 1053 2752 thronos3
1066 2661 1196 2735 tertius
1209 2662 1307 2736 enim
1322 2663 1413 2736 ordo
1426 2662 1645 2758 angelorum
1658 2659 1710 2734 sic
1724 2667 1913 2734 vocatura
1927 2662 2059 2734 tbrono

883 2779 1029 2875 judicii:
1050 2802 1135 2854 nam
1156 2802 1224 2876 per
1250 2783 1423 2856 thronum
1444 2787 1602 2875 potestas
1621 2780 1815 2876 judiciaria
1836 2779 2058 2876 designatur,

889 2900 974 2994 quia
991 2897 1027 2992 (¹)
1062 2900 1158 2974 Deus
1190 2901 1320 2975 sedens
1352 2902 1389 2975 in
1414 2902 1468 2976 eis
1492 2901 1628 2995 judicia
1659 2921 1725 2973 sua
1759 2899 1939 2973 discernit.
1974 2898 2059 2973 ldeo

888 3018 996 3093 dicit:
1023 3023 1125 3111 code,
1151 3020 1254 3113 idest,
1279 3042 1301 3094 a
1328 3022 1472 3114 quibus,
1499 3025 1567 3093 Dio
1592 3022 1801 3111 uindicando,
1832 3018 1934 3110 idest,
1967 3017 2059 3091 divi-

890 3159 980 3212 num
1002 3139 1181 3234 judicium
1201 3139 1382 3232 futurum,
1399 3142 1528 3233 risnloc
1542 3161 1567 3209 a
1583 3142 1656 3228 noi,
1673 3139 1818 3230 scilicet,
1836 3135 2058 3212 ostendendo

891 3258 993 3332 nobis
1020 3259 1143 3333 lutura
1164 3258 1427 3354 contingentiam
1449 3280 1535 3333 nam
1555 3259 1644 3332 tales
1661 3258 1780 3353 angeli
1805 3263 1952 3332 movent
1976 3276 2058 3352 spe-

891 3401 971 3454 ram
998 3379 1160 3472 Veneris,
1182 3385 1223 3450 ut
1242 3379 1321 3474 iam
1347 3379 1483 3452 dicium
1512 3385 1567 3454 est
1592 3379 1809 3474 praecedenti
1834 3367 2060 3472 capitulo,si

889 3504 949 3574 clre
962 3503 1070 3592 questi
1080 3503 1214 3592 partor
1225 3521 1270 3573 nc
1283 3503 1395 3592 poton
1415 3501 1533 3594 buoni,
1550 3501 1652 3592 idest,
1666 3499 1732 3573 ista
1754 3498 1937 3593 praedictio
1954 3499 2056 3573 iutu-

889 3641 1018 3695 rorum
1045 3626 1247 3694 eventuum
1275 3619 1420 3693 videtur
1445 3620 1549 3694 nobis
1574 3621 1689 3712 bona,
1717 3625 1758 3692 ut
1776 3620 1904 3692 saltem
1924 3617 2056 3692 timore

889 3740 1000 3814 divini
1013 3740 1138 3834 judicii
1156 3740 1323 3814 homines
1340 3747 1495 3814 caveant
1511 3739 1578 3814 sibi
1595 3760 1617 3813 a
1635 3738 1768 3812 talibus
1785 3737 1994 3812 sceleribus.
2016 3738 2059 3811 Et

891 3861 949 3935 bic
975 3865 1058 3935 nota
1085 3862 1184 3953 quod
1210 3862 1289 3935 lraeo
1314 3882 1399 3955 qoae
1424 3869 1532 3935 autor
1558 3860 1703 3934 videtur
1732 3858 1930 3954 praedicere
1962 3865 2057 3932 tam·

891 4001 1002 4074 quam
1030 3978 1155 4054 lutura
1176 3980 1255 4074 jam
1282 3989 1388 4055 erant
1413 3980 1596 4074 praeterita
1631 3979 1778 4073 quando
1807 3978 1967 4073 scripsit3
1993 3976 2057 4054 sed

891 4101 1000 4176 babet
1030 4107 1238 4195 respectum
1270 4101 1316 4175 ad
1349 4102 1562 4197 generalem
1597 4100 1771 4174 visionem
1804 4121 1910 4174 suam
1946 4120 2058 4194 qnam

891 4221 1016 4294 babuit
1037 4221 1074 4294 in
1092 4220 1221 4296 MCCC.
1232 4223 1276 4296 Et
1293 4221 1408 4318 tangit
1428 4241 1616 4296 recessum
1634 4219 1736 4293 istius
1753 4219 1898 4314 animae,
1915 4220 2057 4296 dicens:

891 4344 950 4432 qui
964 4344 995 4412 si
1011 4349 1141 4434 tucettc,
1160 4343 1262 4436 idest,
1280 4342 1389 4417 finem
1409 4342 1492 4416 lecit
1509 4340 1669 4416 sermoni
1694 4323 1775 4431 suo,
1793 4345 1947 4436 elcccmi
1971 4364 2061 4415 sem-

891 4462 1016 4551 bionte,
1042 4461 1145 4556 idest,
1170 4463 1329 4559 signum,
1355 4465 1415 4536 cte
1436 4467 1530 4558 fosse
1546 4465 1597 4536 od
1612 4465 1705 4535 altro
1726 4465 1833 4554 volta,
1851 4463 1997 4558 scilicet,
2014 4465 2061 4539 ad

890 4581 1232 4674 contemplationem
1260 4582 1417 4678 beibur
1434 4587 1581 4674 taron,
1599 4583 1702 4677 idest,
1720 4603 1895 4658 coronam
1914 4584 2061 4660 illarum

890 4700 1111 4795 animarum,
1138 4723 1222 4796 quae
1249 4705 1494 4781 movebantur
1519 4703 1760 4797 circulariter,
1794 4711 1832 4779 et
1865 4705 2061 4780 cantabant

953 4958 980 5022 ξ’)
997 4957 1028 5008 E.
1045 4959 1104 5023 quia
1121 4961 1283 5024 omnipotens
1300 4962 1379 5012 nous.
