4842 6642
839 793 910 860 llo
1231 804 1437 859 conburunt
1462 804 1627 859 rananrsr

838 948 933 1024 bene
958 943 1107 1040 nuncl¹l
1143 955 1277 1044 tacens,
1303 949 1573 1044 contemplatur
1599 956 1636 1023 et
1661 955 1764 1042 orat3
1792 950 1850 1024 vel
1876 947 2010 1024 melius

837 1068 908 1142 boc
933 1066 1046 1166 lingit,
1073 1076 1114 1142 ut
1138 1069 1305 1144 ostendat
1325 1090 1432 1144 suam
1451 1069 1629 1144 intensam
1647 1067 1857 1146 aviditatem
1878 1089 2009 1144 versus

836 1188 1051 1263 beatricem.
1078 1189 1122 1262 Et
1146 1189 1250 1264 dicit:
1277 1210 1296 1261 e
1322 1192 1392 1264 uidi
1416 1192 1472 1280 lei,
1498 1189 1645 1281 scilicet,
1663 1188 1880 1282 Beatrlcem,
1899 1190 1960 1262 clre
1979 1193 2012 1262 si

833 1313 936 1401 socen
960 1329 1109 1401 corone,
1134 1308 1281 1403 scillcet,
1298 1308 1344 1384 de
1370 1307 1479 1384 radiis
1495 1309 1591 1382 illius
1609 1307 1700 1383 lueis
1719 1314 1888 1402 aterne,
1911 1308 2008 1383 unde

835 1428 940 1504 dicit:
965 1433 1156 1522 riflettendo
1181 1432 1231 1505 de
1254 1427 1294 1505 se*
1315 1432 1341 1504 li
1364 1431 1474 1504 cerat
1496 1433 1566 1503 rai.
1593 1429 1637 1502 Et
1668 1429 1763 1504 bene
1793 1428 1897 1526 lingit
1928 1429 2006 1522 boc,

837 1550 923 1644 quia
950 1549 1040 1624 radii
1064 1550 1175 1625 divini
1196 1549 1344 1626 luminis
1365 1550 1606 1626 rellectnntur
1631 1555 1669 1624 et
1694 1554 2008 1644 representantur

837 1669 874 1744 in
899 1691 1003 1744 sacra
1028 1669 1221 1767 theologia.
1236 1711 1286 1726 —
1302 1676 1358 1744 Du
1376 1673 1499 1764 quella.
1518 1669 1583 1744 llic
1604 1676 1713 1744 autor
1739 1667 1910 1744 describit
1929 1688 2009 1742 ma·

836 1812 948 1889 gnam
973 1790 1179 1866 dIstantiam
1205 1812 1291 1885 quae
1315 1798 1396 1867 erat
1420 1791 1515 1866 inter
1541 1811 1628 1866 eum
1655 1801 1693 1866 et
1718 1789 1923 1866 Beatricem
1943 1808 2008 1883 per

838 1930 952 1986 unam
976 1910 1311 2006 comparationem:
1337 1917 1375 1986 et
1395 1911 1555 1987 breviter
1575 1911 1652 1985 vult
1669 1909 1792 1986 dicore
1809 1908 1908 2003 quod
1926 1907 2007 2004 plns

836 2037 917 2107 erat
942 2031 1044 2126 spatii
1069 2032 1117 2106 ab
1142 2052 1189 2106 eo
1214 2031 1261 2107 ad
1294 2031 1510 2127 beatricem,
1535 2052 1649 2127 quarn
1685 2030 1730 2106 sit
1762 2031 1809 2105 ab
1835 2028 2006 2104 infimiori

836 2159 942 2248 parte
967 2156 1078 2227 terra
1101 2153 1159 2228 vel
1175 2173 1284 2247 aquae
1308 2153 1354 2228 ad
1380 2153 1609 2249 superiorem
1636 2159 1779 2247 partem
1806 2151 1900 2226 illius
1927 2170 2006 2225 rne-

836 2271 904 2348 dlae
942 2273 1101 2370 regionis
1138 2274 1246 2368 aeris,
1273 2273 1309 2348 in
1335 2294 1408 2369 qua
1442 2273 1533 2347 fiunt
1562 2272 1671 2348 altius
1704 2271 1875 2346 tonitrua.
1903 2272 2006 2345 Nunc
2036 2309 2040 2316 ·
2159 2277 2162 2286 ’

837 2391 967 2468 ordina
993 2393 1137 2468 literam
1163 2394 1234 2469 sic:
1252 2398 1386 2468 Alcone
1411 2397 1528 2468 acolio
1544 2397 1676 2469 atortut
1691 2395 1887 2486 nucleoque
1906 2393 2005 2464 s'ob-

837 2514 1005 2588 emmona
1025 2509 1087 2608 pst
1110 2509 1170 2606 pit
1194 2519 1232 2590 irt
1257 2537 1351 2608 mar,
1377 2514 1480 2610 idest,
1506 2515 1543 2588 in
1575 2514 1755 2611 prolundo
1788 2513 1900 2588 maris
1928 2511 2005 2588 exi-

836 2643 946 2730 stens,
975 2656 1048 2710 nora
1072 2638 1164 2710 dota
1188 2639 1241 2710 du
1262 2639 1375 2728 puella
1398 2639 1555 2728 reptare,
1573 2635 1674 2731 idest,
1694 2657 1767 2712 non
1784 2641 1839 2712 eat
1865 2633 2007 2731 longin-

837 2776 935 2850 quus
961 2775 984 2828 a
1009 2755 1129 2831 media
1156 2755 1306 2852 regione
1330 2756 1427 2832 aeris
1452 2755 1489 2830 in
1514 2776 1686 2851 suprema
1718 2763 1834 2852 parte,
1858 2757 1918 2828 cte
1942 2749 2005 2848 piri

836 2895 878 2950 su
903 2881 1013 2948 mortu
1037 2882 1134 2948 terrio
1159 2883 1289 2968 puna
1314 2879 1351 2950 la
1376 2879 1447 2950 ntia
1473 2879 1574 2968 outo,
1602 2877 1741 2972 supple,
1766 2875 1932 2968 distabat,
1959 2875 2007 2948 dn

836 2997 1006 3068 Beotriee.
1034 2993 1078 3068 lit
1103 3002 1271 3070 removet
1301 3002 1410 3071 antor
1442 2995 1706 3071 dubitationem
1733 2995 1893 3088 tacitam,
1919 2992 2005 3088 quia

836 3121 960 3208 posset
983 3114 1071 3189 dici:
1098 3116 1285 3210 quomodo
1311 3137 1402 3214 ergo
1428 3117 1527 3192 visus
1553 3123 1640 3192 tuus
1665 3123 1808 3212 poterat
1827 3116 2008 3212 attingere

837 3233 884 3307 ad
910 3234 1113 3310 Beatricem
1140 3241 1215 3310 tam
1242 3237 1350 3334 longe
1376 3245 1557 3314 remotam
1584 3246 1621 3313 et
1648 3238 1787 3313 altam?
1814 3235 2007 3332 respondet

837 3361 967 3427 autor:
994 3375 1053 3428 ma
1077 3357 1175 3428 nullu
1199 3359 1249 3430 mi
1269 3360 1386 3451 socen,
1411 3357 1513 3453 idest,
1532 3365 1632 3433 tanta
1649 3357 1819 3434 distantia
1840 3357 1877 3430 in
1896 3355 2006 3430 nihilo

837 3473 1055 3569 impediebat
1085 3475 1210 3552 ridere
1245 3498 1383 3572 meum,
1409 3479 1496 3572 quia
1528 3478 1711 3554 interdurn
1743 3499 1816 3553 non
1845 3477 1884 3552 nt
1916 3475 2005 3552 visio

839 3595 1021 3671 mediante
1044 3617 1134 3672 aere
1157 3598 1253 3672 sieut
1278 3598 1314 3672 in
1342 3606 1456 3694 terra;
1482 3599 1578 3676 unde
1603 3598 1640 3675 ln
1667 3607 1765 3675 terra
1793 3619 1865 3674 nnn
1891 3601 2009 3693 potest

836 3718 935 3793 risus
959 3719 1145 3794 bemanus
1170 3719 1316 3796 extendi
1345 3721 1440 3794 ultra
1467 3721 1737 3816 proportionem
1765 3719 1908 3813 obiecti,
1930 3718 2007 3794 sive

838 3839 959 3932 medii,
984 3839 1083 3934 quod
1109 3846 1164 3915 est
1186 3861 1270 3936 aer;
1289 3842 1326 3916 in
1342 3843 1437 3916 coelo
1464 3861 1553 3916 vero
1573 3861 1680 3918 secus
1697 3847 1769 3916 est:
1789 3841 1887 3916 unde
1904 3839 2005 3915 dicit:

836 3955 898 4033 eid
918 3981 986 4034 arta
1014 3963 1122 4052 effipe,
1154 3960 1257 4055 idest,
1283 3962 1369 4056 quia
1395 3962 1474 4038 eius
1500 3961 1635 4058 imago,
1655 3981 1726 4035 nora
1751 3961 2008 4036 diomedenou

837 4099 890 4152 me
900 4100 969 4171 per
985 4099 1106 4152 atezzo
1122 4084 1235 4154 motu.
1247 4121 1296 4134 -
1309 4086 1340 4157 0
1355 4085 1487 4156 douae
1502 4080 1566 4156 llic
1583 4087 1693 4156 autor
1710 4079 1880 4156 describit
1898 4099 2005 4155 suam

835 4199 1040 4275 orationem
1066 4200 1112 4276 ad
1138 4200 1354 4296 beatricem,
1381 4203 1417 4277 in
1443 4221 1516 4297 qua
1544 4201 1663 4298 primo
1689 4199 1774 4276 lacit
1800 4199 2008 4294 exordium,

836 4319 998 4394 secundo
1032 4321 1295 4417 narrationem,
1331 4323 1438 4399 tertio
1469 4322 1753 4398 conclusionem.
1786 4319 1880 4395 biert
1916 4341 2007 4418 ergo

835 4439 955 4535 primo
974 4440 1021 4515 ad
1041 4440 1258 4537 captandam
1284 4443 1596 4519 benevolentiam:
1628 4443 1800 4517 odonna
1824 4443 1862 4516 ia
1888 4445 1945 4514 cei
1967 4443 2005 4514 lu

835 4564 907 4636 mio
935 4581 1114 4655 wanze
1148 4567 1238 4656 nipe,
1263 4564 1365 4659 idest,
1392 4563 1491 4662 viget
1520 4563 1616 4640 circa
1648 4564 1788 4638 bonurn
1824 4562 2025 4653 luturum,

835 4681 921 4774 qula
946 4681 993 4756 de
1015 4684 1202 4778 praeterito
1229 4693 1269 4760 tu
1296 4685 1454 4760 liberasti
1481 4705 1543 4760 me
1558 4705 1581 4758 a
1599 4682 1715 4780 poenis
1740 4681 1888 4775 inferni,
1908 4679 2006 4754 unde

901 4941 930 5009 (¹)
945 4946 976 4998 Β.
992 4959 1062 4998 nunc
1078 4947 1173 4998 Dante·
1188 4945 1390 5011 contemplatur.
