<?xml version="1.0" encoding="UTF-8"?>
<!DOCTYPE html PUBLIC "-//W3C//DTD XHTML 1.0 Transitional//EN"
    "http://www.w3.org/TR/xhtml1/DTD/xhtml1-transitional.dtd">
<html xmlns="http://www.w3.org/1999/xhtml" xml:lang="en" lang="en">
 <head>
  <title>
</title>
<meta http-equiv="Content-Type" content="text/html;charset=utf-8" />
  <meta name='ocr-system' content='tesseract 3.04.00' />
  <meta name='ocr-capabilities' content='ocr_page ocr_carea ocr_par ocr_line ocrx_word'/>
</head>
<body>
  <div class='ocr_page' id='page_1' title='image "./comentumsuperda02benvgoog_0437.png"; bbox 0 0 4842 6642; ppageno 0'>
   <div class='ocr_carea' id='block_1_1' title="bbox 714 844 1619 933">
    <p class='ocr_par' dir='ltr' id='par_1_1' title="bbox 714 844 1619 933">
     <span class='ocr_line' id='line_1_1' title="bbox 714 844 1619 933; baseline 0.001 -1"><span class='ocrx_word' id='word_1_1' title='bbox 714 844 719 853; x_wconf 71' lang='grc'>’</span> <span class='ocrx_word' id='word_1_2' title='bbox 766 876 904 933; x_wconf 76' lang='lat' dir='ltr'><strong>esurus</strong></span> <span class='ocrx_word' id='word_1_3' title='bbox 930 876 1121 932; x_wconf 82' lang='lat' dir='ltr'><strong>vronsruus</strong></span> <span class='ocrx_word' id='word_1_4' title='bbox 1145 874 1317 931; x_wconf 75' lang='lat' dir='ltr'><strong>ocrsvos.</strong></span> <span class='ocrx_word' id='word_1_5' title='bbox 1550 865 1619 933; x_wconf 81' lang='lat' dir='ltr'><strong>tm</strong></span> 
     </span>
    </p>
   </div>
   <div class='ocr_carea' id='block_1_2' title="bbox 451 1009 1768 1121">
    <p class='ocr_par' dir='ltr' id='par_1_2' title="bbox 451 1009 1768 1121">
     <span class='ocr_line' id='line_1_2' title="bbox 451 1009 1768 1121; baseline -0.001 -22"><span class='ocrx_word' id='word_1_6' title='bbox 451 1044 551 1121; x_wconf 79' lang='lat' dir='ltr'><strong>rege</strong></span> <span class='ocrx_word' id='word_1_7' title='bbox 579 1025 791 1099; x_wconf 75' lang='lat' dir='ltr'><strong>dstantem</strong></span> <span class='ocrx_word' id='word_1_8' title='bbox 817 1020 979 1097; x_wconf 80' lang='lat' dir='ltr'><strong>offitium</strong></span> <span class='ocrx_word' id='word_1_9' title='bbox 1011 1022 1230 1117; x_wconf 80' lang='lat' dir='ltr'><strong>augelorum</strong></span> <span class='ocrx_word' id='word_1_10' title='bbox 1267 1034 1337 1099; x_wconf 87' lang='lat' dir='ltr'><strong>etc.</strong></span> <span class='ocrx_word' id='word_1_11' title='bbox 1370 1009 1415 1097; x_wconf 84' lang='lat' dir='ltr'><strong>Et</strong></span> <span class='ocrx_word' id='word_1_12' title='bbox 1446 1024 1503 1098; x_wconf 88' lang='lat' dir='ltr'><strong>hic</strong></span> <span class='ocrx_word' id='word_1_13' title='bbox 1537 1028 1622 1099; x_wconf 84' lang='lat' dir='ltr'><strong>nota</strong></span> <span class='ocrx_word' id='word_1_14' title='bbox 1765 1035 1768 1047; x_wconf 89' lang='lat'>&#39;</span> 
     </span>
    </p>
   </div>
   <div class='ocr_carea' id='block_1_3' title="bbox 380 1128 1624 3527">
    <p class='ocr_par' dir='ltr' id='par_1_3' title="bbox 380 1128 1624 3527">
     <span class='ocr_line' id='line_1_3' title="bbox 449 1128 1624 1242; baseline -0.003 -21"><span class='ocrx_word' id='word_1_15' title='bbox 449 1145 548 1239; x_wconf 85' lang='lat' dir='ltr'><strong>quod</strong></span> <span class='ocrx_word' id='word_1_16' title='bbox 573 1145 727 1242; x_wconf 80' lang='lat' dir='ltr'><strong>angelus</strong></span> <span class='ocrx_word' id='word_1_17' title='bbox 753 1150 808 1219; x_wconf 86' lang='lat' dir='ltr'><strong>est</strong></span> <span class='ocrx_word' id='word_1_18' title='bbox 833 1162 968 1217; x_wconf 88' lang='lat' dir='ltr'><strong>nomeu</strong></span> <span class='ocrx_word' id='word_1_19' title='bbox 994 1145 1170 1239; x_wconf 85' lang='lat' dir='ltr'><strong>generate</strong></span> <span class='ocrx_word' id='word_1_20' title='bbox 1186 1143 1233 1217; x_wconf 90' lang='lat' dir='ltr'><strong>ad</strong></span> <span class='ocrx_word' id='word_1_21' title='bbox 1250 1128 1380 1219; x_wconf 85' lang='lat' dir='ltr'><strong>omnes</strong></span> <span class='ocrx_word' id='word_1_22' title='bbox 1401 1164 1534 1219; x_wconf 86' lang='lat' dir='ltr'><strong>novem</strong></span> <span class='ocrx_word' id='word_1_23' title='bbox 1562 1164 1624 1218; x_wconf 92' lang='lat' dir='ltr'><strong>or-</strong></span> 
     </span>
     <span class='ocr_line' id='line_1_4' title="bbox 448 1263 1621 1361; baseline -0.003 -21"><span class='ocrx_word' id='word_1_24' title='bbox 448 1264 551 1340; x_wconf 79' lang='lat' dir='ltr'><strong>dines</strong></span> <span class='ocrx_word' id='word_1_25' title='bbox 566 1264 798 1361; x_wconf 80' lang='lat' dir='ltr'><strong>augelorum,</strong></span> <span class='ocrx_word' id='word_1_26' title='bbox 816 1268 927 1338; x_wconf 85' lang='lat' dir='ltr'><strong>otest</strong></span> <span class='ocrx_word' id='word_1_27' title='bbox 944 1282 1079 1337; x_wconf 88' lang='lat' dir='ltr'><strong>nomen</strong></span> <span class='ocrx_word' id='word_1_28' title='bbox 1096 1263 1253 1359; x_wconf 82' lang='lat' dir='ltr'><strong>speciale</strong></span> <span class='ocrx_word' id='word_1_29' title='bbox 1264 1263 1312 1337; x_wconf 90' lang='lat' dir='ltr'><strong>ad</strong></span> <span class='ocrx_word' id='word_1_30' title='bbox 1325 1264 1434 1338; x_wconf 89' lang='lat' dir='ltr'><strong>istum</strong></span> <span class='ocrx_word' id='word_1_31' title='bbox 1450 1264 1621 1337; x_wconf 90' lang='lat' dir='ltr'><strong>ultimum</strong></span> 
     </span>
     <span class='ocr_line' id='line_1_5' title="bbox 380 1382 1621 1479; baseline -0.003 -19"><span class='ocrx_word' id='word_1_32' title='bbox 380 1385 385 1393; x_wconf 88' lang='lat'>&#39;</span> <span class='ocrx_word' id='word_1_33' title='bbox 449 1385 615 1459; x_wconf 78' lang='lat' dir='ltr'><strong>ordinem</strong></span> <span class='ocrx_word' id='word_1_34' title='bbox 642 1383 869 1479; x_wconf 70' lang='lat' dir='ltr'><strong>pradictum.</strong></span> <span class='ocrx_word' id='word_1_35' title='bbox 884 1422 934 1437; x_wconf 92' lang='lat'><em>-</em></span> <span class='ocrx_word' id='word_1_36' title='bbox 950 1386 1074 1471; x_wconf 77' lang='lat' dir='ltr'><strong>Quarti.</strong></span> <span class='ocrx_word' id='word_1_37' title='bbox 1106 1382 1171 1457; x_wconf 85' lang='lat' dir='ltr'><strong>hie</strong></span> <span class='ocrx_word' id='word_1_38' title='bbox 1204 1382 1350 1458; x_wconf 83' lang='lat' dir='ltr'><strong>Beatrix</strong></span> <span class='ocrx_word' id='word_1_39' title='bbox 1383 1383 1554 1458; x_wconf 73' lang='lat' dir='ltr'><strong>describit</strong></span> <span class='ocrx_word' id='word_1_40' title='bbox 1585 1382 1621 1456; x_wconf 95' lang='lat' dir='ltr'><strong>in</strong></span> 
     </span>
     <span class='ocr_line' id='line_1_6' title="bbox 449 1502 1622 1603; baseline -0.002 -24"><span class='ocrx_word' id='word_1_41' title='bbox 449 1503 613 1603; x_wconf 79' lang='lat' dir='ltr'><strong>generati</strong></span> <span class='ocrx_word' id='word_1_42' title='bbox 638 1502 855 1599; x_wconf 87' lang='lat' dir='ltr'><strong>principium</strong></span> <span class='ocrx_word' id='word_1_43' title='bbox 881 1508 919 1577; x_wconf 89' lang='lat' dir='ltr'><strong>et</strong></span> <span class='ocrx_word' id='word_1_44' title='bbox 944 1502 1116 1577; x_wconf 83' lang='lat' dir='ltr'><strong>effectum</strong></span> <span class='ocrx_word' id='word_1_45' title='bbox 1144 1502 1290 1577; x_wconf 88' lang='lat' dir='ltr'><strong>virtutis</strong></span> <span class='ocrx_word' id='word_1_46' title='bbox 1323 1504 1489 1577; x_wconf 89' lang='lat' dir='ltr'><strong>omnium</strong></span> <span class='ocrx_word' id='word_1_47' title='bbox 1523 1502 1622 1577; x_wconf 89' lang='lat' dir='ltr'><strong>ordi·</strong></span> 
     </span>
     <span class='ocr_line' id='line_1_7' title="bbox 449 1622 1622 1721; baseline 0.001 -22"><span class='ocrx_word' id='word_1_48' title='bbox 449 1646 540 1699; x_wconf 91' lang='lat' dir='ltr'><strong>num</strong></span> <span class='ocrx_word' id='word_1_49' title='bbox 567 1622 874 1719; x_wconf 74' lang='lat' dir='ltr'><strong>praeseriptorum</strong></span> <span class='ocrx_word' id='word_1_50' title='bbox 900 1623 1043 1698; x_wconf 89' lang='lat' dir='ltr'><strong>diceus:</strong></span> <span class='ocrx_word' id='word_1_51' title='bbox 1074 1627 1190 1712; x_wconf 77' lang='lat' dir='ltr'><strong>Quarti</strong></span> <span class='ocrx_word' id='word_1_52' title='bbox 1213 1627 1345 1714; x_wconf 84' lang='lat' dir='ltr'><strong>ordini,</strong></span> <span class='ocrx_word' id='word_1_53' title='bbox 1365 1624 1501 1700; x_wconf 81' lang='lat' dir='ltr'><strong>sedicet</strong></span> <span class='ocrx_word' id='word_1_54' title='bbox 1527 1646 1622 1721; x_wconf 81' lang='lat' dir='ltr'><strong>prae·</strong></span> 
     </span>
     <span class='ocr_line' id='line_1_8' title="bbox 449 1728 1623 1840; baseline 0 -21"><span class='ocrx_word' id='word_1_55' title='bbox 449 1743 533 1819; x_wconf 85' lang='lat' dir='ltr'><strong>dieti</strong></span> <span class='ocrx_word' id='word_1_56' title='bbox 560 1764 692 1819; x_wconf 84' lang='lat' dir='ltr'><strong>norem</strong></span> <span class='ocrx_word' id='word_1_57' title='bbox 718 1744 948 1840; x_wconf 77' lang='lat' dir='ltr'><strong>angelorum,</strong></span> <span class='ocrx_word' id='word_1_58' title='bbox 970 1746 1045 1817; x_wconf 84' lang='lat' dir='ltr'><strong>tutti</strong></span> <span class='ocrx_word' id='word_1_59' title='bbox 1059 1746 1083 1816; x_wconf 74' lang='grc' dir='ltr'><em>ἴ</em></span> <span class='ocrx_word' id='word_1_60' title='bbox 1096 1748 1297 1817; x_wconf 80' lang='lat' dir='ltr'><strong>ommirooo</strong></span> <span class='ocrx_word' id='word_1_61' title='bbox 1318 1746 1375 1819; x_wconf 87' lang='lat' dir='ltr'><strong>vei</strong></span> <span class='ocrx_word' id='word_1_62' title='bbox 1392 1728 1568 1819; x_wconf 65' lang='lat' dir='ltr'><strong>nmirum</strong></span> <span class='ocrx_word' id='word_1_63' title='bbox 1585 1749 1623 1819; x_wconf 86' lang='lat' dir='ltr'><strong>di</strong></span> 
     </span>
     <span class='ocr_line' id='line_1_9' title="bbox 448 1860 1620 1959; baseline 0.003 -22"><span class='ocrx_word' id='word_1_64' title='bbox 448 1884 503 1954; x_wconf 82' lang='lat' dir='ltr'><strong>aa,</strong></span> <span class='ocrx_word' id='word_1_65' title='bbox 529 1864 675 1957; x_wconf 86' lang='lat' dir='ltr'><strong>scilicet,</strong></span> <span class='ocrx_word' id='word_1_66' title='bbox 700 1862 735 1937; x_wconf 89' lang='lat' dir='ltr'><strong>in</strong></span> <span class='ocrx_word' id='word_1_67' title='bbox 763 1863 935 1959; x_wconf 87' lang='lat' dir='ltr'><strong>praedioto</strong></span> <span class='ocrx_word' id='word_1_68' title='bbox 961 1873 1086 1959; x_wconf 89' lang='lat' dir='ltr'><strong>puoto,</strong></span> <span class='ocrx_word' id='word_1_69' title='bbox 1113 1886 1132 1936; x_wconf 86' lang='lat' dir='ltr'><strong>e</strong></span> <span class='ocrx_word' id='word_1_70' title='bbox 1156 1868 1281 1939; x_wconf 76' lang='lat' dir='ltr'><strong>moron</strong></span> <span class='ocrx_word' id='word_1_71' title='bbox 1308 1868 1348 1938; x_wconf 83' lang='lat' dir='ltr'><strong>di</strong></span> <span class='ocrx_word' id='word_1_72' title='bbox 1368 1860 1443 1955; x_wconf 77' lang='lat' dir='ltr'><strong>piri,</strong></span> <span class='ocrx_word' id='word_1_73' title='bbox 1474 1865 1620 1959; x_wconf 75' lang='lat' dir='ltr'><strong>sedicet,</strong></span> 
     </span>
     <span class='ocr_line' id='line_1_10' title="bbox 448 1984 1622 2080; baseline 0.003 -24"><span class='ocrx_word' id='word_1_74' title='bbox 448 2002 573 2078; x_wconf 79' lang='lat' dir='ltr'><strong>speras</strong></span> <span class='ocrx_word' id='word_1_75' title='bbox 590 1984 768 2076; x_wconf 63' lang='lat' dir='ltr'><strong>coeiestes</strong></span> <span class='ocrx_word' id='word_1_76' title='bbox 782 2004 874 2077; x_wconf 87' lang='lat' dir='ltr'><strong>quas</strong></span> <span class='ocrx_word' id='word_1_77' title='bbox 892 1984 1026 2067; x_wconf 90' lang='lat' dir='ltr'><strong>hahent</strong></span> <span class='ocrx_word' id='word_1_78' title='bbox 1043 1984 1112 2058; x_wconf 90' lang='lat' dir='ltr'><strong>suh</strong></span> <span class='ocrx_word' id='word_1_79' title='bbox 1130 1984 1399 2080; x_wconf 81' lang='lat' dir='ltr'>gubernatione</span> <span class='ocrx_word' id='word_1_80' title='bbox 1417 2003 1503 2079; x_wconf 87' lang='lat' dir='ltr'><strong>sua;</strong></span> <span class='ocrx_word' id='word_1_81' title='bbox 1523 1985 1622 2061; x_wconf 89' lang='lat' dir='ltr'><strong>uude</strong></span> 
     </span>
     <span class='ocr_line' id='line_1_11' title="bbox 447 2098 1620 2199; baseline -0.001 -19"><span class='ocrx_word' id='word_1_82' title='bbox 447 2105 554 2180; x_wconf 86' lang='lat' dir='ltr'><strong>dicit:</strong></span> <span class='ocrx_word' id='word_1_83' title='bbox 580 2098 612 2178; x_wconf 79' lang='lat' dir='ltr'><strong>si</strong></span> <span class='ocrx_word' id='word_1_84' title='bbox 639 2106 699 2177; x_wconf 84' lang='lat' dir='ltr'><strong>otte</strong></span> <span class='ocrx_word' id='word_1_85' title='bbox 723 2108 798 2179; x_wconf 86' lang='lat' dir='ltr'><strong>tutti</strong></span> <span class='ocrx_word' id='word_1_86' title='bbox 819 2126 886 2178; x_wconf 78' lang='lat' dir='ltr'><strong>roo</strong></span> <span class='ocrx_word' id='word_1_87' title='bbox 912 2108 1009 2179; x_wconf 72' lang='lat' dir='ltr'><strong>droti</strong></span> <span class='ocrx_word' id='word_1_88' title='bbox 1039 2126 1141 2179; x_wconf 80' lang='lat' dir='ltr'><strong>verso</strong></span> <span class='ocrx_word' id='word_1_89' title='bbox 1175 2110 1257 2195; x_wconf 87' lang='lat' dir='ltr'><strong>Dio,</strong></span> <span class='ocrx_word' id='word_1_90' title='bbox 1283 2106 1432 2198; x_wconf 76' lang='lat' dir='ltr'><strong>sedicet</strong></span> <span class='ocrx_word' id='word_1_91' title='bbox 1458 2126 1620 2199; x_wconf 87' lang='lat' dir='ltr'><strong>sursum,</strong></span> 
     </span>
     <span class='ocr_line' id='line_1_12' title="bbox 447 2223 1622 2323; baseline -0.003 -21"><span class='ocrx_word' id='word_1_92' title='bbox 447 2246 470 2302; x_wconf 88' lang='lat' dir='ltr'><strong>a</strong></span> <span class='ocrx_word' id='word_1_93' title='bbox 495 2246 570 2321; x_wconf 87' lang='lat' dir='ltr'><strong>quo</strong></span> <span class='ocrx_word' id='word_1_94' title='bbox 595 2224 774 2320; x_wconf 88' lang='lat' dir='ltr'><strong>recipiunt</strong></span> <span class='ocrx_word' id='word_1_95' title='bbox 799 2223 1018 2300; x_wconf 76' lang='lat' dir='ltr'><strong>infusionem</strong></span> <span class='ocrx_word' id='word_1_96' title='bbox 1045 2225 1189 2298; x_wconf 88' lang='lat' dir='ltr'><strong>virtutis</strong></span> <span class='ocrx_word' id='word_1_97' title='bbox 1215 2234 1253 2301; x_wconf 93' lang='lat' dir='ltr'><strong>et</strong></span> <span class='ocrx_word' id='word_1_98' title='bbox 1276 2226 1455 2323; x_wconf 79' lang='lat' dir='ltr'><strong>gratiae‚e</strong></span> <span class='ocrx_word' id='word_1_99' title='bbox 1479 2229 1553 2301; x_wconf 81' lang='lat' dir='ltr'><strong>tutti</strong></span> <span class='ocrx_word' id='word_1_100' title='bbox 1578 2229 1622 2299; x_wconf 80' lang='lat' dir='ltr'><strong>a·-</strong></span> 
     </span>
     <span class='ocr_line' id='line_1_13' title="bbox 447 2344 1621 2441; baseline -0.003 -20"><span class='ocrx_word' id='word_1_101' title='bbox 447 2366 553 2437; x_wconf 83' lang='lat' dir='ltr'><strong>roao,</strong></span> <span class='ocrx_word' id='word_1_102' title='bbox 579 2345 724 2438; x_wconf 78' lang='lat' dir='ltr'><strong>scilieet,</strong></span> <span class='ocrx_word' id='word_1_103' title='bbox 749 2345 924 2419; x_wconf 89' lang='lat' dir='ltr'><strong>deorsum</strong></span> <span class='ocrx_word' id='word_1_104' title='bbox 951 2344 1066 2441; x_wconf 82' lang='lat' dir='ltr'>ipsam</span> <span class='ocrx_word' id='word_1_105' title='bbox 1093 2346 1268 2421; x_wconf 87' lang='lat' dir='ltr'><strong>virtutem</strong></span> <span class='ocrx_word' id='word_1_106' title='bbox 1292 2346 1530 2421; x_wconf 89' lang='lat' dir='ltr'><strong>immittentes</strong></span> <span class='ocrx_word' id='word_1_107' title='bbox 1556 2365 1621 2441; x_wconf 89' lang='lat' dir='ltr'><strong>per</strong></span> 
     </span>
     <span class='ocr_line' id='line_1_14' title="bbox 449 2465 1620 2563; baseline -0.005 -19"><span class='ocrx_word' id='word_1_108' title='bbox 449 2486 602 2563; x_wconf 85' lang='lat' dir='ltr'><strong>corpora</strong></span> <span class='ocrx_word' id='word_1_109' title='bbox 630 2466 801 2541; x_wconf 86' lang='lat' dir='ltr'><strong>eoelestia.</strong></span> <span class='ocrx_word' id='word_1_110' title='bbox 816 2504 866 2519; x_wconf 97' lang='lat'>-</span> <span class='ocrx_word' id='word_1_111' title='bbox 879 2470 913 2539; x_wconf 83' lang='lat' dir='ltr'><em>E</em></span> <span class='ocrx_word' id='word_1_112' title='bbox 926 2468 1094 2539; x_wconf 83' lang='lat' dir='ltr'><strong>Dionirio.</strong></span> <span class='ocrx_word' id='word_1_113' title='bbox 1114 2466 1179 2540; x_wconf 84' lang='lat' dir='ltr'><strong>Hic</strong></span> <span class='ocrx_word' id='word_1_114' title='bbox 1199 2466 1347 2541; x_wconf 81' lang='lat' dir='ltr'><strong>Beatrir</strong></span> <span class='ocrx_word' id='word_1_115' title='bbox 1364 2466 1512 2542; x_wconf 75' lang='lat' dir='ltr'>adducit</span> <span class='ocrx_word' id='word_1_116' title='bbox 1528 2465 1620 2539; x_wconf 87' lang='lat' dir='ltr'><strong>duas</strong></span> 
     </span>
     <span class='ocr_line' id='line_1_15' title="bbox 449 2585 1620 2683; baseline 0 -22"><span class='ocrx_word' id='word_1_117' title='bbox 449 2586 636 2683; x_wconf 77' lang='lat' dir='ltr'><strong>opiniones</strong></span> <span class='ocrx_word' id='word_1_118' title='bbox 660 2585 820 2659; x_wconf 93' lang='lat' dir='ltr'><strong>duorum</strong></span> <span class='ocrx_word' id='word_1_119' title='bbox 847 2586 1053 2680; x_wconf 86' lang='lat' dir='ltr'><strong>doctorum,</strong></span> <span class='ocrx_word' id='word_1_120' title='bbox 1079 2586 1143 2681; x_wconf 86' lang='lat' dir='ltr'><strong>qui</strong></span> <span class='ocrx_word' id='word_1_121' title='bbox 1173 2586 1445 2683; x_wconf 84' lang='lat' dir='ltr'><strong>descripserunt</strong></span> <span class='ocrx_word' id='word_1_122' title='bbox 1473 2585 1620 2661; x_wconf 78' lang='lat' dir='ltr'><strong>ordiner</strong></span> 
     </span>
     <span class='ocr_line' id='line_1_16' title="bbox 449 2705 1620 2805; baseline 0 -24"><span class='ocrx_word' id='word_1_123' title='bbox 449 2705 688 2801; x_wconf 68' lang='lat' dir='ltr'><strong>angelorum</strong></span> <span class='ocrx_word' id='word_1_124' title='bbox 714 2712 752 2780; x_wconf 91' lang='lat' dir='ltr'><strong>et</strong></span> <span class='ocrx_word' id='word_1_125' title='bbox 776 2706 922 2805; x_wconf 82' lang='lat' dir='ltr'><strong>praeiert</strong></span> <span class='ocrx_word' id='word_1_126' title='bbox 947 2705 1154 2801; x_wconf 79' lang='lat' dir='ltr'><strong>opinionem</strong></span> <span class='ocrx_word' id='word_1_127' title='bbox 1183 2706 1303 2802; x_wconf 89' lang='lat' dir='ltr'><strong>unius,</strong></span> <span class='ocrx_word' id='word_1_128' title='bbox 1317 2705 1458 2782; x_wconf 85' lang='lat' dir='ltr'><strong>dicens:</strong></span> <span class='ocrx_word' id='word_1_129' title='bbox 1485 2709 1620 2781; x_wconf 76' lang='lat' dir='ltr'><strong>EDio-</strong></span> 
     </span>
     <span class='ocr_line' id='line_1_17' title="bbox 449 2824 1616 2924; baseline 0.002 -25"><span class='ocrx_word' id='word_1_130' title='bbox 449 2828 548 2899; x_wconf 74' lang='lat' dir='ltr'><strong>uiuo</strong></span> <span class='ocrx_word' id='word_1_131' title='bbox 575 2824 641 2901; x_wconf 84' lang='lat' dir='ltr'><strong>Hie</strong></span> <span class='ocrx_word' id='word_1_132' title='bbox 664 2833 720 2901; x_wconf 84' lang='lat' dir='ltr'><strong>est</strong></span> <span class='ocrx_word' id='word_1_133' title='bbox 745 2826 805 2901; x_wconf 87' lang='lat' dir='ltr'><strong>iiie</strong></span> <span class='ocrx_word' id='word_1_134' title='bbox 830 2826 1020 2923; x_wconf 87' lang='lat' dir='ltr'><strong>Dionysius</strong></span> <span class='ocrx_word' id='word_1_135' title='bbox 1049 2827 1279 2924; x_wconf 63' lang='lat' dir='ltr'><strong>Areopagum</strong></span> <span class='ocrx_word' id='word_1_136' title='bbox 1305 2826 1352 2902; x_wconf 86' lang='lat' dir='ltr'><strong>de</strong></span> <span class='ocrx_word' id='word_1_137' title='bbox 1376 2848 1452 2922; x_wconf 87' lang='lat' dir='ltr'><strong>quo</strong></span> <span class='ocrx_word' id='word_1_138' title='bbox 1476 2827 1616 2903; x_wconf 88' lang='lat' dir='ltr'><strong>dictum</strong></span> 
     </span>
     <span class='ocr_line' id='line_1_18' title="bbox 451 2946 1620 3042; baseline 0 -19"><span class='ocrx_word' id='word_1_139' title='bbox 451 2952 505 3023; x_wconf 85' lang='lat' dir='ltr'><strong>est</strong></span> <span class='ocrx_word' id='word_1_140' title='bbox 530 2966 654 3041; x_wconf 89' lang='lat' dir='ltr'><strong>supra,</strong></span> <span class='ocrx_word' id='word_1_141' title='bbox 680 2948 743 3042; x_wconf 83' lang='lat' dir='ltr'><strong>qui</strong></span> <span class='ocrx_word' id='word_1_142' title='bbox 778 2948 873 3021; x_wconf 89' lang='lat' dir='ltr'><strong>inter</strong></span> <span class='ocrx_word' id='word_1_143' title='bbox 897 2948 988 3021; x_wconf 87' lang='lat' dir='ltr'><strong>alios</strong></span> <span class='ocrx_word' id='word_1_144' title='bbox 1020 2948 1131 3023; x_wconf 88' lang='lat' dir='ltr'><strong>lihros</strong></span> <span class='ocrx_word' id='word_1_145' title='bbox 1168 2970 1255 3023; x_wconf 86' lang='lat' dir='ltr'><strong>suos</strong></span> <span class='ocrx_word' id='word_1_146' title='bbox 1292 2947 1378 3024; x_wconf 85' lang='lat' dir='ltr'><strong>iecit</strong></span> <span class='ocrx_word' id='word_1_147' title='bbox 1411 2949 1547 3023; x_wconf 86' lang='lat' dir='ltr'><strong>librum</strong></span> <span class='ocrx_word' id='word_1_148' title='bbox 1573 2946 1620 3023; x_wconf 82' lang='lat' dir='ltr'><strong>de</strong></span> 
     </span>
     <span class='ocr_line' id='line_1_19' title="bbox 449 3068 1619 3166; baseline -0.002 -23"><span class='ocrx_word' id='word_1_149' title='bbox 449 3068 612 3165; x_wconf 83' lang='lat' dir='ltr'><strong>angelica</strong></span> <span class='ocrx_word' id='word_1_150' title='bbox 630 3069 845 3163; x_wconf 80' lang='lat' dir='ltr'><strong>hierarchia,</strong></span> <span class='ocrx_word' id='word_1_151' title='bbox 865 3068 901 3142; x_wconf 90' lang='lat' dir='ltr'><strong>iu</strong></span> <span class='ocrx_word' id='word_1_152' title='bbox 927 3088 1003 3163; x_wconf 89' lang='lat' dir='ltr'><strong>quo</strong></span> <span class='ocrx_word' id='word_1_153' title='bbox 1028 3068 1189 3143; x_wconf 85' lang='lat' dir='ltr'><strong>distinxit</strong></span> <span class='ocrx_word' id='word_1_154' title='bbox 1214 3068 1361 3144; x_wconf 86' lang='lat' dir='ltr'><strong>ordines</strong></span> <span class='ocrx_word' id='word_1_155' title='bbox 1386 3070 1619 3166; x_wconf 82' lang='lat' dir='ltr'><strong>augelorum,</strong></span> 
     </span>
     <span class='ocr_line' id='line_1_20' title="bbox 450 3188 1619 3283; baseline -0.004 -18"><span class='ocrx_word' id='word_1_156' title='bbox 450 3209 495 3265; x_wconf 81' lang='lat' dir='ltr'><strong>oo</strong></span> <span class='ocrx_word' id='word_1_157' title='bbox 534 3188 642 3265; x_wconf 90' lang='lat' dir='ltr'><strong>modo</strong></span> <span class='ocrx_word' id='word_1_158' title='bbox 681 3210 755 3283; x_wconf 90' lang='lat' dir='ltr'><strong>quo</strong></span> <span class='ocrx_word' id='word_1_159' title='bbox 796 3188 935 3264; x_wconf 88' lang='lat' dir='ltr'><strong>dictum</strong></span> <span class='ocrx_word' id='word_1_160' title='bbox 979 3194 1045 3282; x_wconf 86' lang='lat' dir='ltr'><strong>est,</strong></span> <span class='ocrx_word' id='word_1_161' title='bbox 1084 3210 1195 3283; x_wconf 85' lang='lat' dir='ltr'><strong>quem</strong></span> <span class='ocrx_word' id='word_1_162' title='bbox 1238 3188 1393 3264; x_wconf 77' lang='lat' dir='ltr'><strong>eooiesia</strong></span> <span class='ocrx_word' id='word_1_163' title='bbox 1430 3188 1619 3281; x_wconf 88' lang='lat' dir='ltr'><strong>sequitur;</strong></span> 
     </span>
     <span class='ocr_line' id='line_1_21' title="bbox 449 3307 1620 3403; baseline 0.001 -21"><span class='ocrx_word' id='word_1_164' title='bbox 449 3315 487 3383; x_wconf 90' lang='lat' dir='ltr'><strong>et</strong></span> <span class='ocrx_word' id='word_1_165' title='bbox 524 3309 604 3384; x_wconf 86' lang='lat' dir='ltr'><strong>ideo</strong></span> <span class='ocrx_word' id='word_1_166' title='bbox 648 3316 757 3384; x_wconf 90' lang='lat' dir='ltr'><strong>autor</strong></span> <span class='ocrx_word' id='word_1_167' title='bbox 787 3316 979 3403; x_wconf 84' lang='lat' dir='ltr'><strong>tamquam</strong></span> <span class='ocrx_word' id='word_1_168' title='bbox 1010 3310 1229 3384; x_wconf 87' lang='lat' dir='ltr'><strong>christianus</strong></span> <span class='ocrx_word' id='word_1_169' title='bbox 1267 3310 1362 3385; x_wconf 87' lang='lat' dir='ltr'><strong>hene</strong></span> <span class='ocrx_word' id='word_1_170' title='bbox 1398 3308 1483 3383; x_wconf 87' lang='lat' dir='ltr'><strong>dicit</strong></span> <span class='ocrx_word' id='word_1_171' title='bbox 1520 3307 1620 3403; x_wconf 85' lang='lat' dir='ltr'><strong>quod</strong></span> 
     </span>
     <span class='ocr_line' id='line_1_22' title="bbox 450 3429 1620 3527; baseline 0 -23"><span class='ocrx_word' id='word_1_172' title='bbox 450 3430 642 3527; x_wconf 81' lang='lat' dir='ltr'><strong>Dionysius</strong></span> <span class='ocrx_word' id='word_1_173' title='bbox 668 3431 865 3506; x_wconf 86' lang='lat' dir='ltr'><strong>concordat</strong></span> <span class='ocrx_word' id='word_1_174' title='bbox 890 3450 1030 3507; x_wconf 87' lang='lat' dir='ltr'><strong>secum.</strong></span> <span class='ocrx_word' id='word_1_175' title='bbox 1058 3429 1160 3505; x_wconf 85' lang='lat' dir='ltr'><strong>Unde</strong></span> <span class='ocrx_word' id='word_1_176' title='bbox 1184 3430 1289 3504; x_wconf 85' lang='lat' dir='ltr'><strong>dicit:</strong></span> <span class='ocrx_word' id='word_1_177' title='bbox 1315 3433 1347 3503; x_wconf 82' lang='lat' dir='ltr'><strong>ri</strong></span> <span class='ocrx_word' id='word_1_178' title='bbox 1378 3434 1462 3504; x_wconf 72' lang='lat' dir='ltr'><strong>mue</strong></span> <span class='ocrx_word' id='word_1_179' title='bbox 1486 3452 1511 3503; x_wconf 89' lang='lat' dir='ltr'><strong>o</strong></span> <span class='ocrx_word' id='word_1_180' title='bbox 1535 3452 1620 3504; x_wconf 80' lang='lat' dir='ltr'><strong>coa-</strong></span> 
     </span>
    </p>
   </div>
   <div class='ocr_carea' id='block_1_4' title="bbox 449 3543 1742 3645">
    <p class='ocr_par' dir='ltr' id='par_1_4' title="bbox 449 3543 1742 3645">
     <span class='ocr_line' id='line_1_23' title="bbox 449 3543 1742 3645; baseline -0.001 -19"><span class='ocrx_word' id='word_1_181' title='bbox 449 3555 597 3645; x_wconf 81' lang='lat' dir='ltr'><strong>temptnr</strong></span> <span class='ocrx_word' id='word_1_182' title='bbox 622 3554 730 3645; x_wconf 78' lang='lat' dir='ltr'><strong>questi</strong></span> <span class='ocrx_word' id='word_1_183' title='bbox 755 3554 874 3625; x_wconf 83' lang='lat' dir='ltr'><strong>ordint</strong></span> <span class='ocrx_word' id='word_1_184' title='bbox 898 3569 965 3624; x_wconf 82' lang='lat' dir='ltr'><strong>corr</strong></span> <span class='ocrx_word' id='word_1_185' title='bbox 995 3558 1091 3624; x_wconf 86' lang='lat' dir='ltr'><strong>tuoto</strong></span> <span class='ocrx_word' id='word_1_186' title='bbox 1116 3554 1218 3642; x_wconf 79' lang='lat' dir='ltr'><strong>disin,</strong></span> <span class='ocrx_word' id='word_1_187' title='bbox 1247 3552 1349 3645; x_wconf 88' lang='lat' dir='ltr'><strong>idest,</strong></span> <span class='ocrx_word' id='word_1_188' title='bbox 1377 3559 1453 3626; x_wconf 86' lang='lat' dir='ltr'><strong>tam</strong></span> <span class='ocrx_word' id='word_1_189' title='bbox 1478 3550 1621 3625; x_wconf 87' lang='lat' dir='ltr'><strong>deside-</strong></span> <span class='ocrx_word' id='word_1_190' title='bbox 1738 3543 1742 3549; x_wconf 72' lang='grc'><strong>’</strong></span> 
     </span>
    </p>
   </div>
   <div class='ocr_carea' id='block_1_5' title="bbox 450 3664 1622 4370">
    <p class='ocr_par' dir='ltr' id='par_1_5' title="bbox 450 3664 1622 4370">
     <span class='ocr_line' id='line_1_24' title="bbox 451 3664 1618 3765; baseline -0.005 -18"><span class='ocrx_word' id='word_1_191' title='bbox 451 3672 543 3748; x_wconf 83' lang='lat' dir='ltr'><strong>renti</strong></span> <span class='ocrx_word' id='word_1_192' title='bbox 573 3672 694 3747; x_wconf 90' lang='lat' dir='ltr'><strong>studio</strong></span> <span class='ocrx_word' id='word_1_193' title='bbox 719 3678 756 3745; x_wconf 91' lang='lat' dir='ltr'><strong>et</strong></span> <span class='ocrx_word' id='word_1_194' title='bbox 780 3670 967 3764; x_wconf 87' lang='lat' dir='ltr'><strong>scrutinio,</strong></span> <span class='ocrx_word' id='word_1_195' title='bbox 997 3673 1056 3744; x_wconf 83' lang='lat' dir='ltr'><strong>ohe</strong></span> <span class='ocrx_word' id='word_1_196' title='bbox 1081 3674 1107 3743; x_wconf 87' lang='lat' dir='ltr'><strong>ti</strong></span> <span class='ocrx_word' id='word_1_197' title='bbox 1130 3664 1249 3762; x_wconf 78' lang='lat' dir='ltr'><strong>nomo,</strong></span> <span class='ocrx_word' id='word_1_198' title='bbox 1277 3670 1380 3765; x_wconf 83' lang='lat' dir='ltr'><strong>idest,</strong></span> <span class='ocrx_word' id='word_1_199' title='bbox 1408 3669 1618 3761; x_wconf 87' lang='lat' dir='ltr'><strong>nominavit,</strong></span> 
     </span>
     <span class='ocr_line' id='line_1_25' title="bbox 450 3789 1620 3887; baseline -0.005 -19"><span class='ocrx_word' id='word_1_200' title='bbox 450 3816 469 3867; x_wconf 84' lang='lat' dir='ltr'><strong>e</strong></span> <span class='ocrx_word' id='word_1_201' title='bbox 492 3796 633 3868; x_wconf 79' lang='lat' dir='ltr'><strong>distirtse</strong></span> <span class='ocrx_word' id='word_1_202' title='bbox 656 3794 803 3885; x_wconf 82' lang='lat' dir='ltr'><strong>oom’io,</strong></span> <span class='ocrx_word' id='word_1_203' title='bbox 833 3790 935 3885; x_wconf 77' lang='lat' dir='ltr'><strong>idest,</strong></span> <span class='ocrx_word' id='word_1_204' title='bbox 954 3811 999 3867; x_wconf 86' lang='lat' dir='ltr'><strong>eo</strong></span> <span class='ocrx_word' id='word_1_205' title='bbox 1025 3789 1165 3883; x_wconf 90' lang='lat' dir='ltr'><strong>ordine,</strong></span> <span class='ocrx_word' id='word_1_206' title='bbox 1183 3810 1259 3885; x_wconf 86' lang='lat' dir='ltr'><strong>quo</strong></span> <span class='ocrx_word' id='word_1_207' title='bbox 1282 3812 1353 3887; x_wconf 83' lang='lat' dir='ltr'><strong>ego</strong></span> <span class='ocrx_word' id='word_1_208' title='bbox 1378 3789 1620 3865; x_wconf 77' lang='lat' dir='ltr'><strong>nominarint</strong></span> 
     </span>
     <span class='ocr_line' id='line_1_26' title="bbox 451 3908 1620 4006; baseline -0.003 -21"><span class='ocrx_word' id='word_1_209' title='bbox 451 3911 593 3985; x_wconf 74' lang='lat' dir='ltr'><strong>distinxi</strong></span> <span class='ocrx_word' id='word_1_210' title='bbox 619 3911 715 4006; x_wconf 91' lang='lat' dir='ltr'><strong>ipsos</strong></span> <span class='ocrx_word' id='word_1_211' title='bbox 739 3911 895 3987; x_wconf 78' lang='lat' dir='ltr'><strong>ordines.</strong></span> <span class='ocrx_word' id='word_1_212' title='bbox 923 3911 967 3983; x_wconf 82' lang='lat' dir='ltr'><strong>Et</strong></span> <span class='ocrx_word' id='word_1_213' title='bbox 991 3910 1113 3984; x_wconf 86' lang='lat' dir='ltr'><strong>subdit</strong></span> <span class='ocrx_word' id='word_1_214' title='bbox 1139 3910 1347 4005; x_wconf 88' lang='lat' dir='ltr'><strong>opinionem</strong></span> <span class='ocrx_word' id='word_1_215' title='bbox 1372 3909 1539 4006; x_wconf 82' lang='lat' dir='ltr'><strong>Gregorii</strong></span> <span class='ocrx_word' id='word_1_216' title='bbox 1564 3908 1620 3981; x_wconf 93' lang='lat' dir='ltr'><strong>di·</strong></span> 
     </span>
     <span class='ocr_line' id='line_1_27' title="bbox 451 4029 1622 4127; baseline -0.004 -20"><span class='ocrx_word' id='word_1_217' title='bbox 451 4053 598 4109; x_wconf 87' lang='lat' dir='ltr'><strong>versam</strong></span> <span class='ocrx_word' id='word_1_218' title='bbox 615 4032 663 4105; x_wconf 92' lang='lat' dir='ltr'><strong>ah</strong></span> <span class='ocrx_word' id='word_1_219' title='bbox 679 4030 849 4127; x_wconf 82' lang='lat' dir='ltr'><strong>opinione</strong></span> <span class='ocrx_word' id='word_1_220' title='bbox 874 4030 1046 4126; x_wconf 79' lang='lat' dir='ltr'><strong>Dionysii,</strong></span> <span class='ocrx_word' id='word_1_221' title='bbox 1072 4029 1218 4105; x_wconf 82' lang='lat' dir='ltr'><strong>dicens:</strong></span> <span class='ocrx_word' id='word_1_222' title='bbox 1239 4050 1300 4102; x_wconf 87' lang='lat' dir='ltr'><strong>mu</strong></span> <span class='ocrx_word' id='word_1_223' title='bbox 1327 4032 1500 4121; x_wconf 79' lang='lat' dir='ltr'><strong>Greporio</strong></span> <span class='ocrx_word' id='word_1_224' title='bbox 1514 4031 1622 4122; x_wconf 82' lang='lat' dir='ltr'><strong>puisi</strong></span> 
     </span>
     <span class='ocr_line' id='line_1_28' title="bbox 451 4149 1621 4247; baseline -0.004 -19"><span class='ocrx_word' id='word_1_225' title='bbox 451 4155 559 4228; x_wconf 79' lang='lat' dir='ltr'><strong>diotre</strong></span> <span class='ocrx_word' id='word_1_226' title='bbox 590 4154 639 4227; x_wconf 86' lang='lat' dir='ltr'><strong>dn</strong></span> <span class='ocrx_word' id='word_1_227' title='bbox 668 4156 729 4243; x_wconf 85' lang='lat' dir='ltr'><strong>tui,</strong></span> <span class='ocrx_word' id='word_1_228' title='bbox 758 4150 861 4246; x_wconf 91' lang='lat' dir='ltr'><strong>idest,</strong></span> <span class='ocrx_word' id='word_1_229' title='bbox 892 4150 1109 4247; x_wconf 82' lang='lat' dir='ltr'><strong>discrepavit</strong></span> <span class='ocrx_word' id='word_1_230' title='bbox 1144 4151 1180 4224; x_wconf 91' lang='lat' dir='ltr'><strong>in</strong></span> <span class='ocrx_word' id='word_1_231' title='bbox 1215 4150 1465 4226; x_wconf 89' lang='lat' dir='ltr'><strong>ordinatione:</strong></span> <span class='ocrx_word' id='word_1_232' title='bbox 1502 4149 1621 4247; x_wconf 89' lang='lat' dir='ltr'><strong>posuit</strong></span> 
     </span>
     <span class='ocr_line' id='line_1_29' title="bbox 451 4270 1620 4370; baseline -0.004 -20"><span class='ocrx_word' id='word_1_233' title='bbox 451 4273 549 4351; x_wconf 84' lang='lat' dir='ltr'><strong>euim</strong></span> <span class='ocrx_word' id='word_1_234' title='bbox 575 4271 776 4370; x_wconf 80' lang='lat' dir='ltr'><strong>Gregorius</strong></span> <span class='ocrx_word' id='word_1_235' title='bbox 801 4278 870 4349; x_wconf 89' lang='lat' dir='ltr'><strong>eto.</strong></span> <span class='ocrx_word' id='word_1_236' title='bbox 898 4272 940 4346; x_wconf 80' lang='lat' dir='ltr'><strong>ht</strong></span> <span class='ocrx_word' id='word_1_237' title='bbox 965 4270 1050 4346; x_wconf 86' lang='lat' dir='ltr'><strong>dicit</strong></span> <span class='ocrx_word' id='word_1_238' title='bbox 1071 4270 1170 4365; x_wconf 87' lang='lat' dir='ltr'><strong>quod</strong></span> <span class='ocrx_word' id='word_1_239' title='bbox 1187 4271 1388 4368; x_wconf 82' lang='lat' dir='ltr'><strong>Gregorius</strong></span> <span class='ocrx_word' id='word_1_240' title='bbox 1412 4277 1538 4367; x_wconf 87' lang='lat' dir='ltr'><strong>postea</strong></span> <span class='ocrx_word' id='word_1_241' title='bbox 1559 4290 1620 4345; x_wconf 88' lang='lat' dir='ltr'><strong>re·</strong></span> 
     </span>
    </p>
   </div>
   <div class='ocr_carea' id='block_1_6' title="bbox 308 4391 1619 4491">
    <p class='ocr_par' dir='ltr' id='par_1_6' title="bbox 308 4391 1619 4491">
     <span class='ocr_line' id='line_1_30' title="bbox 308 4391 1619 4491; baseline -0.004 -22"><span class='ocrx_word' id='word_1_242' title='bbox 308 4394 310 4399; x_wconf 81' lang='grc'><strong>’</strong></span> <span class='ocrx_word' id='word_1_243' title='bbox 450 4392 622 4491; x_wconf 76' lang='lat' dir='ltr'><strong>coguovit</strong></span> <span class='ocrx_word' id='word_1_244' title='bbox 647 4413 813 4469; x_wconf 88' lang='lat' dir='ltr'><strong>errorem</strong></span> <span class='ocrx_word' id='word_1_245' title='bbox 845 4414 969 4486; x_wconf 91' lang='lat' dir='ltr'><strong>suum,</strong></span> <span class='ocrx_word' id='word_1_246' title='bbox 995 4391 1139 4467; x_wconf 87' lang='lat' dir='ltr'><strong>dicens:</strong></span> <span class='ocrx_word' id='word_1_247' title='bbox 1174 4393 1276 4481; x_wconf 77' lang='lat' dir='ltr'><strong>orde,</strong></span> <span class='ocrx_word' id='word_1_248' title='bbox 1303 4391 1379 4486; x_wconf 90' lang='lat' dir='ltr'><strong>ipse</strong></span> <span class='ocrx_word' id='word_1_249' title='bbox 1407 4391 1619 4489; x_wconf 82' lang='lat' dir='ltr'><strong>Gregorius,</strong></span> 
     </span>
    </p>
   </div>
   <div class='ocr_carea' id='block_1_7' title="bbox 449 4508 1711 4969">
    <p class='ocr_par' dir='ltr' id='par_1_7' title="bbox 449 4508 1711 4969">
     <span class='ocr_line' id='line_1_31' title="bbox 450 4508 1621 4608; baseline -0.004 -19"><span class='ocrx_word' id='word_1_250' title='bbox 450 4518 521 4589; x_wconf 78' lang='lat' dir='ltr'><strong>rire</strong></span> <span class='ocrx_word' id='word_1_251' title='bbox 545 4518 583 4589; x_wconf 86' lang='lat' dir='ltr'><strong>di</strong></span> <span class='ocrx_word' id='word_1_252' title='bbox 605 4510 645 4589; x_wconf 77' lang='lat' dir='ltr'><strong>st</strong></span> <span class='ocrx_word' id='word_1_253' title='bbox 668 4514 839 4588; x_wconf 83' lang='lat' dir='ltr'><strong>medesmo</strong></span> <span class='ocrx_word' id='word_1_254' title='bbox 864 4508 894 4587; x_wconf 79' lang='lat' dir='ltr'><strong>si</strong></span> <span class='ocrx_word' id='word_1_255' title='bbox 920 4520 1007 4587; x_wconf 84' lang='lat' dir='ltr'><strong>tosto</strong></span> <span class='ocrx_word' id='word_1_256' title='bbox 1032 4534 1128 4587; x_wconf 81' lang='lat' dir='ltr'><strong>conte</strong></span> <span class='ocrx_word' id='word_1_257' title='bbox 1152 4533 1277 4605; x_wconf 75' lang='lat' dir='ltr'><strong>operae</strong></span> <span class='ocrx_word' id='word_1_258' title='bbox 1298 4514 1349 4605; x_wconf 80' lang='lat' dir='ltr'><strong>pti</strong></span> <span class='ocrx_word' id='word_1_259' title='bbox 1372 4514 1468 4585; x_wconf 82' lang='lat' dir='ltr'><strong>orodi</strong></span> <span class='ocrx_word' id='word_1_260' title='bbox 1482 4515 1521 4585; x_wconf 80' lang='lat' dir='ltr'><strong>io</strong></span> <span class='ocrx_word' id='word_1_261' title='bbox 1538 4532 1621 4608; x_wconf 81' lang='lat' dir='ltr'><strong>pue-</strong></span> 
     </span>
     <span class='ocr_line' id='line_1_32' title="bbox 449 4622 1622 4729; baseline -0.002 -22"><span class='ocrx_word' id='word_1_262' title='bbox 449 4641 503 4709; x_wconf 80' lang='lat' dir='ltr'><strong>sto</strong></span> <span class='ocrx_word' id='word_1_263' title='bbox 528 4636 624 4728; x_wconf 72' lang='lat' dir='ltr'><strong>delo,</strong></span> <span class='ocrx_word' id='word_1_264' title='bbox 650 4633 755 4729; x_wconf 86' lang='lat' dir='ltr'><strong>quusi</strong></span> <span class='ocrx_word' id='word_1_265' title='bbox 779 4634 887 4728; x_wconf 87' lang='lat' dir='ltr'><strong>dicat,</strong></span> <span class='ocrx_word' id='word_1_266' title='bbox 905 4654 992 4708; x_wconf 86' lang='lat' dir='ltr'><strong>cum</strong></span> <span class='ocrx_word' id='word_1_267' title='bbox 1010 4622 1161 4707; x_wconf 74' lang='lat' dir='ltr'><strong>renieus</strong></span> <span class='ocrx_word' id='word_1_268' title='bbox 1186 4632 1232 4707; x_wconf 90' lang='lat' dir='ltr'><strong>ad</strong></span> <span class='ocrx_word' id='word_1_269' title='bbox 1258 4633 1394 4706; x_wconf 86' lang='lat' dir='ltr'><strong>coeium</strong></span> <span class='ocrx_word' id='word_1_270' title='bbox 1419 4631 1540 4727; x_wconf 92' lang='lat' dir='ltr'><strong>primo</strong></span> <span class='ocrx_word' id='word_1_271' title='bbox 1566 4631 1622 4705; x_wconf 89' lang='lat' dir='ltr'><strong>vi·</strong></span> 
     </span>
     <span class='ocr_line' id='line_1_33' title="bbox 451 4751 1622 4850; baseline -0.003 -20"><span class='ocrx_word' id='word_1_272' title='bbox 451 4755 503 4831; x_wconf 90' lang='lat' dir='ltr'><strong>dit</strong></span> <span class='ocrx_word' id='word_1_273' title='bbox 527 4754 614 4829; x_wconf 89' lang='lat' dir='ltr'><strong>istos</strong></span> <span class='ocrx_word' id='word_1_274' title='bbox 639 4754 785 4829; x_wconf 80' lang='lat' dir='ltr'><strong>ordines</strong></span> <span class='ocrx_word' id='word_1_275' title='bbox 810 4755 1040 4850; x_wconf 81' lang='lat' dir='ltr'><strong>angelorum.</strong></span> <span class='ocrx_word' id='word_1_276' title='bbox 1067 4753 1111 4826; x_wconf 83' lang='lat' dir='ltr'><strong>Et</strong></span> <span class='ocrx_word' id='word_1_277' title='bbox 1136 4752 1193 4826; x_wconf 89' lang='lat' dir='ltr'><strong>hie</strong></span> <span class='ocrx_word' id='word_1_278' title='bbox 1220 4758 1306 4827; x_wconf 91' lang='lat' dir='ltr'><strong>uota</strong></span> <span class='ocrx_word' id='word_1_279' title='bbox 1329 4751 1428 4846; x_wconf 88' lang='lat' dir='ltr'><strong>quod</strong></span> <span class='ocrx_word' id='word_1_280' title='bbox 1453 4751 1622 4827; x_wconf 75' lang='lat' dir='ltr'><strong>doctores</strong></span> 
     </span>
     <span class='ocr_line' id='line_1_34' title="bbox 451 4871 1711 4969; baseline -0.003 -20"><span class='ocrx_word' id='word_1_281' title='bbox 451 4880 631 4949; x_wconf 84' lang='lat' dir='ltr'><strong>donantur</strong></span> <span class='ocrx_word' id='word_1_282' title='bbox 664 4874 890 4949; x_wconf 77' lang='lat' dir='ltr'><strong>concordare</strong></span> <span class='ocrx_word' id='word_1_283' title='bbox 926 4872 1147 4969; x_wconf 75' lang='lat' dir='ltr'><strong>Gregorium</strong></span> <span class='ocrx_word' id='word_1_284' title='bbox 1182 4894 1268 4949; x_wconf 86' lang='lat' dir='ltr'><strong>curu</strong></span> <span class='ocrx_word' id='word_1_285' title='bbox 1307 4871 1493 4967; x_wconf 79' lang='lat' dir='ltr'><strong>Dionysio,</strong></span> <span class='ocrx_word' id='word_1_286' title='bbox 1528 4871 1621 4946; x_wconf 87' lang='lat' dir='ltr'><strong>siout</strong></span> <span class='ocrx_word' id='word_1_287' title='bbox 1707 4886 1711 4899; x_wconf 91' lang='grc'><em>’</em></span> 
     </span>
    </p>
   </div>
   <div class='ocr_carea' id='block_1_8' title="bbox 452 4990 1621 5089">
    <p class='ocr_par' dir='ltr' id='par_1_8' title="bbox 452 4990 1621 5089">
     <span class='ocr_line' id='line_1_35' title="bbox 452 4990 1621 5089; baseline -0.005 -20"><span class='ocrx_word' id='word_1_288' title='bbox 452 4996 608 5069; x_wconf 87' lang='lat' dir='ltr'><strong>Thomas</strong></span> <span class='ocrx_word' id='word_1_289' title='bbox 634 4993 681 5069; x_wconf 91' lang='lat' dir='ltr'><strong>de</strong></span> <span class='ocrx_word' id='word_1_290' title='bbox 705 4994 848 5089; x_wconf 73' lang='lat' dir='ltr'><strong>Aquino</strong></span> <span class='ocrx_word' id='word_1_291' title='bbox 868 4994 931 5089; x_wconf 90' lang='lat' dir='ltr'><strong>qui</strong></span> <span class='ocrx_word' id='word_1_292' title='bbox 954 4992 1040 5068; x_wconf 85' lang='lat' dir='ltr'><strong>dicit</strong></span> <span class='ocrx_word' id='word_1_293' title='bbox 1060 4998 1150 5087; x_wconf 87' lang='lat' dir='ltr'><strong>etu.;</strong></span> <span class='ocrx_word' id='word_1_294' title='bbox 1177 5001 1301 5068; x_wconf 86' lang='lat' dir='ltr'><strong>tamen</strong></span> <span class='ocrx_word' id='word_1_295' title='bbox 1327 4997 1436 5066; x_wconf 88' lang='lat' dir='ltr'><strong>autor</strong></span> <span class='ocrx_word' id='word_1_296' title='bbox 1461 4990 1521 5065; x_wconf 88' lang='lat' dir='ltr'><strong>oui</strong></span> <span class='ocrx_word' id='word_1_297' title='bbox 1547 5012 1621 5065; x_wconf 90' lang='lat' dir='ltr'><strong>uon</strong></span> 
     </span>
    </p>
   </div>
   <div class='ocr_carea' id='block_1_9' title="bbox 0 0 2427 6642">
    <p class='ocr_par' dir='ltr' id='par_1_9' title="bbox 0 0 2427 6642">
     <span class='ocr_line' id='line_1_36' title="bbox 0 0 2427 6642; baseline 0 0"><span class='ocrx_word' id='word_1_298' title='bbox 0 0 2427 6642; x_wconf 95' lang='lat' dir='ltr'><strong> </strong></span> 
     </span>
    </p>
   </div>
  </div>
 </body>
</html>
