4842 6642
784 878 925 934 cxuxus
950 879 1144 934 vxuesxuus
1168 879 1310 934 numus.
1559 853 1630 939 273

455 1032 712 1102 converteram
739 1045 801 1100 me
824 1024 871 1100 ad
896 1026 1030 1121 ipsam3
1058 1026 1155 1102 unde
1179 1025 1285 1100 dicit:
1312 1047 1330 1100 e
1355 1031 1404 1100 du
1429 1031 1513 1120 opni
1537 1030 1630 1102 albo

454 1152 583 1221 inmoto
599 1148 700 1219 s'era
717 1147 816 1238 tollo,
829 1146 934 1239 quasi
954 1145 1069 1221 dicat:
1088 1146 1317 1221 sufficienter·
1330 1154 1410 1222 erat
1434 1153 1629 1222 tractatum

455 1265 757 1361 desperatoris
786 1273 824 1341 et
853 1266 1052 1342 Jovialibus
1085 1274 1266 1360 quantum
1302 1267 1439 1362 patitur
1470 1287 1632 1364 praesens

456 1387 609 1462 materia
636 1385 746 1461 buius
774 1387 897 1494 operis
904 1413 916 1482 ;
946 1388 1028 1464 ideo
1058 1389 1223 1463 converti
1260 1409 1319 1464 me
1349 1389 1395 1464 ad
1425 1389 1629 1465 Beatricem

458 1516 499 1583 ut
528 1507 660 1582 scirem
696 1506 785 1601 quid
819 1507 943 1583 lacere
967 1506 1153 1584 deberem.
1168 1511 1285 1584 -Ed
1315 1512 1394 1584 ello.
1428 1511 1492 1586 Hic
1522 1516 1632 1585 autor

457 1626 627 1703 describit
663 1627 1037 1722 superexaltationem
1065 1627 1263 1722 Beatricis3
1289 1635 1325 1704 et
1359 1629 1406 1703 ad
1436 1629 1632 1705 osteuden-

457 1747 542 1822 dam
559 1747 639 1822 eius
658 1747 940 1841 pulcritudinem
966 1748 1185 1824 immensam
1213 1749 1340 1844 pulcre
1364 1749 1478 1846 lingit,
1496 1771 1536 1825 se
1556 1770 1630 1824 non

457 1867 587 1943 vidisse
611 1867 690 1943 eius
724 1866 884 1943 letitiam
910 1875 948 1942 et
972 1866 1195 1944 luciditatem
1226 1869 1502 1964 superexaltari,
1534 1869 1629 1944 siout

457 1995 537 2064 erat
555 1987 683 2062 solitus
699 2007 846 2082 semper
864 1987 990 2063 ridere
1006 1988 1044 2062 iu
1063 2009 1219 2064 ascensu
1236 1989 1395 2064 aliarum
1415 2009 1627 2084 sperarum;

455 2109 501 2186 de
525 2129 600 2204 qua
626 2128 668 2182 re
691 2107 839 2182 Beatrix
864 2128 904 2183 se
930 2116 1094 2202 excusat,
1120 2108 1309 2206 assignans
1342 2130 1492 2185 causam
1519 2107 1629 2182 buius

456 2233 501 2305 e'x
527 2237 633 2326 parte
652 2227 849 2303 'debilitatis
873 2229 1026 2321 autoris,
1044 2227 1108 2324 qui
1124 2227 1299 2304 deiiceret
1317 2229 1387 2304 sub
1404 2228 1516 2304 nimio
1537 2249 1630 2323 pon-

454 2351 543 2426 dere
569 2349 702 2424 laetitiae
728 2356 766 2424 et
790 2347 983 2423 luciditatis
1009 2349 1219 2443 immeusae5
1252 2349 1351 2444 quod
1375 2349 1538 2425 declarat
1561 2369 1628 2445 per

455 2469 727 2546 similitudinem
754 2469 938 2565 propriam
963 2469 1011 2544 de
1036 2469 1189 2545 Semele.
1216 2469 1269 2543 Ad
1295 2468 1400 2544 cuius
1425 2469 1630 2566 intelligen-

456 2591 543 2665 tiam
578 2596 633 2666 est
667 2589 829 2664 breviter
864 2588 1133 2683 presciendum·
1165 2589 1264 2683 quod
1298 2589 1453 2683 Semele,
1479 2589 1525 2664 de
1551 2569 1626 2684 que

455 2713 549 2787 tacta
574 2717 631 2786 est
656 2709 795 2785 mentio
820 2709 953 2785 lnlcrni
978 2709 1148 2805 capitulo,
1175 2708 1243 2783 luit
1268 2709 1340 2784 blia
1371 2709 1497 2786 Cadmi
1523 2709 1626 2784 ducis

456 2831 602 2907 tbebani
611 2823 661 2925 (¹),
676 2811 763 2904 cum
780 2850 854 2924 qua
873 2829 1015 2924 Jupiter
1032 2828 1246 2923 concubuit3
1265 2849 1349 2924 quae
1367 2849 1560 2926 praegnans
1578 2851 1626 2905 ex

455 2953 597 3026 Baccho
622 2948 748 3046 petivit
771 2949 820 3022 ab
844 2948 936 3024 Jove
960 2957 1029 3023 etc.
1055 2949 1161 3023 Nunc
1193 2948 1240 3022 ad
1275 2948 1420 3024 literam
1447 2940 1626 3042 autor(¹l:

455 3075 512 3147 Ed
535 3075 617 3164 ello,
645 3069 781 3144 scilicet
806 3068 965 3163 beatrix,
990 3089 1062 3142 noo
1086 3069 1201 3160 rideo,
1227 3067 1330 3163 idest,
1361 3090 1434 3144 uon
1459 3069 1628 3146 ostende-

455 3194 518 3268 bat
543 3190 632 3266 mibi
657 3191 785 3285 risum,
812 3189 915 3283 idest,
940 3189 1101 3264 letitiam
1138 3211 1244 3264 suam
1280 3191 1388 3266 modo
1422 3191 1537 3285 solito,
1569 3213 1628 3266 mo

373 3316 400 3383 ’,
453 3305 671 3401 incomiucld,
704 3310 806 3405 idest,
832 3311 896 3385 sed
926 3309 987 3385 illa
1011 3309 1159 3385 Beatrix
1189 3309 1310 3406 coepit,
1336 3312 1475 3407 supple,
1505 3311 1627 3387 dicere

456 3432 563 3508 mibi:
589 3435 617 3506 s'
629 3436 665 3506 lo
691 3435 831 3524 'edesse
856 3431 960 3526 idest,
985 3431 1016 3504 si
1040 3429 1273 3526 propalarem
1295 3431 1358 3505 tibi
1385 3433 1625 3508 excellentem

455 3554 616 3630 letitiam
646 3574 781 3646 meam,
815 3559 851 3627 tu
887 3555 915 3626 o·
931 3555 1086 3647 foresti,
1121 3552 1224 3646 idest,
1254 3551 1442 3647 deficeres
1474 3555 1623 3646 qualpr

454 3677 594 3766 Semela,
610 3673 758 3765 scilicet,
773 3693 819 3748 ex
841 3671 1094 3746 fulminatione
1111 3670 1229 3764 Jovis;
1248 3671 1345 3746 unde
1361 3671 1466 3746 dicit:
1484 3673 1626 3764 wando

451 3797 536 3888 sessi
559 3797 597 3869 di
620 3815 755 3886 mucre,
782 3792 887 3889 quasi
910 3791 1027 3867 dicat:
1058 3813 1131 3866 uon
1160 3813 1285 3888 posses
1310 3793 1416 3868 aliter
1441 3793 1622 3869 sustinere

454 3914 575 3989 radios
600 3914 672 3990 mei
698 3911 899 4009 splendoris
924 3911 1003 3987 sine
1029 3921 1149 3988 morte
1166 3935 1279 4009 quam
1298 3914 1458 4009 potuerit
1481 3914 1625 3990 Semele

453 4035 634 4110 sustinere
667 4035 794 4131 iulgur
822 4033 931 4108 loris,
952 4033 995 4107 Et
1022 4041 1063 4107 ut
1088 4035 1204 4132 magis
1233 4035 1373 4111 clareat
1401 4035 1468 4111 ista
1494 4035 1621 4110 simili-

453 4155 542 4230 tudo
567 4154 719 4230 Semelis
744 4154 998 4230 consideretur
1016 4156 1228 4251 exemplum
1247 4155 1436 4250 naturale3
1455 4156 1549 4232 siout
1569 4154 1625 4230 vi-

453 4277 584 4351 demus
609 4275 656 4350 de
686 4274 793 4369 lacto,
819 4275 917 4369 quod
953 4295 1050 4371 saepc
1089 4276 1222 4350 mulier
1257 4296 1450 4373 praegnans
1475 4282 1624 4373 propter

453 4397 652 4472 terribilem
678 4416 811 4471 sonum
838 4395 992 4471 tonitrui
1015 4395 1146 4470 emittit
1164 4397 1222 4471 vel
1247 4395 1343 4472 elicit
1373 4396 1624 4480 filiumabor-

452 4525 550 4611 tum;
574 4516 669 4591 sicut
686 4516 797 4591 etiarn
816 4515 1013 4609 aliquando
1031 4515 1170 4609 accidit,
1191 4515 1291 4609 quod
1313 4517 1499 4593 tonitruus
1516 4518 1622 4592 bom-

452 4637 576 4712 bardae
607 4637 768 4714 excussit
797 4637 993 4712 cerebrum
1024 4635 1213 4731 decapite
1242 4636 1409 4732 bominis,
1437 4642 1474 4712 et
1506 4637 1623 4714 reddit

452 4759 571 4854 ipsum
597 4759 854 4833 immemorem
880 4747 969 4850 etl³l
1001 4756 1085 4864 inde
1115 4765 1317 4833 mortuum.
1332 4799 1381 4812 -
1397 4755 1466 4833 ore*
1495 4761 1532 4832 lo
1552 4761 1623 4834 bet-

516 5020 543 5080 Γ)
559 5017 586 5068 S.
602 5017 759 5068 Thebarum.
837 5017 864 5076 (ἢ
881 5017 913 5069 Ε.
929 5017 990 5068 diclt
1005 5023 1089 5067 autor.
1182 5015 1209 5081 (²)
1224 5017 1251 5072 S.
1267 5031 1282 5068 e
1298 5017 1329 5069 E.
1345 5017 1439 5072 deinde
1455 5013 1647 5073 mortuum.'

589 5126 615 5169 V.
1464 5128 1491 5172 18
