4842 6642
1541 816 1611 885 tta

493 1222 657 1293 caurus
680 1224 948 1306 sarcasmus,
972 1228 1008 1293 a
1030 1246 1090 1309 quo
1113 1231 1271 1294 crassam
1291 1227 1331 1294 a
1352 1182 1557 1311 sperasse

537 1336 728 1421 oppeterem,
752 1342 782 1403 et
797 1338 933 1420 ponitur
955 1358 1102 1405 ascenae
1126 1339 1169 1405 od
1191 1338 1300 1407 orclem
1322 1360 1511 1427 coaptarem

513 1606 677 1775 Ense
697 1701 747 1772 sei
763 1700 848 1773 mila
867 1701 988 1791 mietio
1009 1703 1046 1775 di
1065 1702 1221 1774 lontano.
1239 1703 1437 1797 Postquam
1457 1702 1494 1775 iu
1510 1702 1610 1799 capi·

437 1818 516 1894 tulo
541 1820 710 1915 proxime
735 1819 954 1915 praecedenti
971 1825 1082 1895 autor
1099 1828 1224 1895 noster
1242 1822 1413 1897 tractarit
1433 1827 1470 1897 et
1489 1823 1611 1900 deter-

437 1938 588 2013 minavit
613 1940 659 2015 de
683 1940 848 2037 angelica
876 1948 1028 2035 natura3
1055 1961 1153 2017 nunc
1183 1950 1452 2036 cousequenter
1477 1942 1514 2017 iu
1539 1943 1609 2019 isto

439 2060 539 2135 XXX
564 2061 724 2155 capitulo
758 2062 833 2159 agit
865 2068 902 2137 et
932 2066 1065 2137 tractat
1090 2062 1136 2139 de
1161 2064 1319 2139 essentia
1347 2072 1384 2140 et
1406 2064 1454 2140 de
1477 2064 1611 2141 ellectu

436 2180 519 2256 coeli
538 2181 713 2277 empyrei,
733 2188 769 2257 et
790 2182 1096 2259 transmutatione
1122 2190 1158 2257 et
1184 2184 1380 2261 intratioue
1398 2185 1540 2259 autoris
1564 2185 1612 2259 ad

437 2300 629 2377 ridendam
657 2323 806 2378 omnem
832 2304 987 2401 gloriam
1014 2304 1181 2399 paradisi.
1208 2305 1252 2379 Et
1282 2326 1443 2401 praesens
1468 2305 1611 2400 capitu·

438 2544 476 2619 in
500 2545 619 2639 prima
644 2565 806 2640 quarum
834 2552 943 2620 autor
967 2544 1139 2619 describit
1158 2545 1430 2641 disparitionem
1456 2547 1608 2644 angele·

440 2685 525 2739 rum
550 2672 586 2741 et
612 2686 826 2761 supremam
844 2656 879 2757 (¹)
908 2665 1161 2741 excellentiam
1187 2666 1438 2761 pulcritudinis
1466 2665 1607 2743 Beatri-

436 2782 498 2861 cis.
525 2786 565 2859 ln
591 2786 751 2861 secunda
772 2785 943 2860 describit
963 2806 1073 2860 suum
1091 2806 1286 2862 ascensum
1303 2786 1351 2861 ad
1371 2788 1506 2863 eoelum
1526 2808 1607 2863 em-

438 2926 607 3001 pyreum,
634 2906 733 3000 quod
759 2905 930 2981 describit
961 2906 1030 2981 sub
1056 2906 1184 3003 ligura,
1212 2907 1284 2981 ibi:
1314 2909 1414 2981 cocat
1441 2911 1535 3000 quat.
1565 2910 1606 2983 ln

437 3026 544 3101 tertia
561 3026 731 3102 describit
748 3026 868 3121 ipsum
887 3026 1087 3123 inproprie
1109 3028 1239 3122 torma,
1257 3028 1326 3103 ibi:
1346 3033 1425 3103 Non
1445 3025 1467 3104 θ’
1477 3033 1605 3123 sonan.

436 3146 474 3222 ln
500 3154 633 3241 quarta
660 3154 697 3223 et
725 3148 852 3223 ultima
882 3148 1053 3223 describit
1085 3170 1198 3223 unam
1230 3149 1354 3225 sedem
1386 3168 1543 3225 vacuam
1569 3150 1606 3225 in

433 3289 508 3364 qua
533 3275 749 3363 expectatur
766 3268 889 3345 anima
910 3269 1060 3344 illustris
1081 3269 1248 3346 moderni
1269 3271 1450 3367 principis,
1468 3271 1536 3345 ibi:
1563 3276 1607 3346 ln

433 3391 512 3481 quet
533 3410 629 3481 pren
653 3392 784 3481 sepeio.
811 3389 865 3465 Ad
891 3389 1052 3485 primum
1080 3410 1171 3487 ergo
1197 3389 1290 3485 dico,
1317 3391 1415 3485 quod
1433 3390 1469 3464 in
1487 3391 1605 3487 prima

433 3516 537 3605 parte
562 3509 726 3607 generali
751 3516 861 3585 autor
886 3509 1057 3585 describit
1088 3530 1306 3605 supremum
1337 3510 1495 3607 gradum
1526 3510 1606 3607 pul·

433 3630 621 3706 critudiuis
640 3629 834 3723 Beatricis;
848 3629 912 3705 sed
925 3630 1043 3725 primo
1056 3635 1257 3726 antequam
1270 3630 1394 3705 veniat
1409 3629 1457 3705 ad
1474 3631 1544 3706 boc
1554 3620 1605 3724 (²),

434 3750 604 3850 describit
629 3749 899 3845 disparitionem
926 3750 1145 3845 angelorum
1179 3769 1245 3845 per
1278 3770 1390 3825 unam
1424 3749 1604 3825 nobilissi-

435 3892 536 3949 mam
562 3870 885 3967 comparationem.
911 3869 965 3945 Ad
989 3870 1095 3945 cuius
1127 3869 1410 3965 comparationis
1441 3870 1605 3965 plenissi-

435 4014 535 4069 mam
563 3991 835 4089 intelligentiam
861 3997 916 4065 est
941 3990 1232 4086 praenotandum,
1258 3990 1359 4084 quod
1383 3997 1495 4067 autor
1519 4011 1606 4067 seu·

435 4112 631 4190 tentialiter
656 4114 693 4187 in
719 4113 853 4189 ellectu
880 4112 958 4186 vult
975 4111 1098 4187 dicere
1115 4111 1215 4205 quod
1232 4112 1293 4185 ille
1309 4130 1417 4187 casus
1437 4112 1607 4208 apparuit

434 4234 471 4309 in
490 4235 551 4308 illo
568 4234 663 4309 eoelo
676 4254 785 4327 nono,
801 4232 864 4327 qui
877 4232 969 4307 solet
985 4232 1153 4309 accidere
1170 4232 1207 4305 iu
1226 4232 1294 4306 isto
1311 4238 1437 4307 nostro
1455 4231 1605 4307 mundo.

434 4356 527 4431 Nam
554 4353 721 4429 videmus
747 4352 844 4448 qued
871 4352 1187 4449 appropinquante
1209 4359 1295 4427 ortu
1320 4351 1406 4427 solis
1430 4351 1607 4447 incipiunt

433 4475 621 4572 disparere
654 4475 780 4569 stellae,
812 4480 850 4549 et
883 4474 935 4548 sic
967 4472 1017 4547 illi
1049 4472 1170 4570 angeli
1200 4477 1395 4568 coeperunt
1418 4470 1608 4567 paullatim

433 4595 609 4672 recedere
633 4595 682 4672 ab
706 4594 823 4669 oculis
853 4594 945 4689 eius,
970 4600 1009 4669 et
1032 4592 1219 4689 disparere
1249 4612 1370 4688 usque
1399 4591 1446 4667 ad
1475 4612 1608 4687 uuum,

431 4718 510 4793 solo
534 4716 611 4792 solo
632 4714 783 4811 justitie
810 4712 1024 4791 ostendente
1043 4734 1094 4809 se,
1112 4720 1150 4789 et
1168 4719 1386 4789 remanente
1405 4710 1454 4785 ibi
1472 4710 1509 4785 in
1528 4710 1608 4788 eius

495 4903 523 4965 (¹)
542 4902 568 4953 S.
586 4909 751 4966 apparentem
768 4904 957 4955 excellentiam.

446 4974 447 4977 ’
496 4978 524 5044 (¹)
540 4980 571 5031 E.
588 4982 620 5031 ad
637 4982 687 5032 boe
701 4982 907 5041 describendum,
924 4978 1115 5044 disparitionem
1132 4978 1283 5044 angelorum
1300 4979 1374 5043 ponit
1388 4990 1436 5041 per
1450 4990 1538 5029 aum.
