4842 6642
813 814 884 879 256
1204 825 1409 881 counnruu
1434 828 1600 882 rannorsr

812 971 947 1046 labitur
973 992 1060 1047 cum
1088 971 1158 1047 levi
1185 992 1382 1045 murmure
1408 976 1475 1066 par
1500 972 1637 1045 tlumou
1658 972 1846 1067 copiosum
1867 972 1915 1047 de
1932 974 1987 1047 la-

810 1092 894 1186 pide
920 1092 956 1165 in
982 1091 1137 1187 lapidem
1165 1092 1313 1188 pulcros
1337 1098 1375 1167 et
1400 1092 1541 1187 politos,
1567 1093 1616 1165 ita
1639 1112 1709 1166 vox
1727 1093 1827 1167 clara
1843 1092 1988 1167 discur-

816 1212 919 1287 rebat
953 1232 1038 1286 cum
1073 1212 1168 1286 dulci
1206 1211 1438 1286 resonamine
1471 1232 1538 1306 per
1571 1212 1696 1308 gulam
1735 1212 1985 1287 abundantem

810 1333 944 1428 aquilae
970 1334 1015 1407 de
1041 1333 1167 1427 spiritu
1196 1333 1233 1407 in
1263 1332 1430 1428 spiritum
1464 1334 1611 1427 pulcros
1642 1339 1679 1406 et
1711 1332 1861 1425 lucidos,
1892 1353 1986 1426 quos

811 1462 920 1528 autor
947 1453 1080 1527 merito
1105 1453 1281 1528 assimilat
1305 1454 1427 1549 petris,
1454 1454 1541 1549 quia
1567 1454 1718 1528 fuerunt
1749 1454 1852 1529 velut
1881 1461 1983 1547 petra

812 1573 907 1647 firmi
934 1578 971 1647 et
996 1578 1202 1647 constantes
1228 1573 1265 1647 iu
1290 1574 1443 1668 justitia,
1475 1581 1513 1647 ot
1541 1574 1693 1649 fuerunt
1721 1573 1816 1647 sicut
1849 1572 1985 1668 lapides

812 1694 997 1789 splendidi,
1023 1694 1182 1788 pretiosi.
1212 1694 1313 1769 Unde
1338 1694 1481 1768 subdit:
1509 1696 1634 1786 porcio
1662 1697 1739 1767 clr'i
1767 1697 1846 1767 cart
1879 1716 1898 1767 e
1931 1698 1985 1767 lu·

812 1816 882 1887 cidi
906 1816 1028 1907 lapilli,
1055 1813 1156 1907 idest,
1182 1814 1232 1888 illi
1258 1814 1404 1908 spiritus
1430 1814 1519 1889 clari
1536 1823 1574 1889 et
1589 1814 1748 1911 gloriosi,
1766 1817 1895 1888 ond'io
1914 1816 1986 1887 uidi

812 1940 1022 2026 lnpemmoto
1047 1938 1074 2007 tl
1096 1942 1186 2007 sesto
1211 1937 1314 2027 lame,
1337 1934 1439 2027 idest,
1457 1954 1505 2009 ex
1522 1934 1656 2027 quibus
1676 1934 1805 2029 lapillis
1824 1954 1895 2031 ego
1913 1934 1982 2006 vidi

810 2056 1029 2130 adornatum
1058 2056 1240 2149 planetam
1266 2054 1376 2147 lovis,
1397 2055 1461 2149 qui
1479 2061 1534 2129 est
1550 2063 1676 2129 sextus
1693 2056 1837 2150 planeta
1859 2055 1985 2150 pulcer

813 2183 850 2252 et
875 2176 1090 2269 luminosus,
1113 2196 1221 2268 poscr
1252 2178 1398 2249 silenzio
1432 2179 1506 2267 apli
1538 2179 1687 2267 anpelict
1717 2179 1844 2269 spallit,
1881 2174 1984 2266 idest,

814 2297 980 2372 cantibus
1005 2295 1082 2369 sire
1108 2294 1218 2389 sonis,
1244 2295 1348 2389 quasi
1374 2295 1493 2370 dicat:
1524 2304 1718 2391 postquam
1749 2299 1986 2371 cessaverunt

810 2418 862 2491 ab
884 2438 1015 2490 eorum
1041 2416 1206 2511 angelico
1232 2422 1364 2508 cantu3
1383 2436 1469 2489 nam
1487 2416 1535 2489 ab
1551 2416 1691 2514 angelis
1708 2415 1887 2511 recipiunt
1909 2415 1986 2487 for·

813 2558 911 2611 mam
940 2537 996 2611 sui
1022 2548 1160 2614 cantus.
1175 2542 1271 2609 —E
1293 2558 1400 2639 come,
1426 2530 1498 2611 Hic‘
1516 2544 1626 2611 autor
1650 2528 1822 2611 describit
1848 2537 1984 2610 forma-

812 2658 946 2733 tionem
975 2658 1074 2731 vocis
1100 2658 1193 2730 illius
1219 2657 1352 2751 aquilae
1377 2678 1444 2753 per
1469 2658 1561 2749 duas
1586 2656 1878 2752 comparationes
1897 2676 1984 2750 pro-

812 2772 925 2874 prins3
952 2785 989 2852 et
1018 2778 1180 2853 breviter
1206 2779 1285 2851 vult
1316 2777 1439 2853 dicere
1465 2778 1562 2871 quod
1588 2778 1683 2852 sicut
1716 2778 1854 2853 citbara
1887 2776 1984 2873 capit

812 2919 921 2972 suum
950 2918 1081 2973 sonum
1109 2898 1144 2971 in
1170 2884 1284 2989 ¹tastis,
1302 2908 1340 2973 et
1359 2900 1573 2995 symphonia
1600 2899 1636 2972 iu
1663 2899 1912 2993 foraminibus,
1931 2899 1987 2972 ita·

811 3018 933 3111 aquila
969 3019 1064 3112 cepit
1096 3039 1201 3093 suam
1233 3040 1362 3093 vocem
1396 3040 1462 3113 per
1490 3032 1656 3093 canuam
1676 3020 1846 3114 gutturis,
1877 3020 1980 3115 quasi

813 3157 981 3211 vacuam.
1015 3140 1196 3214 construe
1222 3140 1273 3213 sic
1301 3140 1442 3215 literam
1469 3148 1508 3213 et
1531 3160 1692 3234 expone:
1719 3146 1752 3213 E
1774 3144 1853 3231 puel
1883 3162 1982 3213 mor-

811 3278 950 3349 morur,
965 3258 1066 3353 idest,
1081 3279 1299 3333 resonamen
1318 3260 1427 3352 vocis,
1444 3262 1595 3333 rimosso
1612 3263 1822 3352 despectare
1837 3263 1982 3351 indepto

810 3378 915 3471 quasi
941 3378 1048 3474 dicat,
1067 3384 1144 3453 sine
1170 3379 1442 3475 interpositione
1469 3400 1596 3473 mora,
1622 3382 1738 3475 sulissr'
1761 3382 1982 3471 dedopuilo,

769 3600 770 3603 Ν
810 3498 857 3571 ab
883 3498 950 3595 illis¹
976 3498 1159 3593 spiritibus
1186 3500 1491 3594 componentibus
1515 3520 1649 3594 corpus
1675 3499 1755 3572 eius
1772 3494 1822 3593 (¹),
1852 3522 1894 3573 su
1916 3522 1984 3593 per

810 3621 845 3691 lo
877 3621 966 3691 collo
1004 3640 1101 3692 come
1133 3624 1230 3713 fosse
1254 3622 1371 3712 dupio,
1397 3621 1499 3714 idest,
1526 3621 1764 3715 perforatum,
1790 3614 1861 3693 cosi
1884 3642 1983 3694 come

809 3760 920 3813 suouo
941 3742 1076 3831 prende
1100 3762 1165 3813 suo
1188 3744 1310 3833 formu
1335 3743 1374 3813 ul
1396 3744 1485 3814 collo
1501 3744 1594 3814 della
1615 3749 1737 3833 σθένω
1754 3749 1792 3815 et
1816 3747 1871 3815 est
1896 3760 1983 3835 pro·

811 3858 888 3953 pria
914 3860 1151 3955 comparatio,
1179 3861 1264 3955 quia
1290 3861 1385 3935 sicut
1416 3860 1453 3932 in
1484 3860 1624 3933 citbara
1655 3860 1838 3956 colligitur
1866 3859 1983 3933 dulcis

810 4000 923 4053 sonus
940 4000 983 4054 cr
1006 3979 1129 4053 multis
1155 3980 1300 4054 cbordis
1316 3979 1379 4072 qui
1406 3979 1587 4052 formatur
1611 3980 1647 4052 in
1669 3981 1775 4075 collo,
1792 3980 1840 4053 ita
1865 3979 1982 4053 dulcis

811 4121 882 4173 vox
909 4099 946 4173 in
971 4099 1096 4193 aquila
1122 4099 1361 4196 colligebatur
1387 4118 1433 4173 cx
1463 4098 1586 4172 multis
1603 4100 1754 4173 vocibus
1770 4098 1979 4175 animarum

810 4226 847 4293 et
871 4219 1102 4294 formabatur
1128 4221 1164 4293 in
1190 4218 1284 4293 collo
1302 4210 1351 4311 (²).
1379 4219 1422 4293 ut
1446 4219 1593 4294 adducit
1609 4220 1718 4295 aliam
1736 4219 1982 4315 comparatio·

809 4361 908 4435 nem,
933 4340 1074 4416 dicens:
1100 4362 1119 4413 a
1138 4333 1168 4413 sl
1184 4361 1281 4413 come
1297 4348 1396 4414 muto
1413 4343 1474 4414 cle
1484 4348 1646 4433 penetro,
1664 4341 1766 4435 idest,
1786 4340 1981 4437 pertransit

809 4482 876 4557 per
901 4461 1081 4537 foramina
1107 4462 1282 4537 collectus
1299 4461 1419 4556 primo
1437 4461 1531 4535 intra
1550 4462 1681 4556 pellem
1700 4462 1876 4556 inflatam,
1892 4482 1981 4557 sup-

808 4584 867 4677 ple
897 4588 934 4657 et
965 4589 1099 4678 repete,
1126 4582 1269 4678 prendit
1298 4602 1405 4655 suam
1439 4583 1612 4676 formam,
1637 4586 1676 4655 ul
1689 4586 1857 4676 ¹pcrtopto
1887 4586 1979 4658 dello

806 4693 1016 4795 sumpopna,
1035 4703 1137 4796 idest,
1163 4703 1209 4777 ad
1235 4704 1394 4777 formam
1421 4704 1646 4799 sympboniae
1672 4703 1709 4777 in
1733 4705 1847 4799 collo;
1869 4710 1977 4779 otest

872 4965 900 5029 (¹)
918 4966 947 5015 Ε.
963 4966 1042 5018 illius.
1292 4966 1320 5031 (Ἴ
1338 4967 1368 5016 Ε.
1385 4967 1413 5017 in
1429 4966 1500 5018 collo
1515 4968 1617 5032 aquilo.
1633 4968 1676 5018 Et.
