4842 6642
817 846 889 915 372
1209 860 1415 915 counururr
1440 859 1606 913 rrnrnrsr

818 1010 892 1095 tta,
917 1005 1020 1100 idest,
1046 1026 1153 1080 amor
1178 1012 1215 1079 et
1239 1004 1460 1080 desiderium
1493 1004 1628 1079 animae
1658 1008 1746 1095 tue,
1774 1004 1804 1074 ε’
1817 1009 1987 1096 apponte

818 1127 920 1221 idest,
948 1128 1083 1221 inqua
1111 1147 1152 1201 re
1177 1126 1358 1219 firmatur,
1389 1125 1529 1220 supple,
1554 1124 1788 1221 singulariter
1817 1131 1855 1199 et
1880 1123 1992 1219 potis-

819 1248 921 1321 sime.
953 1248 996 1320 Et
1029 1246 1207 1342 promittit
1236 1246 1304 1320 sibi
1337 1264 1440 1340 spem
1474 1243 1736 1341 recuperanda
1763 1243 1920 1337 visionis,
1948 1250 1990 1317 ut

818 1372 928 1443 a'utor
952 1366 1128 1441 audacius
1154 1373 1190 1441 et
1216 1366 1335 1441 iaetius
1361 1366 1547 1461 loquatur,
1572 1364 1716 1459 dieens3
1741 1370 1760 1437 'e
1788 1368 1840 1458 [α’
1857 1366 1986 1455 rupino

818 1489 878 1561 cte
902 1489 939 1558 lu
964 1490 1052 1559 visto
1077 1489 1133 1559 rio
1157 1488 1329 1561 rmurito
1351 1489 1389 1559 in
1415 1493 1459 1576 te,
1486 1484 1588 1578 idest,
1609 1484 1806 1578 turbatae
1829 1504 1903 1557 nou
1927 1487 1991 1558 de·

815 1608 931 1699 sunto,
957 1605 1061 1699 idest,
1087 1626 1160 1681 non
1186 1614 1348 1701 mortua,
1366 1607 1453 1701 quia
1475 1606 1548 1680 cito
1575 1605 1804 1700 reparabitur
1829 1612 1868 1680 et
1891 1605 1990 1681 reui-

818 1724 1009 1821 gorabitur
1040 1724 1077 1797 in
1110 1733 1156 1799 te.
1192 1726 1237 1799 Et
1268 1725 1387 1801 reddit
1420 1725 1599 1800 rationem
1630 1724 1689 1797 sui
1717 1724 1813 1818 dieti,
1839 1724 1988 1800 dicens:

814 1841 943 1937 parete*
956 1849 994 1918 to
1009 1848 1143 1939 donna
1159 1847 1305 1940 scilieet,
1320 1846 1481 1939 Beatrix,
1497 1848 1558 1919 ede
1573 1848 1599 1919 ti
1614 1848 1767 1919 eomer
1782 1866 1850 1939 per
1866 1852 1988 1938 quatu

817 1970 942 2057 reptos
959 1968 1033 2057 diu,
1060 1966 1163 2060 idest,
1179 1966 1338 2041 diuinam
1357 1973 1395 2041 et
1410 1966 1610 2059 cerotem,
1635 1968 1683 2038 to
1707 1968 1798 2039 netto
1817 1968 1990 2057 synardo,

818 2086 920 2181 idest,
947 2093 1144 2182 conspectu
1176 2089 1386 2180 oeutornrn,
1411 2090 1449 2159 to
1474 2081 1579 2177 wat,
1604 2084 1750 2179 scilicet,
1777 2085 1990 2162 restituendi

820 2208 937 2281 visum
963 2207 1166 2302 perditum3
1190 2213 1227 2283 et
1243 2207 1345 2282 dicit:
1363 2210 1415 2281 cd’
1428 2208 1507 2280 etde
1523 2211 1562 2281 to
1583 2227 1667 2279 mou
1683 2210 1871 2281 annona.
1889 2210 1988 2282 Ana·
2068 2212 2075 2219 '

819 2327 897 2401 nias
922 2328 1020 2401 enirn
1048 2327 1201 2401 reddidit
1227 2327 1346 2401 visum
1372 2326 1498 2402 Paulo.
1519 2328 1656 2403 diceet
1681 2328 1779 2402 enim
1805 2327 1867 2401 iile
1892 2328 1991 2401 dna·

820 2448 895 2522 nias
921 2446 986 2542 qui
1017 2447 1217 2544 discipulus
1249 2448 1379 2524 Christi
1394 2443 1433 2541 (¹)
1464 2448 1593 2523 habuit
1622 2448 1660 2521 in
1692 2448 1820 2543 spiritu
1851 2468 1991 2543 praeee·

821 2576 922 2665 ptum
942 2590 964 2642 a
981 2567 1150 2662 Domino,
1168 2574 1209 2643 ut
1226 2569 1419 2644 accederet
1434 2568 1481 2643 ad
1500 2569 1654 2643 Panium
1673 2574 1754 2662 eta,
1770 2577 1812 2642 ut
1832 2568 1989 2643 habetur

819 2688 855 2761 in
880 2688 1030 2764 Actibus
1047 2688 1299 2783 apostolorum
1326 2708 1424 2763 nouo
1448 2688 1620 2784 capituto,
1637 2688 1742 2783 quasi
1764 2688 1880 2763 dicat:
1898 2688 1992 2763 sieut

820 2808 976 2883 Ananias
1005 2830 1137 2884 servos
1170 2808 1314 2884 Domini
1341 2808 1498 2883 restituit
1522 2809 1638 2884 Paulo
1663 2807 1828 2884 territam
1855 2809 1990 2902 iucem,

819 2929 867 3004 ita
892 2928 1043 3004 seientia
1068 2929 1203 3025 divina,
1229 2930 1367 3004 famula
1392 2930 1462 3003 liei·
1484 2929 1652 3005 restituet
1677 2927 1751 3003 riti.
1765 2933 1868 3002 -Io
1891 2931 1986 3002 dissi

817 3050 882 3125 liic
907 3056 1019 3125 autor
1046 3070 1291 3146 responsurus
1315 3050 1478 3145 petitioni
1503 3049 1676 3125 Jotrarruis
1696 3050 1815 3145 primo
1834 3048 1990 3125 ostendit

817 3191 923 3245 suam
952 3171 1088 3245 bonam
1115 3190 1216 3267 spem
1243 3192 1357 3265 quarn
1391 3170 1501 3246 habet
1530 3170 1567 3243 in
1597 3190 1775 3245 suocursu
1803 3168 1988 3262 Beatricis,

816 3292 959 3367 dicens:
986 3297 1028 3366 io
1053 3294 1157 3366 rdssi:
1188 3292 1336 3385 scilicet,
1362 3292 1411 3366 iiii
1447 3292 1621 3367 iohanni:
1656 3295 1803 3365 rimedio
1832 3310 1947 3383 oemio
1970 3314 1990 3365 e

817 3420 904 3487 tosto
937 3418 955 3487 e
989 3416 1095 3487 turdo
1126 3416 1201 3504 apti
1231 3414 1338 3505 oreti,
1376 3413 1524 3508 seilicet,
1561 3412 1667 3507 meis,
1703 3415 1764 3487 ote
1793 3416 1857 3507 (nr
1886 3414 1989 3505 porte

815 3536 946 3627 quand
959 3536 1028 3607 etta
1051 3526 1165 3625 cnud,
1197 3532 1345 3627 seilicet,
1375 3532 1413 3606 in
1438 3531 1601 3608 animam
1629 3552 1763 3625 meam,
1788 3534 1847 3605 not
1866 3536 1984 3626 mooe,

815 3653 962 3747 scilieet,
988 3653 1137 3747 amoriS,
1164 3656 1246 3727 ond'
1258 3656 1294 3728 io
1318 3656 1447 3747 sem
1459 3654 1565 3742 urdo,
1591 3652 1677 3746 quia
1707 3652 1883 3726 eontinuo
1907 3652 1989 3727 eius

815 3773 927 3849 ardo'r
952 3772 1090 3847 amoris
1115 3772 1304 3849 invalescit
1328 3772 1365 3847 in
1392 3777 1554 3848 mentem
1581 3768 1725 3864 meam
1750 3772 1854 3865 quasi
1872 3772 1987 3847 dicate

814 3914 923 3968 arnor
947 3892 1135 3985 Beatrieis‚
1160 3914 1237 3987 quo
1261 3912 1409 3988 semper
1436 3894 1553 3989 flagro
1578 3911 1644 3987 per
1668 3892 1795 3967 ocutos
1819 3891 1986 3967 urndvtt

815 4014 851 4087 in
870 4014 1031 4089 animam
1048 4035 1184 4108 meam,
1198 4015 1347 4109 quando
1363 4013 1483 4111 primo
1500 4020 1629 4109 captus
1645 4034 1729 4087 surn
1747 4014 1826 4089 eius
1841 4034 1987 4090 amore:

813 4134 860 4209 de
887 4134 955 4210 isto
984 4154 1116 4209 amore
1149 4134 1323 4209 Beatriois
1356 4134 1494 4211 dietum
1530 4141 1586 4209 est
1615 4134 1813 4229 saepissime
1845 4134 1989 4211 influe

816 4253 1033 4349 Purgatortt,
1051 4258 1088 4329 et
1109 4275 1174 4349 per
1196 4261 1320 4329 *toturn
1347 4255 1483 4329 librum
1510 4253 1682 4330 Paradisi.
1695 4294 1745 4309 -
1757 4258 1807 4327 do
1826 4256 1903 4330 herr.
1923 4254 1989 4330 Hie

813 4380 923 4449 auto'r
938 4375 1135 4469 'respondet
1154 4372 1221 4470 ipsi
1238 4374 1399 4470 petitioni
1421 4374 1606 4469 iohannis,
1622 4373 1758 4467 dicens,
1783 4374 1884 4468 quod
1906 4374 1988 4449 eins

813 4495 936 4569 anima
966 4502 1192 4592 appontat'ur
1223 4495 1267 4569 in
1304 4516 1434 4571 amore
1472 4495 1642 4591 perfectae
1684 4494 1855 4570 cadtatis
1882 4494 1986 4569 Unde

813 4616 919 4692 dicit:
947 4620 996 4690 Lo
1021 4616 1100 4708 den,
1126 4616 1274 4709 scilieet,
1294 4636 1506 4710 sommum3
1524 4624 1562 4691 et
1578 4622 1698 4711 potest
1713 4614 1904 4690 ista'titera
1921 4616 1990 4689 tra*-
2030 4676 2034 4683 .

755 4787 761 4799 ·
814 4738 904 4814 bere
929 4758 1077 4811 sensum
1105 4735 1322 4811 historicum
1349 4744 1386 4811 et
1410 4735 1663 4831 allegoricum,
1689 4742 1732 4810 ut
1759 4734 1845 4809 aiibi
1870 4754 1987 4831 saepo:

874 5004 904 5067 Γ)
920 5003 951 5053 Ε.
966 4952 1028 5052 Iesu
1043 5000 1146 5052 chriso.
