<?xml version="1.0" encoding="UTF-8"?>
<!DOCTYPE html PUBLIC "-//W3C//DTD XHTML 1.0 Transitional//EN"
    "http://www.w3.org/TR/xhtml1/DTD/xhtml1-transitional.dtd">
<html xmlns="http://www.w3.org/1999/xhtml" xml:lang="en" lang="en">
 <head>
  <title>
</title>
<meta http-equiv="Content-Type" content="text/html;charset=utf-8" />
  <meta name='ocr-system' content='tesseract 3.04.00' />
  <meta name='ocr-capabilities' content='ocr_page ocr_carea ocr_par ocr_line ocrx_word'/>
</head>
<body>
  <div class='ocr_page' id='page_1' title='image "./comentumsuperda02benvgoog_0122.png"; bbox 0 0 4842 6642; ppageno 0'>
   <div class='ocr_carea' id='block_1_1' title="bbox 1420 785 1818 843">
    <p class='ocr_par' dir='ltr' id='par_1_1' title="bbox 1420 785 1818 843">
     <span class='ocr_line' id='line_1_1' title="bbox 1420 785 1818 843; baseline -0.01 0"><span class='ocrx_word' id='word_1_1' title='bbox 1420 785 1626 843; x_wconf 69' lang='lat' dir='ltr'>mmmm!</span> <span class='ocrx_word' id='word_1_2' title='bbox 1650 785 1818 840; x_wconf 68' lang='lat' dir='ltr'>venemo!</span> 
     </span>
    </p>
   </div>
   <div class='ocr_carea' id='block_1_2' title="bbox 1029 1207 2205 1404">
    <p class='ocr_par' dir='ltr' id='par_1_2' title="bbox 1029 1207 2205 1404">
     <span class='ocr_line' id='line_1_2' title="bbox 1029 1207 2205 1291; baseline -0.003 -14"><span class='ocrx_word' id='word_1_3' title='bbox 1029 1209 1194 1278; x_wconf 83' lang='lat' dir='ltr'>OANTUS</span> <span class='ocrx_word' id='word_1_4' title='bbox 1218 1209 1410 1276; x_wconf 78' lang='lat' dir='ltr'>DECIMUS</span> <span class='ocrx_word' id='word_1_5' title='bbox 1434 1207 1645 1289; x_wconf 80' lang='lat' dir='ltr'><strong>QUARTUS,</strong></span> <span class='ocrx_word' id='word_1_6' title='bbox 1669 1209 1705 1273; x_wconf 87' lang='lat' dir='ltr'>in</span> <span class='ocrx_word' id='word_1_7' title='bbox 1727 1227 1787 1291; x_wconf 86' lang='lat' dir='ltr'>quo</span> <span class='ocrx_word' id='word_1_8' title='bbox 1809 1207 1958 1274; x_wconf 76' lang='lat' dir='ltr'><em>Salomon</em></span> <span class='ocrx_word' id='word_1_9' title='bbox 1972 1207 2065 1273; x_wconf 82' lang='lat' dir='ltr'>solvit</span> <span class='ocrx_word' id='word_1_10' title='bbox 2079 1207 2205 1291; x_wconf 79' lang='lat' dir='ltr'>aliquos</span> 
     </span>
     <span class='ocr_line' id='line_1_3' title="bbox 1146 1319 2098 1404; baseline -0.004 -15"><span class='ocrx_word' id='word_1_11' title='bbox 1146 1323 1364 1400; x_wconf 74' lang='lat' dir='ltr'><em>dubitationes,</em></span> <span class='ocrx_word' id='word_1_12' title='bbox 1388 1327 1418 1388; x_wconf 86' lang='lat' dir='ltr'>et</span> <span class='ocrx_word' id='word_1_13' title='bbox 1433 1323 1569 1404; x_wconf 78' lang='lat' dir='ltr'>ponitur</span> <span class='ocrx_word' id='word_1_14' title='bbox 1591 1339 1739 1387; x_wconf 79' lang='lat' dir='ltr'>aecensus</span> <span class='ocrx_word' id='word_1_15' title='bbox 1759 1320 1796 1385; x_wconf 81' lang='lat' dir='ltr'>io</span> <span class='ocrx_word' id='word_1_16' title='bbox 1818 1339 1944 1402; x_wconf 77' lang='lat' dir='ltr'>speram</span> <span class='ocrx_word' id='word_1_17' title='bbox 1965 1319 2098 1386; x_wconf 82' lang='lat' dir='ltr'>Martis.</span> 
     </span>
    </p>
   </div>
   <div class='ocr_carea' id='block_1_3' title="bbox 1032 1569 2206 3899">
    <p class='ocr_par' dir='ltr' id='par_1_3' title="bbox 1032 1569 2206 3899">
     <span class='ocr_line' id='line_1_4' title="bbox 1106 1569 2200 1751; baseline -0.01 -13"><span class='ocrx_word' id='word_1_18' title='bbox 1106 1569 1245 1738; x_wconf 71' lang='lat' dir='ltr'>Dar</span> <span class='ocrx_word' id='word_1_19' title='bbox 1269 1668 1389 1734; x_wconf 81' lang='lat' dir='ltr'>centro</span> <span class='ocrx_word' id='word_1_20' title='bbox 1413 1661 1453 1730; x_wconf 88' lang='lat' dir='ltr'>ut</span> <span class='ocrx_word' id='word_1_21' title='bbox 1474 1661 1621 1751; x_wconf 85' lang='lat' dir='ltr'>ceretio,</span> <span class='ocrx_word' id='word_1_22' title='bbox 1650 1681 1670 1731; x_wconf 90' lang='lat' dir='ltr'>e</span> <span class='ocrx_word' id='word_1_23' title='bbox 1698 1650 1816 1731; x_wconf 83' lang='lat' dir='ltr'>sidat</span> <span class='ocrx_word' id='word_1_24' title='bbox 1837 1657 1973 1730; x_wconf 76' lang='lat' dir='ltr'>ceretto</span> <span class='ocrx_word' id='word_1_25' title='bbox 2002 1659 2041 1730; x_wconf 91' lang='lat' dir='ltr'>ut</span> <span class='ocrx_word' id='word_1_26' title='bbox 2069 1661 2200 1729; x_wconf 67' lang='lat' dir='ltr'>termo.</span> 
     </span>
     <span class='ocr_line' id='line_1_5' title="bbox 1032 1777 2203 1876; baseline -0.003 -21"><span class='ocrx_word' id='word_1_27' title='bbox 1032 1783 1230 1876; x_wconf 88' lang='lat' dir='ltr'>Postquam</span> <span class='ocrx_word' id='word_1_28' title='bbox 1250 1781 1285 1853; x_wconf 94' lang='lat' dir='ltr'>in</span> <span class='ocrx_word' id='word_1_29' title='bbox 1304 1779 1484 1876; x_wconf 81' lang='lat' dir='ltr'>superiori</span> <span class='ocrx_word' id='word_1_30' title='bbox 1502 1779 1662 1874; x_wconf 90' lang='lat' dir='ltr'>capitulo</span> <span class='ocrx_word' id='word_1_31' title='bbox 1675 1779 1845 1873; x_wconf 82' lang='lat' dir='ltr'>proxime</span> <span class='ocrx_word' id='word_1_32' title='bbox 1857 1777 2075 1873; x_wconf 73' lang='lat' dir='ltr'>procedenti</span> <span class='ocrx_word' id='word_1_33' title='bbox 2093 1783 2203 1851; x_wconf 88' lang='lat' dir='ltr'>autor</span> 
     </span>
     <span class='ocr_line' id='line_1_6' title="bbox 1032 1896 2202 1991; baseline -0.003 -16"><span class='ocrx_word' id='word_1_34' title='bbox 1032 1911 1155 1976; x_wconf 90' lang='lat' dir='ltr'>noster</span> <span class='ocrx_word' id='word_1_35' title='bbox 1185 1900 1445 1975; x_wconf 76' lang='lat' dir='ltr'><strong>determinavit</strong></span> <span class='ocrx_word' id='word_1_36' title='bbox 1476 1906 1515 1974; x_wconf 92' lang='lat' dir='ltr'>et</span> <span class='ocrx_word' id='word_1_37' title='bbox 1545 1898 1652 1972; x_wconf 83' lang='lat' dir='ltr'>solvit</span> <span class='ocrx_word' id='word_1_38' title='bbox 1684 1898 1888 1972; x_wconf 83' lang='lat' dir='ltr'>secundum</span> <span class='ocrx_word' id='word_1_39' title='bbox 1920 1896 2074 1971; x_wconf 89' lang='lat' dir='ltr'>dubium</span> <span class='ocrx_word' id='word_1_40' title='bbox 2106 1897 2202 1991; x_wconf 92' lang='lat' dir='ltr'>quod</span> 
     </span>
     <span class='ocr_line' id='line_1_7' title="bbox 1032 2018 2204 2114; baseline -0.006 -18"><span class='ocrx_word' id='word_1_41' title='bbox 1032 2030 1159 2097; x_wconf 89' lang='lat' dir='ltr'>natum</span> <span class='ocrx_word' id='word_1_42' title='bbox 1186 2028 1269 2096; x_wconf 91' lang='lat' dir='ltr'>erat</span> <span class='ocrx_word' id='word_1_43' title='bbox 1293 2041 1337 2095; x_wconf 85' lang='lat' dir='ltr'>ex</span> <span class='ocrx_word' id='word_1_44' title='bbox 1371 2040 1447 2094; x_wconf 92' lang='lat' dir='ltr'>uno</span> <span class='ocrx_word' id='word_1_45' title='bbox 1477 2019 1574 2094; x_wconf 91' lang='lat' dir='ltr'>dicto</span> <span class='ocrx_word' id='word_1_46' title='bbox 1603 2018 1721 2114; x_wconf 89' lang='lat' dir='ltr'>positu</span> <span class='ocrx_word' id='word_1_47' title='bbox 1756 2019 1792 2092; x_wconf 91' lang='lat' dir='ltr'>in</span> <span class='ocrx_word' id='word_1_48' title='bbox 1828 2019 1861 2091; x_wconf 81' lang='grc' dir='ltr'>Χ</span> <span class='ocrx_word' id='word_1_49' title='bbox 1892 2018 2072 2113; x_wconf 87' lang='lat' dir='ltr'>capituto;</span> <span class='ocrx_word' id='word_1_50' title='bbox 2107 2037 2204 2091; x_wconf 90' lang='lat' dir='ltr'>nunc</span> 
     </span>
     <span class='ocr_line' id='line_1_8' title="bbox 1032 2125 2206 2236; baseline -0.009 -18"><span class='ocrx_word' id='word_1_51' title='bbox 1032 2125 1301 2236; x_wconf 85' lang='lat' dir='ltr'>consequenter</span> <span class='ocrx_word' id='word_1_52' title='bbox 1325 2143 1362 2214; x_wconf 90' lang='lat' dir='ltr'>in</span> <span class='ocrx_word' id='word_1_53' title='bbox 1389 2141 1457 2214; x_wconf 91' lang='lat' dir='ltr'>isto</span> <span class='ocrx_word' id='word_1_54' title='bbox 1487 2139 1581 2212; x_wconf 84' lang='lat' dir='ltr'>thll</span> <span class='ocrx_word' id='word_1_55' title='bbox 1611 2139 1771 2233; x_wconf 88' lang='lat' dir='ltr'>capitulo</span> <span class='ocrx_word' id='word_1_56' title='bbox 1799 2138 2021 2214; x_wconf 74' lang='lat' dir='ltr'>determinat</span> <span class='ocrx_word' id='word_1_57' title='bbox 2050 2144 2089 2212; x_wconf 89' lang='lat' dir='ltr'>et</span> <span class='ocrx_word' id='word_1_58' title='bbox 2121 2155 2206 2231; x_wconf 90' lang='lat' dir='ltr'>per·</span> 
     </span>
     <span class='ocr_line' id='line_1_9' title="bbox 1032 2257 2203 2356; baseline -0.007 -19"><span class='ocrx_word' id='word_1_59' title='bbox 1032 2269 1164 2338; x_wconf 88' lang='lat' dir='ltr'>tractat</span> <span class='ocrx_word' id='word_1_60' title='bbox 1183 2284 1296 2336; x_wconf 90' lang='lat' dir='ltr'>unam</span> <span class='ocrx_word' id='word_1_61' title='bbox 1311 2261 1551 2356; x_wconf 71' lang='lat' dir='ltr'>questionem</span> <span class='ocrx_word' id='word_1_62' title='bbox 1570 2259 1788 2335; x_wconf 80' lang='lat' dir='ltr'>incidentem</span> <span class='ocrx_word' id='word_1_63' title='bbox 1807 2258 1904 2334; x_wconf 85' lang='lat' dir='ltr'>circa</span> <span class='ocrx_word' id='word_1_64' title='bbox 1916 2257 2010 2332; x_wconf 86' lang='lat' dir='ltr'>dicta</span> <span class='ocrx_word' id='word_1_65' title='bbox 2025 2259 2203 2354; x_wconf 87' lang='lat' dir='ltr'>superius.</span> 
     </span>
     <span class='ocr_line' id='line_1_10' title="bbox 1035 2379 2204 2477; baseline -0.005 -21"><span class='ocrx_word' id='word_1_66' title='bbox 1035 2385 1076 2456; x_wconf 85' lang='lat' dir='ltr'>Et</span> <span class='ocrx_word' id='word_1_67' title='bbox 1101 2401 1262 2477; x_wconf 82' lang='lat' dir='ltr'>praesens</span> <span class='ocrx_word' id='word_1_68' title='bbox 1287 2381 1488 2476; x_wconf 88' lang='lat' dir='ltr'>capitutum</span> <span class='ocrx_word' id='word_1_69' title='bbox 1515 2379 1677 2454; x_wconf 90' lang='lat' dir='ltr'>breviter</span> <span class='ocrx_word' id='word_1_70' title='bbox 1702 2387 1821 2475; x_wconf 81' lang='lat' dir='ltr'>potest</span> <span class='ocrx_word' id='word_1_71' title='bbox 1845 2379 1952 2454; x_wconf 84' lang='lat' dir='ltr'>dividi</span> <span class='ocrx_word' id='word_1_72' title='bbox 1979 2379 2016 2452; x_wconf 91' lang='lat' dir='ltr'>in</span> <span class='ocrx_word' id='word_1_73' title='bbox 2042 2384 2204 2472; x_wconf 90' lang='lat' dir='ltr'>quatuor</span> 
     </span>
     <span class='ocr_line' id='line_1_11' title="bbox 1033 2497 2205 2598; baseline -0.003 -23"><span class='ocrx_word' id='word_1_74' title='bbox 1033 2507 1155 2598; x_wconf 89' lang='lat' dir='ltr'>partes</span> <span class='ocrx_word' id='word_1_75' title='bbox 1179 2501 1382 2598; x_wconf 82' lang='lat' dir='ltr'>generales.</span> <span class='ocrx_word' id='word_1_76' title='bbox 1401 2501 1441 2573; x_wconf 88' lang='lat' dir='ltr'>ln</span> <span class='ocrx_word' id='word_1_77' title='bbox 1458 2498 1576 2594; x_wconf 93' lang='lat' dir='ltr'>prima</span> <span class='ocrx_word' id='word_1_78' title='bbox 1594 2519 1755 2593; x_wconf 91' lang='lat' dir='ltr'>quarum</span> <span class='ocrx_word' id='word_1_79' title='bbox 1773 2507 1882 2573; x_wconf 88' lang='lat' dir='ltr'>autor</span> <span class='ocrx_word' id='word_1_80' title='bbox 1900 2497 2097 2572; x_wconf 87' lang='lat' dir='ltr'>introducit</span> <span class='ocrx_word' id='word_1_81' title='bbox 2113 2498 2205 2572; x_wconf 88' lang='lat' dir='ltr'>Bea-</span> 
     </span>
     <span class='ocr_line' id='line_1_12' title="bbox 1037 2612 2204 2716; baseline -0.003 -21"><span class='ocrx_word' id='word_1_82' title='bbox 1037 2620 1165 2695; x_wconf 90' lang='lat' dir='ltr'>tricem</span> <span class='ocrx_word' id='word_1_83' title='bbox 1192 2641 1278 2714; x_wconf 84' lang='lat' dir='ltr'>quae</span> <span class='ocrx_word' id='word_1_84' title='bbox 1302 2619 1471 2716; x_wconf 87' lang='lat' dir='ltr'>proponit</span> <span class='ocrx_word' id='word_1_85' title='bbox 1486 2612 1521 2710; x_wconf 80' lang='lat'>(¹)</span> <span class='ocrx_word' id='word_1_86' title='bbox 1548 2619 1668 2713; x_wconf 89' lang='lat' dir='ltr'>ipsum</span> <span class='ocrx_word' id='word_1_87' title='bbox 1693 2619 1847 2693; x_wconf 85' lang='lat' dir='ltr'>dubium</span> <span class='ocrx_word' id='word_1_88' title='bbox 1875 2624 2003 2692; x_wconf 88' lang='lat' dir='ltr'>natum</span> <span class='ocrx_word' id='word_1_89' title='bbox 2025 2618 2063 2691; x_wconf 91' lang='lat' dir='ltr'>in</span> <span class='ocrx_word' id='word_1_90' title='bbox 2081 2623 2204 2692; x_wconf 89' lang='lat' dir='ltr'>mente</span> 
     </span>
     <span class='ocr_line' id='line_1_13' title="bbox 1035 2729 2205 2829; baseline -0.004 -14"><span class='ocrx_word' id='word_1_91' title='bbox 1035 2741 1185 2815; x_wconf 87' lang='lat' dir='ltr'>autoris.</span> <span class='ocrx_word' id='word_1_92' title='bbox 1213 2740 1254 2812; x_wconf 90' lang='lat' dir='ltr'>ln</span> <span class='ocrx_word' id='word_1_93' title='bbox 1279 2739 1440 2815; x_wconf 88' lang='lat' dir='ltr'>secunda</span> <span class='ocrx_word' id='word_1_94' title='bbox 1457 2739 1654 2813; x_wconf 91' lang='lat' dir='ltr'>introducit</span> <span class='ocrx_word' id='word_1_95' title='bbox 1670 2738 1903 2813; x_wconf 80' lang='lat' dir='ltr'>Salomonem</span> <span class='ocrx_word' id='word_1_96' title='bbox 1919 2729 1957 2829; x_wconf 77' lang='lat'>(²)</span> <span class='ocrx_word' id='word_1_97' title='bbox 1983 2737 2030 2812; x_wconf 90' lang='lat' dir='ltr'>ad</span> <span class='ocrx_word' id='word_1_98' title='bbox 2061 2738 2205 2811; x_wconf 89' lang='lat' dir='ltr'>solven-</span> 
     </span>
     <span class='ocr_line' id='line_1_14' title="bbox 1033 2859 2203 2954; baseline -0.003 -20"><span class='ocrx_word' id='word_1_99' title='bbox 1033 2860 1117 2935; x_wconf 90' lang='lat' dir='ltr'>dam</span> <span class='ocrx_word' id='word_1_100' title='bbox 1137 2861 1390 2954; x_wconf 83' lang='lat' dir='ltr'>quaestionem,</span> <span class='ocrx_word' id='word_1_101' title='bbox 1404 2859 1475 2934; x_wconf 87' lang='lat' dir='ltr'>ibi:</span> <span class='ocrx_word' id='word_1_102' title='bbox 1495 2866 1541 2933; x_wconf 79' lang='lat' dir='ltr'>ut</span> <span class='ocrx_word' id='word_1_103' title='bbox 1557 2863 1592 2932; x_wconf 81' lang='lat' dir='ltr'>to</span> <span class='ocrx_word' id='word_1_104' title='bbox 1607 2862 1691 2932; x_wconf 82' lang='lat' dir='ltr'>adii.</span> <span class='ocrx_word' id='word_1_105' title='bbox 1705 2859 1745 2932; x_wconf 88' lang='lat' dir='ltr'>ln</span> <span class='ocrx_word' id='word_1_106' title='bbox 1763 2859 1869 2933; x_wconf 90' lang='lat' dir='ltr'>tertia</span> <span class='ocrx_word' id='word_1_107' title='bbox 1887 2859 2059 2933; x_wconf 75' lang='lat' dir='ltr'>describit</span> <span class='ocrx_word' id='word_1_108' title='bbox 2074 2877 2203 2932; x_wconf 85' lang='lat' dir='ltr'>aseen-</span> 
     </span>
     <span class='ocr_line' id='line_1_15' title="bbox 1037 2978 2205 3074; baseline 0 -22"><span class='ocrx_word' id='word_1_109' title='bbox 1037 3001 1119 3053; x_wconf 88' lang='lat' dir='ltr'>sum</span> <span class='ocrx_word' id='word_1_110' title='bbox 1147 3001 1258 3053; x_wconf 90' lang='lat' dir='ltr'>suum</span> <span class='ocrx_word' id='word_1_111' title='bbox 1284 2979 1331 3053; x_wconf 89' lang='lat' dir='ltr'>ad</span> <span class='ocrx_word' id='word_1_112' title='bbox 1356 2999 1500 3074; x_wconf 85' lang='lat' dir='ltr'>speram</span> <span class='ocrx_word' id='word_1_113' title='bbox 1524 2979 1659 3072; x_wconf 87' lang='lat' dir='ltr'>Martis,</span> <span class='ocrx_word' id='word_1_114' title='bbox 1685 2985 1724 3054; x_wconf 92' lang='lat' dir='ltr'>et</span> <span class='ocrx_word' id='word_1_115' title='bbox 1748 2978 1783 3052; x_wconf 93' lang='lat' dir='ltr'>id</span> <span class='ocrx_word' id='word_1_116' title='bbox 1809 2979 1907 3073; x_wconf 96' lang='lat' dir='ltr'>quod</span> <span class='ocrx_word' id='word_1_117' title='bbox 1927 2985 2080 3073; x_wconf 86' lang='lat' dir='ltr'>apparet</span> <span class='ocrx_word' id='word_1_118' title='bbox 2096 2978 2133 3052; x_wconf 89' lang='lat' dir='ltr'>io</span> <span class='ocrx_word' id='word_1_119' title='bbox 2150 2997 2205 3071; x_wconf 87' lang='lat' dir='ltr'>eo,</span> 
     </span>
     <span class='ocr_line' id='line_1_16' title="bbox 1037 3091 2206 3195; baseline -0.001 -23"><span class='ocrx_word' id='word_1_120' title='bbox 1037 3099 1109 3174; x_wconf 91' lang='lat' dir='ltr'>ibi:</span> <span class='ocrx_word' id='word_1_121' title='bbox 1132 3103 1261 3189; x_wconf 79' lang='lat' dir='ltr'>(tutudi</span> <span class='ocrx_word' id='word_1_122' title='bbox 1283 3104 1450 3192; x_wconf 73' lang='lat' dir='ltr'>ripreser.</span> <span class='ocrx_word' id='word_1_123' title='bbox 1476 3091 1516 3173; x_wconf 84' lang='lat' dir='ltr'>In</span> <span class='ocrx_word' id='word_1_124' title='bbox 1543 3107 1675 3194; x_wconf 86' lang='lat' dir='ltr'>quarta</span> <span class='ocrx_word' id='word_1_125' title='bbox 1696 3106 1733 3174; x_wconf 93' lang='lat' dir='ltr'>et</span> <span class='ocrx_word' id='word_1_126' title='bbox 1749 3099 1878 3173; x_wconf 83' lang='lat' dir='ltr'>ultima</span> <span class='ocrx_word' id='word_1_127' title='bbox 1903 3099 2073 3174; x_wconf 87' lang='lat' dir='ltr'>describit</span> <span class='ocrx_word' id='word_1_128' title='bbox 2089 3099 2125 3172; x_wconf 93' lang='lat' dir='ltr'>in</span> <span class='ocrx_word' id='word_1_129' title='bbox 2142 3117 2206 3195; x_wconf 82' lang='lat' dir='ltr'>ge—</span> 
     </span>
     <span class='ocr_line' id='line_1_17' title="bbox 1035 3221 2206 3316; baseline -0.003 -20"><span class='ocrx_word' id='word_1_130' title='bbox 1035 3221 1149 3298; x_wconf 86' lang='lat' dir='ltr'>nerati</span> <span class='ocrx_word' id='word_1_131' title='bbox 1174 3221 1323 3316; x_wconf 91' lang='lat' dir='ltr'>spiritus</span> <span class='ocrx_word' id='word_1_132' title='bbox 1348 3221 1546 3314; x_wconf 88' lang='lat' dir='ltr'>martiales,</span> <span class='ocrx_word' id='word_1_133' title='bbox 1571 3221 1634 3314; x_wconf 90' lang='lat' dir='ltr'>qui</span> <span class='ocrx_word' id='word_1_134' title='bbox 1660 3221 1905 3295; x_wconf 90' lang='lat' dir='ltr'>ostenduntur</span> <span class='ocrx_word' id='word_1_135' title='bbox 1931 3221 1999 3294; x_wconf 87' lang='lat' dir='ltr'>ibi:</span> <span class='ocrx_word' id='word_1_136' title='bbox 2026 3223 2074 3294; x_wconf 84' lang='lat' dir='ltr'>Di</span> <span class='ocrx_word' id='word_1_137' title='bbox 2097 3240 2206 3293; x_wconf 84' lang='lat' dir='ltr'>corno</span> 
     </span>
     <span class='ocr_line' id='line_1_18' title="bbox 1032 3341 2205 3436; baseline 0 -22"><span class='ocrx_word' id='word_1_138' title='bbox 1032 3347 1068 3416; x_wconf 84' lang='lat' dir='ltr'>in</span> <span class='ocrx_word' id='word_1_139' title='bbox 1094 3363 1218 3417; x_wconf 86' lang='lat' dir='ltr'>corno.</span> <span class='ocrx_word' id='word_1_140' title='bbox 1245 3341 1298 3416; x_wconf 78' lang='lat' dir='ltr'>Ad</span> <span class='ocrx_word' id='word_1_141' title='bbox 1325 3341 1486 3436; x_wconf 90' lang='lat' dir='ltr'>primum</span> <span class='ocrx_word' id='word_1_142' title='bbox 1512 3341 1664 3417; x_wconf 82' lang='lat' dir='ltr'>veniens</span> <span class='ocrx_word' id='word_1_143' title='bbox 1693 3341 1786 3434; x_wconf 87' lang='lat' dir='ltr'>dico,</span> <span class='ocrx_word' id='word_1_144' title='bbox 1817 3342 1915 3434; x_wconf 92' lang='lat' dir='ltr'>quod</span> <span class='ocrx_word' id='word_1_145' title='bbox 1947 3348 2057 3416; x_wconf 89' lang='lat' dir='ltr'>autor</span> <span class='ocrx_word' id='word_1_146' title='bbox 2090 3341 2205 3415; x_wconf 90' lang='lat' dir='ltr'>intro·</span> 
     </span>
     <span class='ocr_line' id='line_1_19' title="bbox 1032 3461 2206 3557; baseline 0 -21"><span class='ocrx_word' id='word_1_147' title='bbox 1032 3461 1132 3536; x_wconf 89' lang='lat' dir='ltr'>ducit</span> <span class='ocrx_word' id='word_1_148' title='bbox 1167 3461 1371 3536; x_wconf 86' lang='lat' dir='ltr'>Beatricem</span> <span class='ocrx_word' id='word_1_149' title='bbox 1407 3483 1492 3556; x_wconf 85' lang='lat' dir='ltr'>quae</span> <span class='ocrx_word' id='word_1_150' title='bbox 1527 3463 1694 3557; x_wconf 90' lang='lat' dir='ltr'>proponit</span> <span class='ocrx_word' id='word_1_151' title='bbox 1727 3462 1967 3556; x_wconf 74' lang='lat' dir='ltr'>questionem</span> <span class='ocrx_word' id='word_1_152' title='bbox 2005 3469 2129 3537; x_wconf 90' lang='lat' dir='ltr'>natam</span> <span class='ocrx_word' id='word_1_153' title='bbox 2169 3463 2206 3536; x_wconf 91' lang='lat' dir='ltr'>in</span> 
     </span>
     <span class='ocr_line' id='line_1_20' title="bbox 1033 3583 2206 3679; baseline 0.002 -23"><span class='ocrx_word' id='word_1_154' title='bbox 1033 3589 1156 3658; x_wconf 90' lang='lat' dir='ltr'>mente</span> <span class='ocrx_word' id='word_1_155' title='bbox 1181 3583 1332 3657; x_wconf 87' lang='lat' dir='ltr'>autoris.</span> <span class='ocrx_word' id='word_1_156' title='bbox 1359 3583 1403 3656; x_wconf 89' lang='lat' dir='ltr'>Et</span> <span class='ocrx_word' id='word_1_157' title='bbox 1428 3583 1548 3678; x_wconf 91' lang='lat' dir='ltr'>primo</span> <span class='ocrx_word' id='word_1_158' title='bbox 1573 3584 1792 3658; x_wconf 87' lang='lat' dir='ltr'>continuans</span> <span class='ocrx_word' id='word_1_159' title='bbox 1811 3583 1906 3658; x_wconf 89' lang='lat' dir='ltr'>dicta</span> <span class='ocrx_word' id='word_1_160' title='bbox 1926 3583 2087 3660; x_wconf 81' lang='lat' dir='ltr'>dicendis</span> <span class='ocrx_word' id='word_1_161' title='bbox 2111 3603 2206 3679; x_wconf 83' lang='lat' dir='ltr'>pne·</span> 
     </span>
     <span class='ocr_line' id='line_1_21' title="bbox 1033 3701 2206 3800; baseline 0.005 -26"><span class='ocrx_word' id='word_1_162' title='bbox 1033 3701 1141 3776; x_wconf 88' lang='lat' dir='ltr'>mittit</span> <span class='ocrx_word' id='word_1_163' title='bbox 1167 3723 1280 3777; x_wconf 88' lang='lat' dir='ltr'>unam</span> <span class='ocrx_word' id='word_1_164' title='bbox 1306 3705 1619 3799; x_wconf 88' lang='lat' dir='ltr'>comparationem</span> <span class='ocrx_word' id='word_1_165' title='bbox 1647 3725 1714 3800; x_wconf 90' lang='lat' dir='ltr'>per</span> <span class='ocrx_word' id='word_1_166' title='bbox 1746 3723 1858 3799; x_wconf 90' lang='lat' dir='ltr'>quam</span> <span class='ocrx_word' id='word_1_167' title='bbox 1890 3705 2060 3799; x_wconf 80' lang='lat' dir='ltr'>exprimit</span> <span class='ocrx_word' id='word_1_168' title='bbox 2093 3706 2206 3780; x_wconf 85' lang='lat' dir='ltr'>cotta·</span> 
     </span>
     <span class='ocr_line' id='line_1_22' title="bbox 1033 3820 2203 3899; baseline 0.002 -5"><span class='ocrx_word' id='word_1_169' title='bbox 1033 3820 1169 3896; x_wconf 87' lang='lat' dir='ltr'>tionem</span> <span class='ocrx_word' id='word_1_170' title='bbox 1197 3842 1412 3897; x_wconf 89' lang='lat' dir='ltr'>sermonum</span> <span class='ocrx_word' id='word_1_171' title='bbox 1441 3824 1572 3898; x_wconf 87' lang='lat' dir='ltr'>iactam</span> <span class='ocrx_word' id='word_1_172' title='bbox 1600 3824 1696 3899; x_wconf 86' lang='lat' dir='ltr'>inter</span> <span class='ocrx_word' id='word_1_173' title='bbox 1720 3825 1898 3899; x_wconf 88' lang='lat' dir='ltr'>Thomam</span> <span class='ocrx_word' id='word_1_174' title='bbox 1925 3830 1963 3899; x_wconf 92' lang='lat' dir='ltr'>et</span> <span class='ocrx_word' id='word_1_175' title='bbox 1988 3825 2203 3899; x_wconf 90' lang='lat' dir='ltr'>Beatricem.</span> 
     </span>
    </p>
   </div>
   <div class='ocr_carea' id='block_1_4' title="bbox 1032 3935 2310 4641">
    <p class='ocr_par' dir='ltr' id='par_1_4' title="bbox 1032 3935 2310 4641">
     <span class='ocr_line' id='line_1_23' title="bbox 1032 3935 2205 4040; baseline 0 -22"><span class='ocrx_word' id='word_1_176' title='bbox 1032 3943 1077 4018; x_wconf 77' lang='lat' dir='ltr'>Et</span> <span class='ocrx_word' id='word_1_177' title='bbox 1095 3943 1142 4018; x_wconf 87' lang='lat' dir='ltr'>ad</span> <span class='ocrx_word' id='word_1_178' title='bbox 1160 3943 1434 4040; x_wconf 76' lang='lat' dir='ltr'>intelligentiam</span> <span class='ocrx_word' id='word_1_179' title='bbox 1450 3935 1488 4038; x_wconf 72' lang='lat'>(³)</span> <span class='ocrx_word' id='word_1_180' title='bbox 1509 3945 1792 4040; x_wconf 88' lang='lat' dir='ltr'>comparationis</span> <span class='ocrx_word' id='word_1_181' title='bbox 1808 3946 1909 4020; x_wconf 88' lang='lat' dir='ltr'>clare</span> <span class='ocrx_word' id='word_1_182' title='bbox 1926 3952 1982 4020; x_wconf 81' lang='lat' dir='ltr'>est</span> <span class='ocrx_word' id='word_1_183' title='bbox 1997 3952 2205 4040; x_wconf 77' lang='lat' dir='ltr'>praenotan-</span> 
     </span>
     <span class='ocr_line' id='line_1_24' title="bbox 1032 4063 2206 4158; baseline 0.003 -20"><span class='ocrx_word' id='word_1_184' title='bbox 1032 4064 1134 4158; x_wconf 90' lang='lat' dir='ltr'>dum,</span> <span class='ocrx_word' id='word_1_185' title='bbox 1154 4063 1252 4157; x_wconf 92' lang='lat' dir='ltr'>qnod</span> <span class='ocrx_word' id='word_1_186' title='bbox 1273 4070 1382 4138; x_wconf 88' lang='lat' dir='ltr'>autor</span> <span class='ocrx_word' id='word_1_187' title='bbox 1403 4065 1440 4138; x_wconf 93' lang='lat' dir='ltr'>in</span> <span class='ocrx_word' id='word_1_188' title='bbox 1457 4065 1525 4139; x_wconf 88' lang='lat' dir='ltr'>ista</span> <span class='ocrx_word' id='word_1_189' title='bbox 1546 4065 1649 4140; x_wconf 86' lang='lat' dir='ltr'>litera</span> <span class='ocrx_word' id='word_1_190' title='bbox 1667 4065 1766 4140; x_wconf 89' lang='lat' dir='ltr'>atiud</span> <span class='ocrx_word' id='word_1_191' title='bbox 1784 4086 1857 4140; x_wconf 92' lang='lat' dir='ltr'>non</span> <span class='ocrx_word' id='word_1_192' title='bbox 1875 4067 1955 4140; x_wconf 83' lang='lat' dir='ltr'>ruit</span> <span class='ocrx_word' id='word_1_193' title='bbox 1973 4065 2097 4140; x_wconf 88' lang='lat' dir='ltr'>dicere</span> <span class='ocrx_word' id='word_1_194' title='bbox 2121 4085 2206 4141; x_wconf 90' lang='lat' dir='ltr'>sen·</span> 
     </span>
     <span class='ocr_line' id='line_1_25' title="bbox 1033 4184 2203 4281; baseline -0.001 -20"><span class='ocrx_word' id='word_1_195' title='bbox 1033 4185 1229 4261; x_wconf 90' lang='lat' dir='ltr'>tentialiter</span> <span class='ocrx_word' id='word_1_196' title='bbox 1246 4185 1283 4258; x_wconf 93' lang='lat' dir='ltr'>in</span> <span class='ocrx_word' id='word_1_197' title='bbox 1301 4184 1446 4280; x_wconf 79' lang='lat' dir='ltr'>effectu,</span> <span class='ocrx_word' id='word_1_198' title='bbox 1461 4186 1528 4259; x_wconf 91' lang='lat' dir='ltr'>nisi</span> <span class='ocrx_word' id='word_1_199' title='bbox 1542 4187 1641 4280; x_wconf 93' lang='lat' dir='ltr'>quod</span> <span class='ocrx_word' id='word_1_200' title='bbox 1654 4187 1749 4261; x_wconf 90' lang='lat' dir='ltr'>sicut</span> <span class='ocrx_word' id='word_1_201' title='bbox 1766 4186 1904 4262; x_wconf 87' lang='lat' dir='ltr'>invase</span> <span class='ocrx_word' id='word_1_202' title='bbox 1922 4186 2080 4261; x_wconf 90' lang='lat' dir='ltr'>rotundo</span> <span class='ocrx_word' id='word_1_203' title='bbox 2097 4187 2203 4281; x_wconf 88' lang='lat' dir='ltr'>pieno</span> 
     </span>
     <span class='ocr_line' id='line_1_26' title="bbox 1032 4304 2202 4402; baseline 0.001 -21"><span class='ocrx_word' id='word_1_204' title='bbox 1032 4327 1142 4401; x_wconf 85' lang='lat' dir='ltr'>aqua,</span> <span class='ocrx_word' id='word_1_205' title='bbox 1160 4313 1248 4401; x_wconf 89' lang='lat' dir='ltr'>puta</span> <span class='ocrx_word' id='word_1_206' title='bbox 1267 4305 1444 4398; x_wconf 82' lang='lat' dir='ltr'>mostello,</span> <span class='ocrx_word' id='word_1_207' title='bbox 1463 4304 1493 4378; x_wconf 88' lang='lat' dir='ltr'>si</span> <span class='ocrx_word' id='word_1_208' title='bbox 1514 4305 1560 4378; x_wconf 90' lang='lat' dir='ltr'>sit</span> <span class='ocrx_word' id='word_1_209' title='bbox 1584 4327 1800 4401; x_wconf 80' lang='lat' dir='ltr'>percussum</span> <span class='ocrx_word' id='word_1_210' title='bbox 1817 4307 1865 4380; x_wconf 87' lang='lat' dir='ltr'>ab</span> <span class='ocrx_word' id='word_1_211' title='bbox 1881 4314 1987 4382; x_wconf 84' lang='lat' dir='ltr'>extra</span> <span class='ocrx_word' id='word_1_212' title='bbox 2007 4328 2106 4402; x_wconf 86' lang='lat' dir='ltr'>aqua</span> <span class='ocrx_word' id='word_1_213' title='bbox 2125 4329 2202 4382; x_wconf 90' lang='lat' dir='ltr'>mo·</span> 
     </span>
     <span class='ocr_line' id='line_1_27' title="bbox 1034 4425 2310 4523; baseline 0.005 -24"><span class='ocrx_word' id='word_1_214' title='bbox 1034 4431 1141 4502; x_wconf 90' lang='lat' dir='ltr'>vetur</span> <span class='ocrx_word' id='word_1_215' title='bbox 1158 4447 1180 4502; x_wconf 93' lang='lat' dir='ltr'>a</span> <span class='ocrx_word' id='word_1_216' title='bbox 1201 4426 1496 4501; x_wconf 76' lang='lat' dir='ltr'>circumferentia</span> <span class='ocrx_word' id='word_1_217' title='bbox 1522 4425 1569 4500; x_wconf 87' lang='lat' dir='ltr'>ad</span> <span class='ocrx_word' id='word_1_218' title='bbox 1593 4435 1785 4521; x_wconf 79' lang='lat' dir='ltr'>centrum3</span> <span class='ocrx_word' id='word_1_219' title='bbox 1803 4435 1840 4503; x_wconf 90' lang='lat' dir='ltr'>et</span> <span class='ocrx_word' id='word_1_220' title='bbox 1861 4449 2091 4523; x_wconf 85' lang='lat' dir='ltr'>econverso,</span> <span class='ocrx_word' id='word_1_221' title='bbox 2108 4429 2139 4502; x_wconf 93' lang='lat' dir='ltr'>si</span> <span class='ocrx_word' id='word_1_222' title='bbox 2159 4429 2204 4502; x_wconf 91' lang='lat' dir='ltr'>sit</span> <span class='ocrx_word' id='word_1_223' title='bbox 2307 4503 2310 4506; x_wconf 78' lang='grc'><em>,</em></span> 
     </span>
     <span class='ocr_line' id='line_1_28' title="bbox 1035 4547 2256 4641; baseline 0.002 -21"><span class='ocrx_word' id='word_1_224' title='bbox 1035 4565 1249 4640; x_wconf 90' lang='lat' dir='ltr'>percussum</span> <span class='ocrx_word' id='word_1_225' title='bbox 1276 4547 1374 4621; x_wconf 93' lang='lat' dir='ltr'>intus</span> <span class='ocrx_word' id='word_1_226' title='bbox 1399 4568 1497 4641; x_wconf 90' lang='lat' dir='ltr'>aqua</span> <span class='ocrx_word' id='word_1_227' title='bbox 1523 4554 1696 4622; x_wconf 88' lang='lat' dir='ltr'>movetur</span> <span class='ocrx_word' id='word_1_228' title='bbox 1721 4569 1744 4622; x_wconf 91' lang='lat' dir='ltr'>e</span> <span class='ocrx_word' id='word_1_229' title='bbox 1768 4569 1947 4625; x_wconf 84' lang='lat' dir='ltr'>converso</span> <span class='ocrx_word' id='word_1_230' title='bbox 1963 4571 1985 4624; x_wconf 89' lang='lat' dir='ltr'>a</span> <span class='ocrx_word' id='word_1_231' title='bbox 2004 4558 2133 4625; x_wconf 89' lang='lat' dir='ltr'>centro</span> <span class='ocrx_word' id='word_1_232' title='bbox 2158 4549 2204 4624; x_wconf 92' lang='lat' dir='ltr'>ad</span> <span class='ocrx_word' id='word_1_233' title='bbox 2251 4574 2256 4581; x_wconf 90' lang='lat'>·</span> 
     </span>
    </p>
   </div>
   <div class='ocr_carea' id='block_1_5' title="bbox 1094 4773 1623 4994">
    <p class='ocr_par' dir='ltr' id='par_1_5' title="bbox 1094 4773 1623 4994">
     <span class='ocr_line' id='line_1_29' title="bbox 1094 4773 1609 4841; baseline 0.002 -16"><span class='ocrx_word' id='word_1_234' title='bbox 1094 4773 1122 4837; x_wconf 83' lang='lat'>(¹)</span> <span class='ocrx_word' id='word_1_235' title='bbox 1140 4775 1171 4824; x_wconf 87' lang='grc' dir='ltr'>Ε.</span> <span class='ocrx_word' id='word_1_236' title='bbox 1189 4778 1310 4838; x_wconf 86' lang='lat' dir='ltr'>proponit</span> <span class='ocrx_word' id='word_1_237' title='bbox 1325 4778 1496 4841; x_wconf 69' lang='lat' dir='ltr'>questionem</span> <span class='ocrx_word' id='word_1_238' title='bbox 1512 4781 1609 4826; x_wconf 74' lang='lat' dir='ltr'>nuum.</span> 
     </span>
     <span class='ocr_line' id='line_1_30' title="bbox 1096 4850 1596 4917; baseline 0.006 -16"><span class='ocrx_word' id='word_1_239' title='bbox 1096 4852 1121 4908; x_wconf 81' lang='lat' dir='ltr'>t&#39;)</span> <span class='ocrx_word' id='word_1_240' title='bbox 1139 4850 1353 4908; x_wconf 50' lang='lat' dir='ltr'>E.⁴Salomonem</span> <span class='ocrx_word' id='word_1_241' title='bbox 1370 4854 1401 4903; x_wconf 76' lang='lat' dir='ltr'>ed</span> <span class='ocrx_word' id='word_1_242' title='bbox 1418 4855 1596 4917; x_wconf 65' lang='lat' dir='ltr'>questionem.</span> 
     </span>
     <span class='ocr_line' id='line_1_31' title="bbox 1096 4926 1623 4994; baseline -0.015 -6"><span class='ocrx_word' id='word_1_243' title='bbox 1096 4929 1123 4988; x_wconf 65' lang='grc' dir='ltr'>ξ’)</span> <span class='ocrx_word' id='word_1_244' title='bbox 1141 4927 1166 4978; x_wconf 81' lang='lat' dir='ltr'>S·</span> <span class='ocrx_word' id='word_1_245' title='bbox 1183 4926 1378 4992; x_wconf 67' lang='lat' dir='ltr'>intelligendum</span> <span class='ocrx_word' id='word_1_246' title='bbox 1394 4931 1623 4994; x_wconf 75' lang='lat' dir='ltr'>computationem.</span> 
     </span>
    </p>
   </div>
   <div class='ocr_carea' id='block_1_6' title="bbox 0 0 2426 6642">
    <p class='ocr_par' dir='ltr' id='par_1_6' title="bbox 0 0 2426 6642">
     <span class='ocr_line' id='line_1_32' title="bbox 0 0 2426 6642; baseline 0 0"><span class='ocrx_word' id='word_1_247' title='bbox 0 0 2426 6642; x_wconf 95' lang='lat' dir='ltr'> </span> 
     </span>
    </p>
   </div>
  </div>
 </body>
</html>
