4842 6642
998 783 1067 852 lit
1386 796 1592 853 courxrurx
1616 797 1782 851 nxnnmsr

996 943 1173 1040 eiaguidae
1191 942 1239 1018 ad
1256 963 1309 1038 se,
1334 943 1470 1038 dicens,
1488 943 1587 1038 quod
1604 942 1665 1018 ille
1681 941 1828 1038 spiritus
1845 963 1922 1038 pre
1944 943 2057 1017 nimio
2072 961 2166 1040 gau-

995 1062 1055 1137 dio
1069 1064 1237 1158 prorupit
1250 1063 1286 1136 in
1299 1063 1395 1138 hanc
1407 1063 1555 1139 laudem
1567 1063 1708 1139 autoris
1717 1057 1773 1155 (⁴):
1791 1067 1979 1156 Oranpuit
1991 1085 2084 1138 meus
2096 1071 2164 1140 ete.

996 1183 1050 1257 dd
1077 1184 1184 1258 cuius
1208 1183 1293 1259 dicti
1319 1184 1583 1260 enucleandam
1604 1183 1823 1259 sententiam
1847 1193 1903 1260 est
1927 1185 2083 1260 firmiter
2098 1205 2167 1260 uo-

996 1304 1148 1378 tandum
1175 1305 1275 1398 quod
1300 1305 1412 1399 aliqui
1438 1305 1545 1400 periti
1570 1304 1748 1379 visisunt
1773 1305 1953 1380 subtiliter
1982 1325 2167 1401 exponere

993 1425 1101 1498 istem
1128 1425 1271 1499 literam
1297 1424 1507 1500 *dicentem
1532 1431 1644 1500 autor
1675 1445 1750 1498 non
1782 1425 1958 1500 intellexit
1981 1426 2089 1499 istam
2123 1425 2166 1498 li-

993 1546 1142 1619 teram*
1157 1536 1207 1639 (2),
1245 1565 1312 1621 nec
1343 1565 1415 1642 ego
1450 1545 1624 1641 intelligo.
1656 1545 1761 1634 Quod
1791 1551 1919 1621 autem
1951 1551 2060 1620 autor
2090 1567 2164 1620 non

993 1665 1211 1740 intellexerit
1228 1666 1388 1762 probare
1405 1667 1576 1741 videntur
1597 1685 1663 1761 per
1679 1665 1815 1740 dietum
1835 1666 1957 1762 ipsius,
1974 1667 2061 1760 quia
2077 1667 2163 1741 dicit

992 1785 1028 1858 in
1054 1785 1158 1860 litera
1179 1787 1278 1880 quod
1303 1809 1378 1864 non
1402 1787 1580 1862 intellexit
1596 1806 1698 1879 eum,
1715 1786 1765 1861 ita
1787 1787 1963 1880 loquutus
1992 1794 2048 1862 est
2077 1807 2165 1882 pro·

992 1905 1115 1980 lunde.
1130 1905 1201 1982 Sed
1215 1909 1394 1982 certeista
1408 1913 1463 1982 est
1481 1907 1579 1982 mala
1595 1907 1784 1981 excusatio
1800 1906 2035 2003 ignorantiae3
2050 1907 2164 1981 immo

992 2033 1102 2102 autor
1128 2027 1223 2103 bene
1247 2028 1425 2104 intellexit
1454 2027 1522 2103 ista
1547 2027 1674 2122 verba,
1699 2033 1737 2102 et
1761 2046 1832 2123 ego
1858 2027 1952 2102 bene
1983 2028 2163 2125 intellig03

991 2148 1080 2222 lllud
1105 2157 1232 2224 autem
1259 2151 1358 2244 quod
1375 2149 1563 2224 adducunt
1586 2149 1633 2222 ad
1659 2147 1911 2243 probationem
1928 2150 1985 2222 sui
2006 2149 2090 2224 dieti
2109 2150 2165 2224 di·

993 2275 1091 2344 reete
1119 2269 1202 2343 iacit
1227 2277 1354 2344 eontra
1373 2290 1447 2345 eos.
1467 2270 1558 2344 Nam
1577 2275 1687 2343 autor
1707 2267 1903 2342 benedicit
1920 2269 2042 2363 paullo
2060 2270 2164 2364 inira,

991 2389 1090 2483 qnod
1116 2389 1193 2484 ipse
1218 2390 1364 2485 spiritus
1390 2388 1579 2464 subiunxit
1595 2389 1764 2482 quaedam
1784 2389 1963 2484 profunda
1981 2411 2066 2484 quae
2088 2391 2164 2485 ipse

990 2516 1100 2583 autor
1122 2530 1195 2583 non
1211 2510 1406 2604 intellexit3
1425 2510 1489 2585 sed
1513 2531 1560 2584 ex
1587 2511 1656 2583 lroe
1682 2529 1755 2584 non
1775 2510 1955 2604 sequitur,
1972 2511 2071 2604 quod
2088 2531 2160 2585 non

992 2629 1211 2704 intellexerit
1237 2651 1322 2724 quae
1346 2630 1491 2705 dixerat
1507 2640 1604 2724 ante,
1626 2630 1741 2704 immo
1762 2630 2074 2724 percontrarium
2095 2651 2159 2705 ex-

991 2769 1116 2844 presse
1142 2751 1389 2846 praesupponit
1414 2749 1513 2844 quod
1535 2749 1755 2824 intellexerit
1771 2749 1884 2823 verba
1903 2748 2037 2844 prima:
2059 2751 2161 2825 etsie

991 2869 1112 2944 taliter
1136 2878 1362 2966 exponentes
1387 2879 1489 2945 recte
1514 2869 1768 2944 contradicunt
1788 2869 1903 2943 literae
1919 2877 1957 2944 et
1974 2871 2161 2945 intentioni

990 2989 1141 3063 autoris.
1168 2989 1245 3063 lloe
1270 2997 1486 3086 prenotato,
1512 3009 1611 3063 nune
1636 3009 1864 3084 exponamus
1890 2990 2044 3065 literam.
2072 2991 2162 3065 llicit

991 3129 1083 3205 ergo
1108 3109 1350 3206 Caeciaguida
1374 3109 1516 3184 autori:
1547 3113 1578 3183 0
1608 3113 1753 3201 sanquis
1783 3130 1890 3203 ments,
1923 3109 2024 3205 idest,
2059 3131 2082 3184 o
2114 3111 2161 3183 lili

993 3229 1041 3300 mi
1067 3229 1209 3322 dilecte,
1236 3229 1323 3323 quia
1354 3236 1464 3303 autor
1494 3229 1679 3304 deseendit
1712 3228 1760 3304 de
1792 3230 1971 3324 sanguine
2004 3230 2097 3324 eius,
2122 3238 2162 3304 ut

990 3349 1111 3424 statim
1137 3349 1233 3424 dicet
1258 3349 1354 3444 ipse:
1380 3371 1403 3423 o
1426 3353 1547 3441 prada
1575 3352 1642 3422 Dei
1669 3369 1775 3440 super
1804 3353 1922 3442 tnsrtsu
1954 3351 2024 3441 tidi,
2059 3350 2160 3440 idern,

988 3471 1158 3565 desuper,
1184 3469 1332 3563 scilieet,
1357 3491 1380 3545 a
1405 3471 1500 3544 eoelo
1526 3470 1636 3543 missa
1662 3469 1745 3565 tibi3
1773 3470 1836 3543 tibi
1865 3470 1958 3563 dico,
1983 3473 2071 3544 siout
2092 3475 2158 3563 orti,

989 3591 1093 3684 idest,
1119 3598 1310 3684 mmquaut
1337 3590 1385 3663 illi
1419 3590 1491 3683 eui,
1515 3591 1635 3681 janua
1667 3593 1756 3682 omli,
1792 3589 1896 3683 idest,
1929 3597 2033 3684 porta
2067 3591 2161 3681 omli,

988 3719 1055 3808 est,
1082 3713 1220 3807 supple,
1246 3713 1297 3784 dis
1321 3715 1472 3802 reclusa,
1498 3711 1601 3803 idest,
1622 3715 1762 3805 aperta,
1788 3730 1955 3801 unquam,
1981 3711 2073 3785 idest
2096 3711 2162 3784 ali·

989 3833 1149 3928 quando,
1163 3833 1395 3927 quiaseilieet
1408 3838 1513 3926 porta
1530 3831 1613 3905 eoeli
1627 3837 1683 3904 ert
1695 3838 1822 3927 aperta
1837 3851 1935 3904 nanno
1954 3831 2017 3904 tibi
2034 3835 2159 3923 semel,

988 3953 1075 4048 qnia
1101 3953 1203 4028 renis
1229 3953 1265 4026 in
1291 3972 1446 4047 corpore
1471 3950 1517 4026 ad
1542 3951 1680 4026 eoelum
1706 3971 1753 4024 ex
1779 3951 1955 4046 spirituali
1972 3941 2009 4042 (³)
2030 3952 2159 4047 gratia,

988 4083 1026 4150 et
1051 4073 1175 4148 venies
1201 4073 1349 4166 iterum,
1375 4072 1510 4147 scilicet
1535 4078 1704 4166 tempere
1730 4071 1874 4165 mortis3
1902 4092 1986 4144 nam
2013 4073 2043 4144 si
2073 4092 2161 4145 eon-

988 4213 1133 4269 cessum
1161 4197 1216 4267 est
1242 4191 1304 4268 tibi
1325 4192 1461 4267 viventi
1479 4191 1606 4266 venire
1622 4193 1668 4266 ad
1685 4194 1821 4267 coelum
1840 4211 1927 4266 eum
1943 4211 2069 4285 earne,
2087 4212 2160 4265 non

990 4321 1046 4388 est
1070 4312 1295 4388 credendum
1322 4312 1421 4405 quod
1447 4311 1510 4384 tibi
1535 4312 1695 4386 venienti
1720 4311 1799 4385 sine
1824 4331 1979 4405 corpore
1997 4309 2160 4407 denege-

992 4442 1065 4526 tur,
1090 4431 1254 4508 maxime
1278 4451 1365 4506 curn
1391 4438 1502 4506 autor
1526 4431 1658 4506 dixerit
1682 4452 1794 4527 supra
1819 4433 1988 4527 capitulo,
2013 4433 2071 4504 do'
2087 4445 2161 4504 eon

990 4559 1022 4627 si
1036 4557 1159 4626 scendo
1174 4573 1284 4626 senza
1299 4556 1490 4627 ritornore.
1504 4593 1554 4606 -
1569 4544 1656 4624 Coei.
1671 4551 1736 4625 llic
1748 4557 1858 4626 autor
1870 4551 1971 4647 ponit
1988 4549 2158 4625 ellectum

1592 4715 1810 4722 -..----——...
1826 4713 2157 4722 μ*

1051 4785 1078 4846 (“)
1096 4785 1126 4834 Ε.
1142 4786 1249 4843 autoris,
1266 4787 1303 4836 sle
1319 4787 1422 4835 dicens:
1443 4785 1586 4848 oraeque
1601 4798 1678 4834 rnen.

1051 4860 1080 5000 {Pl
1094 4862 1130 4986 1¹:30
1143 4862 1293 5001 mla‘iim
1309 4864 1317 4912 l
1334 4864 1385 4912 dne
1401 4861 1534 4912 asterlsolri
1550 4875 1598 4912 son
1614 4861 1727 4924 suppllte
1741 4861 1785 4911 dal
1801 4860 1895 4912 Codice
1912 4859 2027 4910 Estente.
