4842 6642
779 819 851 885 ml
1171 831 1376 886 couunrunr
1400 831 1566 886 rnnnnmr

779 979 854 1048 lem
872 972 965 1049 Asiae
983 974 1204 1071 subiugavit,
1224 975 1281 1050 vel
1306 996 1439 1070 ponam
1454 970 1492 1069 (¹)
1520 975 1588 1050 lbi:
1613 976 1846 1053 de'Roberto
1862 978 1952 1053 Gui-

778 1094 914 1171 scorto
939 1102 976 1170 et
1006 1095 1085 1169 eius
1115 1096 1227 1191 gestis
1259 1096 1397 1171 dictum
1429 1103 1486 1171 est
1515 1096 1552 1171 in
1580 1096 1738 1190 lnlerno,
1764 1098 1951 1191 quomodo

779 1215 865 1291 vicit
889 1216 1057 1312 Apuliam
1084 1226 1121 1291 et
1147 1216 1315 1292 Siciliam.
1343 1217 1408 1291 Hic
1432 1216 1612 1311 siquidem
1629 1225 1755 1313 postea
1773 1219 1846 1293 luit
1856 1220 1950 1293 amis

777 1354 845 1410 cus
871 1342 908 1411 et
932 1336 1101 1412 defensor
1126 1337 1289 1413 ecclmiae
1314 1346 1352 1413 ot
1375 1337 1560 1412 succurrit
1587 1336 1637 1411 illi
1668 1344 1737 1411 etc.
1767 1338 1872 1414 Nunc
1901 1340 1949 1414 nd

778 1456 921 1533 literam
954 1448 1041 1532 dicit
1072 1464 1200 1533 autor:
1236 1462 1376 1549 Possm,
1409 1458 1555 1551 scilicet,
1588 1463 1670 1553 post
1698 1459 1871 1533 Carnium
1911 1468 1949 1535 et

778 1577 989 1671 (trundum,
1016 1580 1052 1651 lo
1077 1582 1149 1651 ntia
1174 1582 1276 1668 emto,
1302 1578 1404 1670 idest,
1430 1577 1522 1652 risio
1547 1575 1811 1671 intellectualis,
1837 1586 1950 1654 trnrse

781 1699 995 1791 Gutoltetmo,
1019 1697 1066 1772 de
1090 1698 1247 1795 Orenga,
1265 1719 1351 1794 qum
1371 1706 1428 1774 est
1447 1698 1578 1773 civitas
1597 1700 1634 1772 in
1653 1699 1855 1793 Provincia,
1881 1720 1950 1776 an-

778 1816 1002 1892 tonomasice
1027 1816 1135 1893 dehet
1161 1818 1321 1916 intelligi,
1349 1839 1421 1892 non
1448 1820 1557 1915 longe
1581 1840 1605 1893 n
1631 1820 1818 1915 Rhodano,
1844 1819 1949 1895 euius

777 1936 893 2013 lomes
918 1957 985 2013 ore
1009 1938 1111 2035 vulgi
1136 1938 1345 2013 celebratur
1362 1939 1426 2013 ibi:
1454 1938 1525 2013 vidi
1551 1961 1664 2015 unum
1691 1960 1816 2015 arcem
1840 1948 1947 2015 retn-

778 2058 972 2133 stlssimam
999 2063 1112 2133 totam
1138 2057 1279 2133 luscam
1306 2061 1407 2134 velut
1427 2059 1455 2133 si
1483 2060 1610 2135 luisset
1627 2060 1663 2133 in
1681 2060 1821 2135 interno
1838 2060 1950 2133 inbri-

778 2186 870 2273 eem,
896 2201 915 2253 e
940 2182 1136 2271 Rinoarrln,
1162 2180 1258 2255 bene
1283 2187 1355 2253 stat
1374 2180 1483 2275 Juxta
1506 2180 1742 2277 Guilelmnm‚
1769 2183 1856 2277 quin
1882 2182 1949 2256 luit

777 2300 897 2376 affinis
926 2301 1006 2375 eius
1037 2307 1074 2375 et
1106 2308 1449 2395 contemporaneus,
1476 2308 1516 2386 et
1543 2301 1581 2375 in
1611 2301 1745 2376 eisdem
1778 2302 1882 2377 bellis
1909 2323 1949 2377 se

778 2421 945 2497 exercuit
976 2429 1044 2496 etc.
1071 2444 1090 2496 e
1114 2425 1139 2495 'l
1168 2425 1260 2496 duno
1288 2424 1493 2516 Gottisredo,
1519 2423 1584 2516 qni
1617 2422 1687 2496 luit
1714 2423 1788 2496 dux
1824 2423 1946 2497 lerrae

776 2541 918 2617 Sanotae
944 2550 981 2617 et
1007 2542 1287 2639 cognominatus
1312 2550 1368 2618 est
1391 2542 1601 2617 (intifredus
1631 2542 1689 2616 det
1714 2542 1946 2639 Buglione‚e

775 2663 925 2743 imberto
954 2666 1162 2756 Gntscordo,
1191 2663 1255 2757 qui
1281 2662 1349 2735 luit
1373 2663 1450 2735 dux
1476 2657 1708 2736 Norma'ndiae
1730 2668 1948 2737 ete-lunt

775 2790 834 2857 tra
858 2786 880 2855 l
893 2786 992 2857 ultre.
1020 2783 1085 2858 Hic
1108 2791 1219 2857 autor
1243 2782 1414 2857 describit
1447 2802 1631 2857 recessum
1665 2782 1826 2877 predicti
1857 2784 1948 2857 Cno-

774 2903 971 2999 oinguidae5
989 2912 1026 2979 et
1052 2904 1214 2979 breviter
1238 2904 1318 2977 vult
1341 2903 1466 2979 dicere
1490 2903 1590 2997 quod
1613 2902 1854 2999 Cuccinguidn
1877 2925 1946 2979 sura

755 3024 986 3099 *narratione
1010 3027 1189 3121 complete
1216 3023 1415 3099 immiscuit
1431 3043 1472 3099 se
1488 3022 1607 3097 turim
1632 3023 1777 3098 illarum
1804 3024 1947 3100 animn-

775 3166 859 3219 rum
888 3144 1063 3219 nobilium
1091 3145 1127 3219 in
1152 3145 1257 3242 signo
1280 3145 1412 3238 crucis,
1431 3150 1469 3219 et
1493 3143 1604 3239 ooepit
1626 3144 1837 3219 dulcissime
1857 3166 1946 3221 mnr-

774 3272 854 3340 tnre
879 3273 916 3341 et
942 3266 1057 3340 Deum
1085 3266 1247 3341 laudare.
1272 3266 1375 3340 Unde
1398 3264 1501 3339 dicit:
1520 3267 1613 3357 Indi,
1634 3264 1735 3355 idest,
1754 3267 1947 3341 nominatis

772 3384 840 3459 illis
866 3384 950 3460 viris
976 3385 1186 3479 illustribus,
1205 3388 1338 3459 t'ulma
1361 3387 1422 3457 ote
1442 3387 1487 3457 m'
1500 3405 1590 3457 oneo
1612 3386 1771 3477 portato,
1796 3386 1943 3478 scilieet,

772 3504 1011 3602 Cuccieguida
1026 3498 1063 3599 (⁸)
1089 3505 1153 3600 qui
1179 3506 1329 3601 longam
1356 3504 1564 3579 orationem
1594 3504 1776 3579 habuerat
1805 3525 1943 3597 secum,

773 3634 880 3717 nmio,
898 3626 1083 3719 sciliceta
1104 3628 1185 3701 loco
1210 3625 1274 3700 ubi
1300 3624 1421 3719 prirnn
1438 3624 1558 3699 luerat
1574 3624 1727 3718 loquuta
1744 3624 1823 3719 sibi,
1841 3645 1860 3698 o
1877 3630 1943 3699 ttri-

771 3753 839 3839 sto,
854 3746 954 3841 idest,
969 3746 1174 3841 ooniunolu,
1185 3754 1243 3819 ma
1255 3749 1370 3820 tuln-e
1381 3748 1461 3836 lusi,
1475 3744 1577 3838 idest,
1592 3744 1687 3819 inter
1699 3746 1788 3819 alies
1801 3746 1941 3821 animus

772 3867 946 3960 lucentes,
961 3868 1097 3963 igneas,
1107 3870 1324 3941 momnmmi
1335 3869 1421 3957 qno!
1430 3887 1495 3938 eru
1508 3869 1635 3938 orttstn
1644 3869 1707 3959 fra
1720 3869 1734 3937 t
1749 3874 1876 3939 tantm
1887 3869 1945 3941 rint

771 3990 868 4080 meto,
887 3987 988 4081 idest,
1015 4006 1129 4081 quem
1155 3988 1274 4062 bonus
1298 3992 1428 4060 centor
1443 3992 1525 4060 erat
1544 3986 1641 4061 inter
1664 3986 1754 4059 alios
1775 3992 1944 4061 cantores

770 4108 863 4185 ooeli.
879 4110 922 4182 Et
937 4108 972 4183 in
986 4110 1055 4183 hoc
1068 4114 1167 4203 patet
1180 4126 1354 4202 expresse
1366 4126 1473 4183 error
1485 4107 1747 4201 quorumdem,
1764 4107 1826 4201 qui
1841 4106 1944 4203 igno·

772 4234 895 4305 neuter
919 4228 1102 4322 dixerunt,
1124 4228 1223 4323 quod
1248 4236 1357 4301 autor
1374 4226 1433 4301 hie
1450 4226 1614 4301 nominat
1630 4226 1797 4321 spiritum
1818 4226 1942 4318 David,

771 4357 849 4425 turn
877 4348 962 4444 quia
984 4348 1098 4423 Devld
1116 4355 1315 4443 reponetur
1333 4346 1425 4420 inira
1447 4347 1483 4419 in
1503 4366 1610 4441 spem
1631 4346 1740 4439 loris,
1760 4354 1839 4420 tum
1856 4346 1942 4440 quin

771 4470 836 4545 isin
863 4470 968 4545 litera
996 4490 1068 4543 non
1095 4468 1222 4563 resipit
1236 4457 1273 4559 (³)
1301 4468 1412 4543 telem
1438 4466 1714 4561 expositionem.

847 4594 887 4663 lo
912 4591 960 4663 mi
984 4591 1117 4663 nonin.
1144 4588 1217 4663 ista
1242 4594 1298 4661 est
1323 4587 1429 4662 tertis
1450 4608 1536 4682 pars
1551 4586 1733 4678 generalis
1747 4575 1802 4678 (ἢ,
1815 4586 1853 4661 in
1869 4608 1943 4681 qne

770 4717 881 4785 sutor
906 4708 1075 4784 describit
1100 4730 1210 4784 suurn
1237 4728 1431 4782 ascensum
1458 4707 1510 4781 nd·
1531 4708 1804 4801 memmimus,
1830 4713 1867 4781 et
1893 4706 1943 4779 si-

832 4894 860 4957 (¹)
878 4895 908 4945 E.
925 4910 1018 4958 porrum
1030 4898 1056 4945 in
1067 4896 1148 4946 liner:
1160 4896 1192 4945 de
1203 4896 1326 4945 Roberlo.
1400 4894 1427 4959 (Ἴ
1444 4896 1475 4945 Ε.
1491 4894 1673 4957 Cucciaguidae.
1893 4958 1897 4965 Ι

832 4973 859 5037 (¹)
876 4974 907 5025 u.
923 4974 1013 5037 rodolt
1029 4974 1107 5025 emm
1124 4972 1211 5025 ulem.
1400 4972 1428 5035 lt
1444 4973 1475 5023 E.
1485 4972 1612 5036 gementu
1626 4972 1704 5022 tulus
1715 4970 1830 5034 capituli,
1841 4970 1868 5020 ln
1884 4978 1943 5034 qna
