4842 6642
769 785 772 790 ’
916 803 962 869 lo
1305 814 1511 870 mnanrua
1535 814 1701 869 ranaorsr

914 960 960 1034 de
986 980 1047 1034 me
1072 960 1211 1034 Thoma
1237 965 1306 1035 etc.
1333 961 1439 1035 Nunc
1455 960 1502 1034 ad
1518 961 1662 1035 literam
1680 959 1766 1034 dicit
1782 961 1958 1033 Thomas:
1977 964 2018 1033 Io
2031 963 2085 1053 sui

914 1083 1007 1171 depo·
1031 1081 1129 1170 optat,
1154 1079 1256 1173 idest,
1275 1101 1402 1175 puruS,
1429 1080 1603 1154 innocens
1626 1080 1672 1153 ad
1699 1080 1851 1154 modum
1877 1081 1975 1177 agni,
1992 1083 2086 1154 detto

912 1207 1017 1274 santa
1041 1203 1203 1292 proppio,
1222 1199 1313 1274 idest
1330 1201 1443 1274 sancti
1461 1201 1597 1274 ordinis
1617 1200 1912 1295 praedicatorum,
1929 1203 1991 1274 cte
2009 1206 2085 1276 Do·

913 1325 1057 1410 menno,
1075 1328 1252 1416 tanquam
1273 1321 1393 1396 bonus
1412 1327 1535 1416 pastor
1552 1321 1730 1396 Dominici
1747 1322 1883 1417 gregis,
1899 1341 2003 1394 mena
2017 1343 2085 1415 per

912 1446 1098 1533 cammlno,
1115 1442 1207 1516 idest
1232 1461 1300 1537 per
1325 1443 1493 1538 reguiam
1519 1442 1764 1537 paupertatls;
1785 1447 1823 1516 et
1843 1441 1951 1516 dicit:
1973 1446 2007 1515 rt
2019 1443 2086 1514 hen

913 1564 1145 1656 dimplopum
1161 1561 1268 1655 idest,
1285 1563 1321 1635 lo
1335 1582 1409 1656 qua
1422 1563 1551 1659 regula
1571 1562 1666 1637 bene
1683 1562 1946 1658 impinguatur,
1960 1583 2082 1657 quan·

916 1692 994 1757 tum
1020 1681 1067 1758 ad
1090 1682 1253 1758 animam
1271 1682 1460 1778 intelligas,
1478 1703 1552 1756 noo
1574 1687 1755 1775 quantum
1773 1682 1819 1756 ad
1836 1701 1983 1777 corpus,
1996 1684 2084 1777 quia

914 1804 1045 1878 iratres
1071 1804 1327 1898 predicatores
1353 1823 1426 1877 non
1452 1801 1651 1877 comedunt
1676 1821 1817 1876 carnes.
1846 1803 1887 1876 Et
1913 1803 1972 1876 hic
1996 1810 2082 1877 nota

914 1924 1012 2019 quod
1042 1924 1201 1998 Thomas
1232 1929 1402 1999 notanter
1434 1923 1521 1997 dicit
1533 1915 1594 2014 dl:
1629 1923 1694 1995 den
1727 1924 1962 2014 simpinpno,
1996 1923 2084 2016 qula

915 2043 1097 2141 pinguedo
1121 2045 1254 2118 animae
1272 2043 1368 2118 bona
1382 2035 1419 2135 (²)
1439 2049 1514 2136 est3
1532 2050 1570 2118 et
1586 2042 1733 2116 alleviat
1752 2042 1940 2116 hominem
1957 2049 1996 2116 al
2012 2043 2086 2116 eri-

914 2167 967 2263 gil
991 2166 1037 2240 ad
1064 2164 1218 2257 eoelum3
1243 2164 1428 2262 pinguedo
1452 2184 1544 2240 varo
1575 2164 1739 2258 corporis
1768 2163 1866 2237 mala
1898 2169 1965 2257 est,
1999 2164 2086 2258 quia

915 2294 1095 2384 aggravat
1118 2286 1294 2380 animam,
1319 2292 1357 2360 ct
1381 2286 1553 2380 deprimit
1576 2284 1740 2380 pondere
1764 2304 1833 2359 suo
1859 2285 1906 2358 ad
1933 2291 2083 2378 terram,

915 2416 1074 2502 etsaepe
1100 2407 1255 2482 sullocat
1281 2407 1398 2502 ipsum
1417 2426 1563 2500 corpus,
1580 2427 1617 2478 se
1635 2425 1708 2478 non
1726 2408 1758 2477 sl
1776 2408 1963 2497 ooneppto,
1980 2386 2084 2498 idam

913 2529 942 2602 si
968 2548 1042 2602 non
1068 2533 1223 2602 vacatur
1242 2526 1390 2601 vanitati
1408 2526 1606 2599 mundane
1621 2525 1855 2622 vanagloriae.
1877 2526 1969 2599 Sunt
1985 2525 2084 2600 anim

914 2647 1170 2743 predicatores
1182 2645 1431 2721 communiter
1447 2646 1594 2742 gloriosi
1608 2636 1660 2739 (³),
1679 2646 1813 2721 hahent
1831 2645 1995 2720 habitum
2016 2665 2084 2720 cu·

915 2769 1066 2860 mosum,
1085 2773 1123 2840 el
1143 2774 1275 2842 vacant
1299 2767 1459 2840 mullum
1477 2767 1703 2841 excellentiae
1720 2767 1878 2840 honoris.
1892 2807 1943 2822 -
1958 2772 2082 2856 Quem.

914 2888 978 2960 llic
1003 2887 1161 2960 Thomas
1185 2885 1356 2961 describit
1381 2885 1579 2960 secundam
1605 2887 1768 2961 animam
1786 2886 1833 2960 de
1849 2906 1987 2962 corona
2009 2887 2083 2979 illa,

912 3006 1048 3081 scilicet
1073 3006 1262 3081 hibertum
1291 3025 1467 3101 maguum
1498 3007 1627 3080 eodem
1644 2994 1682 3099 (⁸)
1711 3006 1840 3118 ordina
1867 3008 2083 3102 praedicato·

914 3147 1010 3201 rum.
1024 3125 1077 3200 hd
1092 3125 1197 3199 cuius
1210 3125 1429 3200 evidentiam
1444 3133 1499 3200 est
1513 3127 1789 3222 praesciendum,
1799 3127 1898 3222 quod
1912 3129 2083 3202 albertus

914 3249 981 3323 iste
997 3247 1066 3322 luit
1082 3247 1139 3321 vir
1159 3245 1386 3320 multimodae
1402 3246 1573 3341 scientiae,
1592 3248 1903 3345 singularissimus
1927 3250 2085 3344 philoso-

911 3370 1016 3464 phus,
1035 3367 1253 3462 astrologus,
1275 3365 1439 3441 modicus
1464 3387 1634 3463 magnus,
1655 3368 1832 3443 naturalis
1851 3370 2086 3464 experimen·

912 3496 1019 3582 tator,
1045 3488 1108 3583 qui
1133 3486 1293 3583 plurima
1319 3493 1356 3562 et
1383 3488 1483 3562 utilia
1514 3508 1628 3583 opera
1658 3488 1753 3581 lecit,
1784 3489 1822 3562 in
1854 3490 2085 3564 naturalibus

911 3607 1119 3703 praecipua3
1145 3607 1209 3701 qui
1234 3627 1256 3680 a
1282 3607 1409 3680 moltis
1433 3606 1552 3681 dictus
1576 3613 1633 3682 est
1657 3607 1841 3682 secundus
1862 3607 2083 3701 Aristoteles,

912 3727 1081 3821 quamvis
1112 3726 1224 3821 aliqui
1255 3734 1469 3821 praeponanl
1492 3727 1705 3822 hrerroim3
1736 3730 1799 3822 qui
1834 3729 2089 3826 iuterrogatus

913 3854 1038 3920 utrum
1054 3837 1091 3939 (⁵)
1109 3847 1216 3941 plura
1234 3846 1377 3922 noverit
1393 3854 1475 3941 etc,
1495 3848 1558 3940 qui
1579 3867 1677 3942 sepe
1693 3848 1874 3944 allegatur
1892 3847 2082 3944 inscripto

910 3969 997 4062 isto;
1025 3975 1062 4042 et
1086 3969 1156 4042 hoc
1181 3967 1338 4042 sufficiat
1366 3966 1413 4042 ad
1446 3967 1592 4042 laudem
1619 3968 1688 4045 sui,
1719 3969 1825 4042 Nunc
1852 3968 1900 4043 ad
1925 3968 2080 4061 literam,

910 4089 993 4163 dicit
1018 4089 1201 4162 Thomas:
1228 4091 1335 4179 questi
1358 4090 1420 4160 che
1443 4084 1524 4162 m’e'
1549 4111 1574 4161 a
1601 4093 1722 4163 destro
1748 4085 1813 4183 ptri
1842 4093 1968 4182 mano,
1994 4090 2081 4184 quia

911 4209 979 4283 luit
1003 4207 1070 4283 sibi
1100 4207 1315 4281 lamiliarior
1340 4214 1531 4302 umquam
1556 4208 1684 4283 doctor
1709 4209 1801 4304 eius,
1823 4213 1951 4304 summi
1971 4214 2078 4305 (rum,

910 4328 997 4422 quia
1020 4329 1067 4402 de
1092 4327 1232 4404 eodem
1249 4327 1377 4403 ordine
1403 4349 1563 4423 mecum,
1581 4351 1600 4403 e
1616 4337 1782 4418 mommo,
1800 4329 1863 4425 qui
1885 4331 2082 4425 aliquando

910 4450 1053 4525 vocavit
1072 4449 1192 4544 ipsum
1215 4451 1394 4524 Thomam
1412 4452 1545 4527 hovem
1567 4459 1725 4525 mutum.
1751 4445 1796 4526 m
1820 4452 1943 4527 subdit
1966 4453 2084 4548 speci·

910 4571 1021 4646 licans
1048 4571 1147 4644 illum
1175 4577 1212 4646 et
1238 4593 1278 4646 se
1302 4593 1325 4646 a
1351 4573 1500 4647 nomine
1523 4580 1562 4647 et
1586 4573 1720 4667 patria3
1746 4577 1791 4647 ed
1811 4595 1887 4646 esso
1906 4571 2086 4647 Alherloe‘

969 4803 999 4941 i'i
1014 4799 1047 4928 ii.
1061 4800 1158 4942 iiiia
1175 4886 1214 4931 est
1229 4886 1256 4933 at
1272 4880 1377 4932 alleviat
1392 4882 1525 4932 hominem
1541 4881 1574 4931 ah
1588 4883 1709 4934 omibus
1724 4883 1899 4943 terrestribus,
1915 4887 1943 4933 et
1957 4883 2044 4948 erigit.

972 4954 999 5018 (⁸)
1014 4955 1040 5007 S.
1056 4957 1237 5020 vaneglorlosl.
1361 4959 1389 5022 (⁸)
1404 4957 1435 5008 ll.
1452 4958 1484 5008 de
1499 4958 1601 5010 wdem.
1724 4959 1754 5021 (ll
1770 4959 1800 5010 ll.
1817 4963 1878 5010 uter
1893 4958 1977 5023 plura
