4842 6642
775 883 915 941 cunnus
940 885 1099 942 nncnrus
1125 888 1310 943 summus.
1558 878 1627 947 193

452 1036 492 1107 nt
514 1054 577 1107 ver
601 1034 661 1106 cire
685 1036 723 1106 lu
747 1034 925 1126 dispensa,
952 1032 1057 1128 idest,
1078 1032 1230 1128 justiiiae
1258 1032 1403 1129 divinae,
1429 1055 1513 1130 quae
1538 1056 1628 1111 vera

451 1159 519 1249 est,
545 1160 582 1229 et
608 1174 692 1248 quae
718 1151 901 1247 dispensat
926 1151 1040 1247 ipsam
1068 1152 1276 1228 vindictam.
1298 1153 1342 1227 Et
1366 1154 1493 1230 dicunt
1516 1155 1629 1252 aliqui

451 1272 551 1369 quod
576 1264 692 1347 autor*
712 1271 865 1347 credidit
884 1292 951 1367 per
967 1271 1128 1347 divinam
1151 1271 1347 1347 vindictam
1368 1274 1490 1349 redire
1506 1274 1544 1350 in
1563 1296 1629 1371 pa-

450 1394 573 1487 triam,
597 1392 697 1487 quod
723 1399 848 1466 tamen
874 1412 948 1467 nen
973 1390 1051 1466 iuit.
1079 1392 1156 1483 Sed,
1175 1399 1278 1468 certe
1302 1413 1376 1468 nen
1401 1400 1548 1489 oportet
1571 1396 1629 1469 bic

451 1513 575 1589 iacere
594 1518 765 1587 autorem
783 1512 1014 1607 mendacem,
1035 1512 1122 1607 quia
1148 1512 1235 1586 nibil
1256 1513 1341 1588 dicit
1358 1514 1416 1589 bic
1432 1515 1479 1590 de
1496 1514 1627 1610 reditu,

451 1633 515 1708 sed
540 1632 587 1708 de
613 1631 789 1726 vindicta3
808 1638 847 1707 et
871 1631 1017 1727 respicit
1041 1632 1087 1708 ad
1115 1639 1272 1708 mortem
1294 1634 1468 1708 acerbam
1490 1634 1626 1710 demini

452 1752 572 1829 Cursii
600 1751 648 1827 de
678 1750 829 1827 Donatis
858 1750 1032 1847 predicti,
1058 1752 1105 1826 de
1136 1773 1210 1847 qua
1240 1752 1377 1828 dictum
1409 1760 1464 1829 est
1493 1754 1530 1829 in
1559 1756 1650 1830 boc'

452 1871 683 1969 Purgaterie.
693 1912 744 1925 —
757 1878 807 1946 Tu
824 1874 985 1946 insecat.
1000 1870 1065 1945 Hic
1081 1871 1322 1969 Cacciaguida
1339 1874 1525 1968 percurrit
1541 1875 1628 1952 bre-

451 1992 547 2068 viter
579 1992 813 2067 incommoda
851 1998 888 2068 et
926 1992 1023 2066 maia
1059 2013 1143 2086 quae
1159 1986 1195 2085 (¹)
1226 2001 1430 2069 nascuntur
1462 2016 1510 2071 ex
1548 1995 1627 2071 exi-

450 2113 520 2208 ii03
546 2119 583 2189 et
608 2114 729 2209 primu
755 2114 871 2212 tangit
901 2115 937 2190 id
969 2114 1068 2209 qued
1102 2115 1204 2211 prius
1236 2121 1274 2190 et
1302 2116 1455 2212 gravius
1480 2123 1548 2211 est,
1572 2116 1628 2192 di·

451 2254 557 2311 cens:
591 2240 639 2309 iu
664 2238 817 2309 insomni
840 2238 925 2328 epm·
948 2256 1031 2309 cosa
1061 2237 1178 2309 ddeua
1205 2230 1268 2328 pet
1296 2244 1508 2329 curamenta,
1534 2237 1628 2312 sicut

451 2353 554 2449 filies,
570 2374 741 2450 uxerem,
754 2355 923 2451 patriam,
937 2364 1120 2451 parentes
1138 2354 1295 2451 amicus3
1313 2356 1429 2431 immo
1446 2364 1555 2433 autor
1572 2356 1628 2433 di-

452 2474 610 2549 misitin
636 2476 865 2570 patriacum
898 2476 1046 2551 recessit
1077 2475 1173 2550 istud
1203 2476 1325 2552 nobile
1354 2498 1448 2573 opus
1477 2478 1626 2554 inchoa·

453 2602 545 2692 tum,
572 2596 673 2692 quod
697 2616 810 2692 super
833 2596 958 2671 emnia
982 2596 1167 2694 diligebat,
1184 2602 1223 2671 et
1239 2602 1365 2672 tamen
1382 2598 1626 2695 recuperavit,

449 2717 544 2792 sicut
575 2717 750 2813 scriptum
784 2722 838 2791 est
870 2715 1003 2791 lniemi
1036 2717 1189 2794 cantica.
1225 2716 1328 2793 Unde
1359 2718 1463 2793 dicit:
1495 2741 1514 2792 e
1543 2740 1626 2812 pue-

450 2826 504 2911 sb
529 2832 550 2911 a*
573 2839 685 2933 quello
712 2838 835 2928 strate,
861 2834 964 2932 idest,
990 2837 1121 2934 sagitta
1147 2838 1295 2932 doloris,
1321 2841 1381 2913 ebe
1404 2842 1427 2913 d
1439 2860 1527 2913 arco
1551 2842 1626 2914 dei·

449 2959 582 3031 centio
604 2959 689 3050 pria
717 2962 841 3046 scatia,
871 2956 973 3051 idest,
1005 2957 1125 3052 primo
1158 2960 1300 3033 emittit.
1333 2960 1377 3033 Et
1407 2967 1493 3035 nota
1525 2960 1624 3055 quod

450 3084 560 3153 autur
586 3078 733 3173 proprie
758 3076 915 3173 appellat
939 3078 1089 3153 exilium
1117 3099 1260 3173 arcum,
1283 3079 1371 3173 quia
1397 3080 1491 3155 sicut
1514 3100 1625 3154 arcus

451 3196 585 3275 emittit
610 3198 681 3273 teia
707 3198 938 3273 vulnerantis
970 3204 1007 3273 et
1035 3197 1289 3273 interficientia
1322 3197 1510 3274 bominem
1545 3200 1626 3274 len·

450 3320 653 3418 ginquum3
671 3318 720 3393 ita
747 3317 896 3393 exilium
925 3318 1057 3394 emittit
1081 3318 1225 3393 diversa
1251 3318 1484 3394 incommoda
1509 3327 1547 3394 et
1571 3319 1627 3392 in·

452 3440 611 3516 fortunia
636 3459 735 3515 nunc
752 3438 931 3534 laedentia,
950 3461 1049 3515 nunc
1066 3438 1320 3516 interficientia
1337 3440 1525 3516 bominem
1545 3442 1626 3535 pui-

450 3582 533 3636 sum
566 3562 676 3658 longe
708 3582 731 3637 a
767 3560 895 3656 patria.
919 3601 968 3615 -
990 3566 1039 3633 au
1072 3562 1256 3654 proverai.
1290 3559 1355 3635 liic
1385 3560 1624 3656 Camiaguida

450 3682 566 3780 tangit
583 3681 654 3757 alia
671 3680 916 3773 incommoda,
927 3701 1012 3776 quae
1024 3679 1156 3755 deinde
1168 3686 1379 3774 sequuntur
1395 3680 1442 3755 ad
1459 3680 1624 3773 erilium,

449 3802 592 3878 dicens:
615 3806 665 3874 iu
685 3804 871 3893 moenai,
889 3798 991 3894 idest,
1009 3798 1173 3896 gustabis
1194 3806 1231 3874 et
1248 3799 1461 3894 experieris,
1477 3792 1509 3873 si
1528 3821 1625 3873 cenae

449 3944 492 3997 su
515 3924 555 3997 di
575 3924 650 3995 scie
674 3923 710 3995 lo
729 3940 827 4013 pune
851 3922 970 4010 deni,
996 3918 1099 4012 idest,
1125 3939 1238 4014 quam
1267 3918 1414 4014 sapidus
1438 3925 1495 3994 est
1521 3918 1623 4014 panis

450 4044 611 4137 alienus;
637 4048 693 4119 est
718 4040 816 4117 enim
848 4040 954 4116 vaide
979 4060 1132 4115 amarus
1156 4048 1194 4115 et
1219 4041 1322 4136 panis
1351 4040 1509 4115 doloris:
1537 4060 1621 4113 nam

451 4167 522 4241 veb
547 4164 615 4239 illis
641 4162 704 4257 qui
728 4162 776 4237 ad
799 4160 961 4236 alienum
987 4160 1189 4255 appetitum
1221 4160 1430 4235 comedunt.
1463 4160 1507 4233 Et
1536 4180 1623 4235 ecce

450 4284 550 4361 atiud
574 4283 870 4360 incommedum:
897 4304 916 4355 c
940 4274 1064 4355 com'd
1084 4284 1176 4355 dure
1202 4283 1290 4355 calle
1315 4284 1350 4353 io
1373 4283 1538 4355 scandere
1559 4301 1579 4352 c
1601 4283 1627 4352 't

448 4410 569 4499 salue,
594 4405 698 4500 idest,
724 4424 837 4499 quam
863 4403 980 4477 durus
1007 4409 1062 4479 est
1085 4422 1261 4477 ascensus
1280 4407 1318 4476 et
1333 4402 1542 4494 descensus,
1556 4422 1624 4494 per

451 4530 593 4602 ieiuni
616 4528 733 4618 scale5
751 4522 926 4619 queniam
945 4525 1015 4598 veb
1034 4522 1181 4617 illisqui
1203 4520 1251 4596 ad
1271 4520 1433 4597 alienum
1452 4541 1622 4618 gressum

448 4648 652 4724 ambulant.
665 4650 762 4719 -Ε
783 4647 869 4738 quel.
897 4642 962 4717 Hic
987 4640 1228 4738 Cacciaguida
1257 4641 1374 4738 tangit
1406 4661 1524 4716 unum
1550 4640 1624 4715 sin-

448 4770 580 4866 gulare
604 4788 712 4860 unus,
738 4766 836 4861 qued
863 4763 980 4861 magis
1001 4768 1180 4861 aggravat
1196 4754 1232 4855 (¹)
1255 4762 1422 4836 animum
1440 4762 1622 4857 sapientis,

509 4956 538 5019 (¹)
554 4956 587 5007 li.
603 4969 661 5019 quas
676 4958 823 5021 munstur
838 4967 871 5005 ax
887 4952 974 5014 exilio,
991 4954 1044 5003 sire
1060 4958 1204 5003 nascuntur
1219 4965 1252 5003 cx
1268 4964 1315 5015 ως
1330 4957 1358 5003 ct
1374 4952 1469 5016 primo.

511 5030 540 5096 (‘)
556 5033 583 5083 S.
599 5036 697 5096 marat.

585 5140 612 5185 V.
1463 5136 1489 5180 tt
