4842 6642
757 861 896 916 cannes
920 863 1078 920 oremus
1104 815 1282 930 onnnres.
1534 853 1602 924 125

434 1002 539 1078 litera
564 1025 796 1099 sequens-
812 999 900 1080 Cosi.
926 1009 991 1082 Hic
1016 1015 1125 1083 autor
1150 1009 1321 1084 describit
1346 1019 1487 1086 motum
1509 1012 1605 1107 ipsa·

434 1145 517 1197 rum
536 1125 754 1200 'animarum
774 1147 840 1222 per
857 1130 1169 1224 comparationem
1194 1131 1333 1204 claram
1352 1138 1389 1206 et
1406 1132 1604 1228 propriam.

434 1246 476 1318 Et
501 1245 586 1320 dicit
611 1247 709 1341 quod
735 1247 784 1321 ita
810 1269 850 1322 se
876 1249 1113 1324 ostendebant
1138 1249 1208 1323 illae
1232 1250 1366 1324 animae
1391 1251 1508 1326 beatae
1539 1274 1605 1348 per

432 1385 595 1461 crucem,
621 1367 714 1441 sicut
740 1367 798 1442 iila
825 1371 1041 1463 corpuscula
1069 1369 1209 1443 minuta
1235 1390 1319 1463 quae
1346 1371 1514 1445 videmus
1548 1373 1605 1447 tric

432 1485 469 1559 in
494 1507 601 1581 spera
626 1487 720 1561 solis.
749 1487 840 1562 Dicit
865 1509 973 1584 ergo:
1001 1493 1047 1562 La
1069 1491 1218 1562 minotio
1241 1492 1421 1582 de'corpt,
1440 1490 1604 1566 minutiae

430 1613 517 1680 sunt
534 1607 696 1681 minimae
716 1607 908 1682 cuiuslibet
925 1608 1088 1703 corporis
1106 1598 1301 1703 portiones
1316 1609 1410 1683 sicut
1427 1609 1498 1683 illae
1519 1632 1604 1705 qnae

431 1727 468 1802 in
503 1728 609 1802 radiis
642 1729 821 1803 solaribus
853 1735 1114 1824 pervagantur,
1148 1733 1232 1822 qnae
1263 1731 1377 1804 atomi
1409 1739 1601 1825 vocantur,

432 1851 557 1939 tuapte
573 1870 592 1920 e
606 1856 702 1922 corte
716 1852 749 1922 si
765 1869 899 1942 oeppoo
912 1841 954 1940 si,
969 1849 1071 1942 idest,
1087 1849 1147 1942 ita,
1162 1852 1233 1942 qni,
1249 1849 1395 1943 scilicet,
1408 1850 1444 1923 in
1463 1852 1602 1926 mundo

335 2058 339 2066 ¹
429 1977 565 2063 nostro,
591 1975 743 2044 omocrsi
763 1993 830 2062 per
855 1975 889 2044 to
914 1975 1055 2062 rapoto,
1081 1970 1229 2065 scilicet,
1254 1973 1425 2064 solarem,
1457 1976 1560 2046 dritta
1584 1995 1603 2044 c

427 2097 526 2181 toric,
553 2090 640 2183 quia
666 2111 732 2185 per
751 2098 892 2165 rectum
920 2097 957 2165 et
983 2099 1234 2164 transversum
1251 2111 1368 2186 sperae
1385 2092 1524 2185 solaris,
1542 2114 1602 2166 ve-

425 2209 492 2284 to'ci
516 2232 536 2282 c
560 2215 662 2285 tarde
686 2215 911 2286 rinoovando
938 2215 1038 2304 visto,
1068 2211 1203 2317 scilicet
1229 2231 1295 2306 per
1324 2213 1598 2289 vicissitudines.

425 2331 468 2404 Et
493 2331 590 2425 dicit,
609 2332 706 2426 quod
727 2353 773 2407 ex
796 2333 862 2406 illis
885 2332 1046 2406 minutiis
1071 2331 1424 2426 aliqnandolistatur
1443 2334 1597 2427 domus3

427 2452 523 2527 unde
560 2452 664 2526 dicit:
703 2454 804 2544 orode,
844 2451 946 2546 idest,
983 2473 1030 2526 ex
1069 2452 1202 2547 quibus
1240 2452 1414 2546 minutiis,
1451 2457 1596 2528 talvolta

422 2575 571 2664 sitista,
598 2571 698 2666 idest,
727 2571 869 2646 listatur
894 2578 930 2646 et
955 2571 1131 2668 signatur,
1158 2573 1333 2663 romara,
1359 2573 1504 2667 scilicet,
1523 2575 1597 2667 iila,

424 2684 491 2766 cle'
507 2693 666 2785 tepente
683 2695 839 2785 ncpntsto
859 2713 928 2784 per
951 2712 1017 2764 saa
1037 2693 1172 2785 discoo5
1193 2712 1260 2786 per
1276 2693 1347 2766 hoc
1362 2692 1424 2766 dat
1444 2693 1594 2790 intelligi

422 2813 575 2887 domurn
602 2834 668 2908 per
694 2835 807 2908 quam
832 2815 944 2886 homo
969 2811 1127 2886 delendit
1155 2831 1195 2886 se
1224 2833 1246 2886 a
1277 2812 1426 2908 frigore,
1458 2813 1595 2907 calore,

424 2940 533 3007 vento
560 2941 597 3008 et
621 2934 700 3008 aliis
725 2933 964 3009 incommodis
989 2931 1235 3026 naturalibus3
1253 2942 1291 3008 et
1307 2932 1393 3006 dicit
1413 2939 1595 3027 notanter,

423 3073 490 3126 coo
514 3057 665 3147 iopepno
690 3051 736 3128 dd
759 3061 848 3142 orte,
875 3053 961 3148 quia
986 3052 1063 3128 avis
1089 3073 1162 3126 non
1184 3053 1267 3127 lacit
1284 3052 1350 3126 sibi
1369 3052 1494 3126 nidum
1513 3061 1595 3128 arte

421 3174 479 3247 vel
514 3173 672 3270 ingenio,
707 3174 770 3248 sed
809 3175 929 3248 solum
968 3179 1112 3246 natura.
1152 3173 1256 3247 Unde
1293 3173 1460 3248 videmus
1494 3173 1594 3268 quod

420 3293 578 3368 hirundo
609 3315 756 3388 semper
782 3295 865 3368 iacit
894 3294 1021 3368 nidum
1052 3291 1181 3367 eodem
1217 3293 1337 3387 modo,
1370 3294 1485 3368 etita
1517 3295 1592 3369 iera

420 3435 526 3488 suam
553 3435 766 3509 cavernam,
786 3414 880 3488 sicut
897 3413 1047 3487 bivarus
1072 3433 1220 3506 semper
1244 3412 1330 3487 lacit
1345 3433 1455 3487 snum
1473 3415 1595 3488 dorni·

419 3534 542 3608 cilium
566 3534 696 3608 eodem
725 3533 853 3627 modo;
879 3533 1044 3606 similiter
1060 3531 1138 3627 apis
1155 3532 1281 3606 iarum
1308 3533 1425 3606 mellis
1446 3553 1593 3628 semper

421 3655 668 3749 uniiormiter3
696 3656 807 3729 homo
825 3675 914 3728 vero
940 3653 1025 3727 iacit
1049 3653 1201 3728 domurn
1225 3653 1324 3727 mille
1342 3653 1458 3727 modis
1480 3653 1588 3728 variis

419 3781 457 3848 et
487 3774 758 3850 diversis—E
785 3795 890 3847 come.
926 3774 992 3847 Hic
1024 3779 1133 3846 autor
1162 3773 1342 3868 descripto
1377 3782 1481 3847 motu
1513 3774 1591 3848 illa-

419 3915 503 3968 rum
529 3895 751 3987 animarum,
779 3915 876 3968 nunc
893 3892 1063 3966 describit
1080 3913 1210 3967 earum
1229 3899 1378 3966 cantum
1398 3913 1502 3968 more
1520 3914 1589 3966 suo

418 4035 484 4109 per
502 4015 811 4110 comparationem
834 4015 1012 4108 pulcram,
1030 4032 1114 4106 quae
1131 4018 1202 4085 stat
1223 4013 1259 4084 in
1281 4014 1362 4106 hoc,
1376 4012 1475 4105 qnod
1494 4013 1590 4088 sicut

418 4135 454 4207 in
479 4135 723 4210 instrumento
741 4135 881 4208 mnsico
899 4134 1053 4207 diversae
1071 4132 1218 4207 chordae
1235 4133 1456 4208 coordinatae
1477 4134 1588 4208 simul

416 4255 574 4330 reddunt
599 4255 845 4331 dulcissimam
872 4253 1089 4348 melodiam3
1122 4253 1240 4328 etita
1274 4254 1351 4327 istae
1384 4255 1519 4328 animae
1550 4257 1587 4329 in

416 4376 519 4473 signo
545 4377 664 4450 crucis
690 4375 867 4471 dispositae
893 4395 1023 4450 earmn
1049 4374 1201 4448 diversis
1227 4374 1377 4448 vocibus
1407 4375 1588 4449 iaciebant

414 4497 665 4572 dulcissimum
692 4503 853 4571 cantum.
873 4495 1007 4570 Ordina
1032 4495 1083 4568 sio
1104 4495 1269 4568 literam:
1297 4501 1329 4568 E
1350 4517 1423 4568 una
1440 4499 1586 4588 naetoda

414 4619 517 4712 idest,
543 4617 736 4692 harmonia
761 4619 981 4709 coniuncte
998 4618 1047 4688 mi
1061 4619 1203 4709 ramea,
1229 4616 1332 4710 idest,
1352 4616 1588 4692 abstrahebat

413 4739 579 4813 animum
607 4757 733 4812 meum
760 4736 1000 4812 delectatione
1026 4756 1105 4828 sua,
1130 4755 1239 4810 senza
1262 4739 1420 4810 intender
1451 4739 1473 4809 t’
1486 4741 1584 4829 orno,

413 4859 517 4954 idest,
532 4857 701 4954 quamvis
723 4877 795 4932 non
813 4856 1053 4953 intelligerem
1072 4855 1228 4930 sormam
1246 4863 1388 4951 cantus,
1405 4857 1491 4949 qnia
1513 4877 1587 4930 non

413 4979 664 5055 discernebam
681 4978 806 5072 verba,
819 4979 1030 5069 s’accoptiea
1045 4997 1111 5069 per
1126 4980 1163 5049 lo
1180 4999 1281 5051 crocc
1297 4980 1461 5068 ddlnml,
1481 4976 1583 5070 idest,
