<?xml version="1.0" encoding="UTF-8"?>
<!DOCTYPE html PUBLIC "-//W3C//DTD XHTML 1.0 Transitional//EN"
    "http://www.w3.org/TR/xhtml1/DTD/xhtml1-transitional.dtd">
<html xmlns="http://www.w3.org/1999/xhtml" xml:lang="en" lang="en">
 <head>
  <title>
</title>
<meta http-equiv="Content-Type" content="text/html;charset=utf-8" />
  <meta name='ocr-system' content='tesseract 3.04.00' />
  <meta name='ocr-capabilities' content='ocr_page ocr_carea ocr_par ocr_line ocrx_word'/>
</head>
<body>
  <div class='ocr_page' id='page_1' title='image "./comentumsuperda02benvgoog_0032.png"; bbox 0 0 4842 6642; ppageno 0'>
   <div class='ocr_carea' id='block_1_1' title="bbox 911 816 1702 880">
    <p class='ocr_par' dir='ltr' id='par_1_1' title="bbox 911 816 1702 880">
     <span class='ocr_line' id='line_1_1' title="bbox 911 816 1702 880; baseline -0.003 0"><span class='ocrx_word' id='word_1_1' title='bbox 911 816 958 880; x_wconf 75' lang='lat'><strong>22</strong></span> <span class='ocrx_word' id='word_1_2' title='bbox 1303 825 1511 880; x_wconf 70' lang='lat' dir='ltr'><strong>conmori</strong></span> <span class='ocrx_word' id='word_1_3' title='bbox 1536 825 1702 879; x_wconf 77' lang='lat' dir='ltr'><strong>rausum</strong></span> 
     </span>
    </p>
   </div>
   <div class='ocr_carea' id='block_1_2' title="bbox 907 967 2098 4558">
    <p class='ocr_par' dir='ltr' id='par_1_2' title="bbox 907 967 2098 4558">
     <span class='ocr_line' id='line_1_2' title="bbox 910 967 2087 1067; baseline -0.002 -19"><span class='ocrx_word' id='word_1_4' title='bbox 910 972 1045 1048; x_wconf 90' lang='lat' dir='ltr'><strong>riosam</strong></span> <span class='ocrx_word' id='word_1_5' title='bbox 1061 971 1266 1065; x_wconf 86' lang='lat' dir='ltr'><strong>victoriam,</strong></span> <span class='ocrx_word' id='word_1_6' title='bbox 1280 974 1319 1046; x_wconf 84' lang='lat' dir='ltr'><strong>di</strong></span> <span class='ocrx_word' id='word_1_7' title='bbox 1329 967 1447 1065; x_wconf 67' lang='lat' dir='ltr'><strong>roseo,</strong></span> <span class='ocrx_word' id='word_1_8' title='bbox 1463 970 1613 1065; x_wconf 85' lang='lat' dir='ltr'><strong>quaudo</strong></span> <span class='ocrx_word' id='word_1_9' title='bbox 1630 970 1749 1067; x_wconf 90' lang='lat' dir='ltr'><strong>primo</strong></span> <span class='ocrx_word' id='word_1_10' title='bbox 1770 971 1936 1047; x_wconf 80' lang='lat' dir='ltr'><strong>transivit</strong></span> <span class='ocrx_word' id='word_1_11' title='bbox 1955 970 2087 1046; x_wconf 85' lang='lat' dir='ltr'><strong>Jorda-</strong></span> 
     </span>
     <span class='ocr_line' id='line_1_3' title="bbox 911 1089 2098 1188; baseline 0.001 -22"><span class='ocrx_word' id='word_1_12' title='bbox 911 1113 1002 1166; x_wconf 89' lang='lat' dir='ltr'><strong>uum</strong></span> <span class='ocrx_word' id='word_1_13' title='bbox 1030 1097 1067 1167; x_wconf 90' lang='lat' dir='ltr'><strong>et</strong></span> <span class='ocrx_word' id='word_1_14' title='bbox 1092 1091 1186 1188; x_wconf 89' lang='lat' dir='ltr'><strong>cepit</strong></span> <span class='ocrx_word' id='word_1_15' title='bbox 1211 1090 1366 1166; x_wconf 79' lang='lat' dir='ltr'><strong>iericho.</strong></span> <span class='ocrx_word' id='word_1_16' title='bbox 1393 1091 1447 1166; x_wconf 82' lang='lat' dir='ltr'><strong>lte</strong></span> <span class='ocrx_word' id='word_1_17' title='bbox 1472 1090 1541 1165; x_wconf 87' lang='lat' dir='ltr'><strong>isto</strong></span> <span class='ocrx_word' id='word_1_18' title='bbox 1566 1091 1678 1166; x_wconf 87' lang='lat' dir='ltr'><strong>tosue</strong></span> <span class='ocrx_word' id='word_1_19' title='bbox 1695 1089 1838 1168; x_wconf 86' lang='lat' dir='ltr'><strong>dicetur</strong></span> <span class='ocrx_word' id='word_1_20' title='bbox 1863 1091 1900 1164; x_wconf 90' lang='lat' dir='ltr'><strong>iu</strong></span> <span class='ocrx_word' id='word_1_21' title='bbox 1925 1090 2098 1186; x_wconf 88' lang='lat' dir='ltr'><strong>capitulo</strong></span> 
     </span>
     <span class='ocr_line' id='line_1_4' title="bbox 909 1210 2084 1305; baseline -0.002 -18"><span class='ocrx_word' id='word_1_22' title='bbox 909 1212 1021 1287; x_wconf 85' lang='lat' dir='ltr'><strong>huius</strong></span> <span class='ocrx_word' id='word_1_23' title='bbox 1047 1211 1233 1305; x_wconf 82' lang='lat' dir='ltr'><strong>Paradisi3</strong></span> <span class='ocrx_word' id='word_1_24' title='bbox 1258 1214 1294 1284; x_wconf 82' lang='lat' dir='ltr'><strong>iu</strong></span> <span class='ocrx_word' id='word_1_25' title='bbox 1312 1231 1354 1284; x_wconf 85' lang='lat' dir='ltr'><strong>sn</strong></span> <span class='ocrx_word' id='word_1_26' title='bbox 1373 1213 1411 1284; x_wconf 89' lang='lat' dir='ltr'><strong>to</strong></span> <span class='ocrx_word' id='word_1_27' title='bbox 1432 1216 1543 1284; x_wconf 72' lang='lat' dir='ltr'><strong>Terra</strong></span> <span class='ocrx_word' id='word_1_28' title='bbox 1562 1217 1681 1304; x_wconf 72' lang='lat' dir='ltr'><strong>soom,</strong></span> <span class='ocrx_word' id='word_1_29' title='bbox 1701 1210 1849 1305; x_wconf 83' lang='lat' dir='ltr'><strong>scilicet,</strong></span> <span class='ocrx_word' id='word_1_30' title='bbox 1866 1210 2084 1305; x_wconf 82' lang='lat' dir='ltr'>Jerusalem,</span> 
     </span>
     <span class='ocr_line' id='line_1_5' title="bbox 911 1325 2085 1436; baseline -0.002 -28"><span class='ocrx_word' id='word_1_31' title='bbox 911 1333 972 1408; x_wconf 89' lang='lat' dir='ltr'><strong>uhi</strong></span> <span class='ocrx_word' id='word_1_32' title='bbox 988 1325 1025 1426; x_wconf 78' lang='lat'><strong>(⁴)</strong></span> <span class='ocrx_word' id='word_1_33' title='bbox 1057 1331 1222 1408; x_wconf 85' lang='lat' dir='ltr'><strong>Christus</strong></span> <span class='ocrx_word' id='word_1_34' title='bbox 1252 1339 1402 1427; x_wconf 90' lang='lat' dir='ltr'><strong>propter</strong></span> <span class='ocrx_word' id='word_1_35' title='bbox 1435 1331 1734 1436; x_wconf 78' lang='lat' dir='ltr'><strong>redemptionem¹</strong></span> <span class='ocrx_word' id='word_1_36' title='bbox 1757 1332 1909 1406; x_wconf 87' lang='lat' dir='ltr'><strong>humaui</strong></span> <span class='ocrx_word' id='word_1_37' title='bbox 1938 1333 2085 1428; x_wconf 80' lang='lat' dir='ltr'><strong>generis</strong></span> 
     </span>
     <span class='ocr_line' id='line_1_6' title="bbox 910 1445 2085 1548; baseline -0.003 -19"><span class='ocrx_word' id='word_1_38' title='bbox 910 1454 1000 1529; x_wconf 92' lang='lat' dir='ltr'><strong>fudit</strong></span> <span class='ocrx_word' id='word_1_39' title='bbox 1010 1445 1047 1548; x_wconf 76' lang='lat'><strong>(²)</strong></span> <span class='ocrx_word' id='word_1_40' title='bbox 1059 1474 1170 1527; x_wconf 91' lang='lat' dir='ltr'><strong>suum</strong></span> <span class='ocrx_word' id='word_1_41' title='bbox 1184 1452 1415 1548; x_wconf 83' lang='lat' dir='ltr'><strong>sanguinem,</strong></span> <span class='ocrx_word' id='word_1_42' title='bbox 1428 1457 1467 1526; x_wconf 96' lang='lat' dir='ltr'><strong>et</strong></span> <span class='ocrx_word' id='word_1_43' title='bbox 1479 1450 1651 1525; x_wconf 90' lang='lat' dir='ltr'><strong>sustinuit</strong></span> <span class='ocrx_word' id='word_1_44' title='bbox 1663 1458 1822 1527; x_wconf 89' lang='lat' dir='ltr'><strong>mortem</strong></span> <span class='ocrx_word' id='word_1_45' title='bbox 1835 1453 2085 1547; x_wconf 81' lang='lat' dir='ltr'><strong>corporatem3</strong></span> 
     </span>
     <span class='ocr_line' id='line_1_7' title="bbox 910 1571 2085 1670; baseline -0.002 -20"><span class='ocrx_word' id='word_1_46' title='bbox 910 1573 1009 1670; x_wconf 86' lang='lat' dir='ltr'><strong>quod</strong></span> <span class='ocrx_word' id='word_1_47' title='bbox 1035 1573 1221 1648; x_wconf 88' lang='lat' dir='ltr'><strong>modicum</strong></span> <span class='ocrx_word' id='word_1_48' title='bbox 1248 1571 1364 1668; x_wconf 84' lang='lat' dir='ltr'><strong>tangit</strong></span> <span class='ocrx_word' id='word_1_49' title='bbox 1389 1571 1608 1646; x_wconf 79' lang='lat' dir='ltr'><strong>memoriam</strong></span> <span class='ocrx_word' id='word_1_50' title='bbox 1634 1591 1756 1666; x_wconf 77' lang='lat' dir='ltr'><strong>papae3</strong></span> <span class='ocrx_word' id='word_1_51' title='bbox 1783 1571 1882 1648; x_wconf 88' lang='lat' dir='ltr'><strong>uude</strong></span> <span class='ocrx_word' id='word_1_52' title='bbox 1905 1593 1972 1668; x_wconf 87' lang='lat' dir='ltr'><strong>per</strong></span> <span class='ocrx_word' id='word_1_53' title='bbox 2002 1593 2085 1648; x_wconf 92' lang='lat' dir='ltr'><strong>mo-</strong></span> 
     </span>
     <span class='ocr_line' id='line_1_8' title="bbox 907 1692 2086 1790; baseline -0.001 -21"><span class='ocrx_word' id='word_1_54' title='bbox 907 1695 997 1770; x_wconf 92' lang='lat' dir='ltr'><strong>dum</strong></span> <span class='ocrx_word' id='word_1_55' title='bbox 1034 1693 1266 1790; x_wconf 82' lang='lat' dir='ltr'><strong>digressionis</strong></span> <span class='ocrx_word' id='word_1_56' title='bbox 1296 1692 1403 1767; x_wconf 89' lang='lat' dir='ltr'><strong>dicit:</strong></span> <span class='ocrx_word' id='word_1_57' title='bbox 1433 1694 1494 1764; x_wconf 82' lang='lat' dir='ltr'><strong>cte</strong></span> <span class='ocrx_word' id='word_1_58' title='bbox 1520 1712 1614 1784; x_wconf 87' lang='lat' dir='ltr'><strong>poco</strong></span> <span class='ocrx_word' id='word_1_59' title='bbox 1649 1698 1748 1766; x_wconf 86' lang='lat' dir='ltr'><strong>toccu</strong></span> <span class='ocrx_word' id='word_1_60' title='bbox 1776 1695 1812 1766; x_wconf 87' lang='lat' dir='ltr'><strong>to</strong></span> <span class='ocrx_word' id='word_1_61' title='bbox 1844 1697 2015 1768; x_wconf 63' lang='lat' dir='ltr'><strong>memoria</strong></span> <span class='ocrx_word' id='word_1_62' title='bbox 2047 1698 2086 1768; x_wconf 90' lang='lat' dir='ltr'><strong>ot</strong></span> 
     </span>
     <span class='ocr_line' id='line_1_9' title="bbox 907 1812 2086 1912; baseline 0.002 -24"><span class='ocrx_word' id='word_1_63' title='bbox 907 1835 1018 1908; x_wconf 86' lang='lat' dir='ltr'><strong>popo,</strong></span> <span class='ocrx_word' id='word_1_64' title='bbox 1032 1815 1180 1908; x_wconf 87' lang='lat' dir='ltr'><strong>seilicet,</strong></span> <span class='ocrx_word' id='word_1_65' title='bbox 1195 1812 1382 1908; x_wconf 88' lang='lat' dir='ltr'><strong>Bonifacii,</strong></span> <span class='ocrx_word' id='word_1_66' title='bbox 1396 1813 1459 1908; x_wconf 86' lang='lat' dir='ltr'><strong>qui</strong></span> <span class='ocrx_word' id='word_1_67' title='bbox 1477 1819 1567 1888; x_wconf 91' lang='lat' dir='ltr'><strong>tuuc</strong></span> <span class='ocrx_word' id='word_1_68' title='bbox 1583 1813 1734 1888; x_wconf 88' lang='lat' dir='ltr'><strong>sedehat</strong></span> <span class='ocrx_word' id='word_1_69' title='bbox 1749 1821 1787 1890; x_wconf 88' lang='lat' dir='ltr'><strong>et</strong></span> <span class='ocrx_word' id='word_1_70' title='bbox 1803 1814 1957 1890; x_wconf 89' lang='lat' dir='ltr'><strong>faciebat</strong></span> <span class='ocrx_word' id='word_1_71' title='bbox 1972 1817 2086 1912; x_wconf 74' lang='lat' dir='ltr'><strong>guer-</strong></span> 
     </span>
     <span class='ocr_line' id='line_1_10' title="bbox 910 1934 2083 2029; baseline 0.002 -21"><span class='ocrx_word' id='word_1_72' title='bbox 910 1955 990 2010; x_wconf 90' lang='lat' dir='ltr'><strong>ram</strong></span> <span class='ocrx_word' id='word_1_73' title='bbox 1008 1955 1096 2010; x_wconf 93' lang='lat' dir='ltr'><strong>cum</strong></span> <span class='ocrx_word' id='word_1_74' title='bbox 1114 1935 1330 2029; x_wconf 84' lang='lat' dir='ltr'><strong>christianis,</strong></span> <span class='ocrx_word' id='word_1_75' title='bbox 1350 1955 1423 2008; x_wconf 92' lang='lat' dir='ltr'><strong>uon</strong></span> <span class='ocrx_word' id='word_1_76' title='bbox 1439 1956 1527 2008; x_wconf 92' lang='lat' dir='ltr'><strong>cum</strong></span> <span class='ocrx_word' id='word_1_77' title='bbox 1548 1934 1745 2028; x_wconf 86' lang='lat' dir='ltr'><strong>saracenis,</strong></span> <span class='ocrx_word' id='word_1_78' title='bbox 1763 1943 1805 2008; x_wconf 91' lang='lat' dir='ltr'><strong>ut</strong></span> <span class='ocrx_word' id='word_1_79' title='bbox 1821 1937 1928 2029; x_wconf 90' lang='lat' dir='ltr'><strong>piene</strong></span> <span class='ocrx_word' id='word_1_80' title='bbox 1942 1937 2083 2012; x_wconf 90' lang='lat' dir='ltr'><strong>dictum</strong></span> 
     </span>
     <span class='ocr_line' id='line_1_11' title="bbox 909 2054 2082 2150; baseline 0 -19"><span class='ocrx_word' id='word_1_81' title='bbox 909 2061 964 2131; x_wconf 91' lang='lat' dir='ltr'><strong>est</strong></span> <span class='ocrx_word' id='word_1_82' title='bbox 977 2055 1108 2130; x_wconf 87' lang='lat' dir='ltr'><strong>inferni</strong></span> <span class='ocrx_word' id='word_1_83' title='bbox 1123 2055 1281 2150; x_wconf 85' lang='lat' dir='ltr'><strong>capituto</strong></span> <span class='ocrx_word' id='word_1_84' title='bbox 1295 2055 1396 2148; x_wconf 77' lang='lat' dir='ltr'>x1x3</span> <span class='ocrx_word' id='word_1_85' title='bbox 1413 2060 1451 2129; x_wconf 92' lang='lat' dir='ltr'><strong>et</strong></span> <span class='ocrx_word' id='word_1_86' title='bbox 1468 2061 1592 2129; x_wconf 91' lang='lat' dir='ltr'><strong>tamen</strong></span> <span class='ocrx_word' id='word_1_87' title='bbox 1604 2054 1790 2130; x_wconf 79' lang='lat' dir='ltr'><strong>debuisset</strong></span> <span class='ocrx_word' id='word_1_88' title='bbox 1806 2055 1929 2132; x_wconf 89' lang='lat' dir='ltr'><strong>facere</strong></span> <span class='ocrx_word' id='word_1_89' title='bbox 1945 2057 2082 2132; x_wconf 89' lang='lat' dir='ltr'><strong>betium</strong></span> 
     </span>
     <span class='ocr_line' id='line_1_12' title="bbox 909 2174 2084 2271; baseline 0.003 -20"><span class='ocrx_word' id='word_1_90' title='bbox 909 2196 997 2251; x_wconf 91' lang='lat' dir='ltr'><strong>cum</strong></span> <span class='ocrx_word' id='word_1_91' title='bbox 1023 2177 1220 2271; x_wconf 88' lang='lat' dir='ltr'><strong>saracenis,</strong></span> <span class='ocrx_word' id='word_1_92' title='bbox 1240 2176 1328 2271; x_wconf 86' lang='lat' dir='ltr'><strong>quia</strong></span> <span class='ocrx_word' id='word_1_93' title='bbox 1354 2175 1515 2250; x_wconf 87' lang='lat' dir='ltr'><strong>habebat</strong></span> <span class='ocrx_word' id='word_1_94' title='bbox 1544 2181 1632 2249; x_wconf 92' lang='lat' dir='ltr'><strong>tuuc</strong></span> <span class='ocrx_word' id='word_1_95' title='bbox 1665 2174 1870 2250; x_wconf 88' lang='lat' dir='ltr'><strong>materiam.</strong></span> <span class='ocrx_word' id='word_1_96' title='bbox 1885 2181 1998 2251; x_wconf 86' lang='lat' dir='ltr'><strong>-Lo</strong></span> <span class='ocrx_word' id='word_1_97' title='bbox 2023 2186 2084 2254; x_wconf 78' lang='lat' dir='ltr'><strong>na</strong></span> 
     </span>
     <span class='ocr_line' id='line_1_13' title="bbox 909 2287 2080 2391; baseline 0.003 -21"><span class='ocrx_word' id='word_1_98' title='bbox 909 2287 1000 2370; x_wconf 78' lang='lat' dir='ltr'><strong>cited</strong></span> <span class='ocrx_word' id='word_1_99' title='bbox 1027 2297 1092 2370; x_wconf 87' lang='lat' dir='ltr'><strong>Hic</strong></span> <span class='ocrx_word' id='word_1_100' title='bbox 1117 2295 1261 2371; x_wconf 86' lang='lat' dir='ltr'><strong>Cunitia</strong></span> <span class='ocrx_word' id='word_1_101' title='bbox 1287 2295 1371 2371; x_wconf 88' lang='lat' dir='ltr'><strong>facit</strong></span> <span class='ocrx_word' id='word_1_102' title='bbox 1404 2316 1515 2369; x_wconf 89' lang='lat' dir='ltr'><strong>uuam</strong></span> <span class='ocrx_word' id='word_1_103' title='bbox 1545 2293 1800 2390; x_wconf 89' lang='lat' dir='ltr'><strong>antiphoram;</strong></span> <span class='ocrx_word' id='word_1_104' title='bbox 1832 2304 1953 2391; x_wconf 90' lang='lat' dir='ltr'><strong>posset</strong></span> <span class='ocrx_word' id='word_1_105' title='bbox 1981 2298 2080 2373; x_wconf 89' lang='lat' dir='ltr'><strong>euim</strong></span> 
     </span>
     <span class='ocr_line' id='line_1_14' title="bbox 910 2415 2084 2513; baseline 0.002 -22"><span class='ocrx_word' id='word_1_106' title='bbox 910 2417 992 2512; x_wconf 87' lang='lat' dir='ltr'><strong>quis</strong></span> <span class='ocrx_word' id='word_1_107' title='bbox 1018 2424 1167 2513; x_wconf 88' lang='lat' dir='ltr'><strong>petere:</strong></span> <span class='ocrx_word' id='word_1_108' title='bbox 1196 2417 1295 2492; x_wconf 85' lang='lat' dir='ltr'><strong>unde</strong></span> <span class='ocrx_word' id='word_1_109' title='bbox 1319 2415 1498 2510; x_wconf 83' lang='lat' dir='ltr'><strong>estquod</strong></span> <span class='ocrx_word' id='word_1_110' title='bbox 1524 2416 1705 2490; x_wconf 91' lang='lat' dir='ltr'><strong>memoria</strong></span> <span class='ocrx_word' id='word_1_111' title='bbox 1731 2423 1842 2492; x_wconf 81' lang='lat' dir='ltr'><strong>terrm</strong></span> <span class='ocrx_word' id='word_1_112' title='bbox 1858 2423 1994 2494; x_wconf 82' lang='lat' dir='ltr'><strong>sanctae</strong></span> <span class='ocrx_word' id='word_1_113' title='bbox 2012 2439 2084 2494; x_wconf 91' lang='lat' dir='ltr'><strong>nou</strong></span> 
     </span>
     <span class='ocr_line' id='line_1_15' title="bbox 912 2535 2085 2635; baseline 0 -23"><span class='ocrx_word' id='word_1_114' title='bbox 912 2537 1028 2633; x_wconf 84' lang='lat' dir='ltr'><strong>tangit</strong></span> <span class='ocrx_word' id='word_1_115' title='bbox 1054 2541 1213 2632; x_wconf 79' lang='lat' dir='ltr'><strong>papam?</strong></span> <span class='ocrx_word' id='word_1_116' title='bbox 1238 2537 1452 2632; x_wconf 85' lang='lat' dir='ltr'><strong>respondet:</strong></span> <span class='ocrx_word' id='word_1_117' title='bbox 1479 2535 1567 2631; x_wconf 87' lang='lat' dir='ltr'><strong>quia</strong></span> <span class='ocrx_word' id='word_1_118' title='bbox 1592 2556 1683 2610; x_wconf 89' lang='lat' dir='ltr'><strong>cura</strong></span> <span class='ocrx_word' id='word_1_119' title='bbox 1716 2536 1881 2612; x_wconf 85' lang='lat' dir='ltr'><strong>simouiae</strong></span> <span class='ocrx_word' id='word_1_120' title='bbox 1911 2544 1949 2612; x_wconf 89' lang='lat' dir='ltr'><strong>et</strong></span> <span class='ocrx_word' id='word_1_121' title='bbox 1981 2539 2085 2635; x_wconf 91' lang='lat' dir='ltr'><strong>cupi-</strong></span> 
     </span>
     <span class='ocr_line' id='line_1_16' title="bbox 911 2655 2084 2752; baseline 0.003 -22"><span class='ocrx_word' id='word_1_122' title='bbox 911 2657 1003 2731; x_wconf 89' lang='lat' dir='ltr'><strong>ditas</strong></span> <span class='ocrx_word' id='word_1_123' title='bbox 1027 2657 1241 2731; x_wconf 88' lang='lat' dir='ltr'><strong>cumulandi</strong></span> <span class='ocrx_word' id='word_1_124' title='bbox 1266 2657 1461 2752; x_wconf 90' lang='lat' dir='ltr'><strong>pecuniam</strong></span> <span class='ocrx_word' id='word_1_125' title='bbox 1487 2656 1609 2732; x_wconf 78' lang='lat' dir='ltr'><strong>aufert</strong></span> <span class='ocrx_word' id='word_1_126' title='bbox 1633 2655 1701 2731; x_wconf 90' lang='lat' dir='ltr'><strong>sibi</strong></span> <span class='ocrx_word' id='word_1_127' title='bbox 1720 2657 1939 2732; x_wconf 88' lang='lat' dir='ltr'><strong>memoriam</strong></span> <span class='ocrx_word' id='word_1_128' title='bbox 1959 2679 2084 2735; x_wconf 87' lang='lat' dir='ltr'><strong>recor·</strong></span> 
     </span>
     <span class='ocr_line' id='line_1_17' title="bbox 909 2767 2084 2873; baseline 0.002 -21"><span class='ocrx_word' id='word_1_129' title='bbox 909 2777 1016 2852; x_wconf 91' lang='lat' dir='ltr'><strong>dandi</strong></span> <span class='ocrx_word' id='word_1_130' title='bbox 1031 2777 1130 2871; x_wconf 87' lang='lat' dir='ltr'><strong>quod</strong></span> <span class='ocrx_word' id='word_1_131' title='bbox 1147 2777 1207 2850; x_wconf 87' lang='lat' dir='ltr'><strong>iffa</strong></span> <span class='ocrx_word' id='word_1_132' title='bbox 1226 2783 1326 2852; x_wconf 87' lang='lat' dir='ltr'><strong>terra</strong></span> <span class='ocrx_word' id='word_1_133' title='bbox 1344 2777 1412 2850; x_wconf 90' lang='lat' dir='ltr'><strong>fuit</strong></span> <span class='ocrx_word' id='word_1_134' title='bbox 1428 2782 1641 2852; x_wconf 88' lang='lat' dir='ltr'><strong>consecrata</strong></span> <span class='ocrx_word' id='word_1_135' title='bbox 1653 2767 1702 2870; x_wconf 55' lang='grc' dir='ltr'>(θ),</span> <span class='ocrx_word' id='word_1_136' title='bbox 1713 2783 1751 2852; x_wconf 91' lang='lat' dir='ltr'><strong>et</strong></span> <span class='ocrx_word' id='word_1_137' title='bbox 1767 2777 1867 2872; x_wconf 85' lang='lat' dir='ltr'><strong>quod</strong></span> <span class='ocrx_word' id='word_1_138' title='bbox 1885 2778 1953 2852; x_wconf 92' lang='lat' dir='ltr'><strong>fuit</strong></span> <span class='ocrx_word' id='word_1_139' title='bbox 1966 2779 2084 2873; x_wconf 87' lang='lat' dir='ltr'><strong>prima</strong></span> 
     </span>
     <span class='ocr_line' id='line_1_18' title="bbox 910 2885 2085 2994; baseline 0.003 -22"><span class='ocrx_word' id='word_1_140' title='bbox 910 2897 1015 2973; x_wconf 89' lang='lat' dir='ltr'><strong>sedes</strong></span> <span class='ocrx_word' id='word_1_141' title='bbox 1029 2885 1066 2990; x_wconf 72' lang='lat'><strong>(⁴)</strong></span> <span class='ocrx_word' id='word_1_142' title='bbox 1093 2897 1224 2971; x_wconf 84' lang='lat' dir='ltr'><strong>Christi</strong></span> <span class='ocrx_word' id='word_1_143' title='bbox 1251 2902 1288 2972; x_wconf 87' lang='lat' dir='ltr'><strong>ct</strong></span> <span class='ocrx_word' id='word_1_144' title='bbox 1312 2897 1449 2972; x_wconf 90' lang='lat' dir='ltr'><strong>summi</strong></span> <span class='ocrx_word' id='word_1_145' title='bbox 1475 2895 1664 2992; x_wconf 87' lang='lat' dir='ltr'><strong>pontificis,</strong></span> <span class='ocrx_word' id='word_1_146' title='bbox 1689 2897 1796 2972; x_wconf 87' lang='lat' dir='ltr'><strong>cuius</strong></span> <span class='ocrx_word' id='word_1_147' title='bbox 1821 2897 1897 2992; x_wconf 86' lang='lat' dir='ltr'><strong>ipse</strong></span> <span class='ocrx_word' id='word_1_148' title='bbox 1917 2919 2009 2994; x_wconf 82' lang='lat' dir='ltr'><strong>papa</strong></span> <span class='ocrx_word' id='word_1_149' title='bbox 2029 2906 2085 2975; x_wconf 80' lang='lat' dir='ltr'><strong>est</strong></span> 
     </span>
     <span class='ocr_line' id='line_1_19' title="bbox 910 3017 2085 3113; baseline 0.003 -21"><span class='ocrx_word' id='word_1_150' title='bbox 910 3018 1090 3113; x_wconf 81' lang='lat' dir='ltr'><strong>vicarius3</strong></span> <span class='ocrx_word' id='word_1_151' title='bbox 1115 3018 1226 3092; x_wconf 80' lang='lat' dir='ltr'><strong>hrrius</strong></span> <span class='ocrx_word' id='word_1_152' title='bbox 1252 3024 1377 3094; x_wconf 91' lang='lat' dir='ltr'><strong>autem</strong></span> <span class='ocrx_word' id='word_1_153' title='bbox 1396 3017 1600 3113; x_wconf 83' lang='lat' dir='ltr'><strong>cupiditatis</strong></span> <span class='ocrx_word' id='word_1_154' title='bbox 1621 3038 1771 3093; x_wconf 80' lang='lat' dir='ltr'><strong>causam</strong></span> <span class='ocrx_word' id='word_1_155' title='bbox 1791 3017 1878 3093; x_wconf 87' lang='lat' dir='ltr'><strong>dicit</strong></span> <span class='ocrx_word' id='word_1_156' title='bbox 1900 3040 1982 3094; x_wconf 89' lang='lat' dir='ltr'><strong>esse</strong></span> <span class='ocrx_word' id='word_1_157' title='bbox 2001 3021 2085 3096; x_wconf 87' lang='lat' dir='ltr'><strong>Fto-</strong></span> 
     </span>
     <span class='ocr_line' id='line_1_20' title="bbox 913 3137 2083 3237; baseline 0.003 -25"><span class='ocrx_word' id='word_1_158' title='bbox 913 3139 1084 3233; x_wconf 88' lang='lat' dir='ltr'><strong>rentiam,</strong></span> <span class='ocrx_word' id='word_1_159' title='bbox 1109 3138 1208 3214; x_wconf 90' lang='lat' dir='ltr'><strong>unde</strong></span> <span class='ocrx_word' id='word_1_160' title='bbox 1230 3144 1355 3213; x_wconf 90' lang='lat' dir='ltr'><strong>manat</strong></span> <span class='ocrx_word' id='word_1_161' title='bbox 1371 3159 1498 3212; x_wconf 92' lang='lat' dir='ltr'><strong>semen</strong></span> <span class='ocrx_word' id='word_1_162' title='bbox 1515 3138 1690 3212; x_wconf 76' lang='lat' dir='ltr'><strong>avaritiae.</strong></span> <span class='ocrx_word' id='word_1_163' title='bbox 1712 3137 1805 3214; x_wconf 88' lang='lat' dir='ltr'><strong>Dicit</strong></span> <span class='ocrx_word' id='word_1_164' title='bbox 1829 3160 1920 3237; x_wconf 80' lang='lat' dir='ltr'><strong>ergo</strong></span> <span class='ocrx_word' id='word_1_165' title='bbox 1940 3140 2083 3216; x_wconf 83' lang='lat' dir='ltr'><strong>Cuuitia</strong></span> 
     </span>
     <span class='ocr_line' id='line_1_21' title="bbox 909 3249 2088 3354; baseline 0.003 -21"><span class='ocrx_word' id='word_1_166' title='bbox 909 3259 1036 3335; x_wconf 90' lang='lat' dir='ltr'><strong>Danti:</strong></span> <span class='ocrx_word' id='word_1_167' title='bbox 1063 3263 1116 3332; x_wconf 88' lang='lat' dir='ltr'><strong>La</strong></span> <span class='ocrx_word' id='word_1_168' title='bbox 1140 3266 1199 3332; x_wconf 84' lang='lat' dir='ltr'><strong>too</strong></span> <span class='ocrx_word' id='word_1_169' title='bbox 1224 3249 1318 3354; x_wconf 83' lang='lat' dir='ltr'><strong>etttd,</strong></span> <span class='ocrx_word' id='word_1_170' title='bbox 1356 3259 1504 3352; x_wconf 84' lang='lat' dir='ltr'><strong>seilicet,</strong></span> <span class='ocrx_word' id='word_1_171' title='bbox 1530 3258 1724 3354; x_wconf 79' lang='lat' dir='ltr'><strong>florentia,</strong></span> <span class='ocrx_word' id='word_1_172' title='bbox 1753 3262 1814 3333; x_wconf 83' lang='lat' dir='ltr'><strong>cte</strong></span> <span class='ocrx_word' id='word_1_173' title='bbox 1846 3257 1868 3334; x_wconf 71' lang='lat' dir='ltr'><strong>e*</strong></span> <span class='ocrx_word' id='word_1_174' title='bbox 1891 3263 2017 3354; x_wconf 75' lang='lat' dir='ltr'><strong>ptumo</strong></span> <span class='ocrx_word' id='word_1_175' title='bbox 2049 3264 2088 3337; x_wconf 86' lang='lat' dir='ltr'><strong>dt</strong></span> 
     </span>
     <span class='ocr_line' id='line_1_22' title="bbox 910 3378 2096 3476; baseline 0.001 -20"><span class='ocrx_word' id='word_1_176' title='bbox 910 3384 1013 3475; x_wconf 80' lang='lat' dir='ltr'><strong>colui,</strong></span> <span class='ocrx_word' id='word_1_177' title='bbox 1041 3381 1143 3474; x_wconf 88' lang='lat' dir='ltr'><strong>idest,</strong></span> <span class='ocrx_word' id='word_1_178' title='bbox 1169 3380 1292 3475; x_wconf 86' lang='lat' dir='ltr'><strong>planta</strong></span> <span class='ocrx_word' id='word_1_179' title='bbox 1318 3378 1462 3474; x_wconf 87' lang='lat' dir='ltr'><strong>diaboii,</strong></span> <span class='ocrx_word' id='word_1_180' title='bbox 1487 3382 1548 3455; x_wconf 84' lang='lat' dir='ltr'><strong>cte</strong></span> <span class='ocrx_word' id='word_1_181' title='bbox 1567 3383 1653 3473; x_wconf 71' lang='lat' dir='ltr'><strong>pria</strong></span> <span class='ocrx_word' id='word_1_182' title='bbox 1677 3383 1771 3454; x_wconf 79' lang='lat' dir='ltr'><strong>ootse</strong></span> <span class='ocrx_word' id='word_1_183' title='bbox 1787 3384 1819 3455; x_wconf 88' lang='lat' dir='ltr'><strong>te</strong></span> <span class='ocrx_word' id='word_1_184' title='bbox 1834 3385 1945 3476; x_wconf 79' lang='lat' dir='ltr'><strong>spatie</strong></span> <span class='ocrx_word' id='word_1_185' title='bbox 1965 3386 2005 3457; x_wconf 86' lang='lat' dir='ltr'><strong>ot</strong></span> <span class='ocrx_word' id='word_1_186' title='bbox 2020 3403 2096 3456; x_wconf 79' lang='lat' dir='ltr'><strong>suo·</strong></span> 
     </span>
     <span class='ocr_line' id='line_1_23' title="bbox 909 3491 2086 3593; baseline -0.001 -17"><span class='ocrx_word' id='word_1_187' title='bbox 909 3506 1065 3592; x_wconf 82' lang='lat' dir='ltr'><strong>Futtore,</strong></span> <span class='ocrx_word' id='word_1_188' title='bbox 1075 3500 1177 3593; x_wconf 85' lang='lat' dir='ltr'><strong>idest,</strong></span> <span class='ocrx_word' id='word_1_189' title='bbox 1187 3499 1252 3593; x_wconf 88' lang='lat' dir='ltr'><strong>qui</strong></span> <span class='ocrx_word' id='word_1_190' title='bbox 1262 3491 1298 3592; x_wconf 76' lang='lat'><strong>(⁸)</strong></span> <span class='ocrx_word' id='word_1_191' title='bbox 1312 3499 1458 3574; x_wconf 79' lang='lat' dir='ltr'><strong>Lucifer</strong></span> <span class='ocrx_word' id='word_1_192' title='bbox 1470 3507 1558 3576; x_wconf 88' lang='lat' dir='ltr'><strong>ante</strong></span> <span class='ocrx_word' id='word_1_193' title='bbox 1574 3521 1723 3575; x_wconf 91' lang='lat' dir='ltr'><strong>omnem</strong></span> <span class='ocrx_word' id='word_1_194' title='bbox 1737 3508 1948 3578; x_wconf 88' lang='lat' dir='ltr'><strong>creaturam</strong></span> <span class='ocrx_word' id='word_1_195' title='bbox 1967 3504 2086 3579; x_wconf 88' lang='lat' dir='ltr'><strong>factus</strong></span> 
     </span>
     <span class='ocr_line' id='line_1_24' title="bbox 910 3619 2085 3715; baseline -0.003 -16"><span class='ocrx_word' id='word_1_196' title='bbox 910 3629 966 3699; x_wconf 90' lang='lat' dir='ltr'><strong>est</strong></span> <span class='ocrx_word' id='word_1_197' title='bbox 991 3621 1135 3697; x_wconf 84' lang='lat' dir='ltr'><strong>rebellis</strong></span> <span class='ocrx_word' id='word_1_198' title='bbox 1159 3621 1237 3695; x_wconf 90' lang='lat' dir='ltr'><strong>Deo</strong></span> <span class='ocrx_word' id='word_1_199' title='bbox 1267 3619 1424 3695; x_wconf 88' lang='lat' dir='ltr'><strong>creatori</strong></span> <span class='ocrx_word' id='word_1_200' title='bbox 1451 3641 1532 3715; x_wconf 84' lang='lat' dir='ltr'><strong>suo,</strong></span> <span class='ocrx_word' id='word_1_201' title='bbox 1557 3643 1577 3695; x_wconf 86' lang='lat' dir='ltr'><em>e</em></span> <span class='ocrx_word' id='word_1_202' title='bbox 1600 3625 1770 3697; x_wconf 81' lang='lat' dir='ltr'><strong>finoidio</strong></span> <span class='ocrx_word' id='word_1_203' title='bbox 1794 3626 1833 3696; x_wconf 87' lang='lat' dir='ltr'><strong>di</strong></span> <span class='ocrx_word' id='word_1_204' title='bbox 1855 3627 1912 3698; x_wconf 81' lang='lat' dir='ltr'><strong>cci</strong></span> <span class='ocrx_word' id='word_1_205' title='bbox 1939 3621 1960 3698; x_wconf 79' lang='lat' dir='ltr'><strong>e&#39;</strong></span> <span class='ocrx_word' id='word_1_206' title='bbox 1988 3630 2085 3698; x_wconf 74' lang='lat' dir='ltr'><strong>mato</strong></span> 
     </span>
     <span class='ocr_line' id='line_1_25' title="bbox 907 3732 2085 3840; baseline 0.003 -25"><span class='ocrx_word' id='word_1_207' title='bbox 907 3748 1046 3838; x_wconf 76' lang='lat' dir='ltr'><strong>piorem,</strong></span> <span class='ocrx_word' id='word_1_208' title='bbox 1072 3741 1175 3836; x_wconf 81' lang='lat' dir='ltr'><strong>idest,</strong></span> <span class='ocrx_word' id='word_1_209' title='bbox 1201 3747 1239 3815; x_wconf 90' lang='lat' dir='ltr'><strong>et</strong></span> <span class='ocrx_word' id='word_1_210' title='bbox 1263 3741 1368 3815; x_wconf 88' lang='lat' dir='ltr'><strong>cuius</strong></span> <span class='ocrx_word' id='word_1_211' title='bbox 1384 3741 1542 3816; x_wconf 82' lang='lat' dir='ltr'><strong>Luciferi</strong></span> <span class='ocrx_word' id='word_1_212' title='bbox 1559 3741 1693 3817; x_wconf 88' lang='lat' dir='ltr'><strong>invidia</strong></span> <span class='ocrx_word' id='word_1_213' title='bbox 1710 3750 1854 3818; x_wconf 90' lang='lat' dir='ltr'><strong>tautum</strong></span> <span class='ocrx_word' id='word_1_214' title='bbox 1871 3732 2085 3840; x_wconf 77' lang='lat' dir='ltr'><strong>deploratur</strong></span> 
     </span>
     <span class='ocr_line' id='line_1_26' title="bbox 910 3860 2083 3955; baseline 0 -16"><span class='ocrx_word' id='word_1_215' title='bbox 910 3865 957 3939; x_wconf 91' lang='lat' dir='ltr'><strong>ab</strong></span> <span class='ocrx_word' id='word_1_216' title='bbox 975 3862 1195 3954; x_wconf 89' lang='lat' dir='ltr'><strong>homiuibus,</strong></span> <span class='ocrx_word' id='word_1_217' title='bbox 1216 3860 1304 3955; x_wconf 86' lang='lat' dir='ltr'><strong>quia</strong></span> <span class='ocrx_word' id='word_1_218' title='bbox 1320 3860 1486 3936; x_wconf 87' lang='lat' dir='ltr'><strong>diabotus</strong></span> <span class='ocrx_word' id='word_1_219' title='bbox 1503 3861 1636 3938; x_wconf 84' lang='lat' dir='ltr'><strong>invidia</strong></span> <span class='ocrx_word' id='word_1_220' title='bbox 1658 3870 1782 3938; x_wconf 91' lang='lat' dir='ltr'><strong>motus</strong></span> <span class='ocrx_word' id='word_1_221' title='bbox 1798 3864 1881 3939; x_wconf 90' lang='lat' dir='ltr'><strong>fecit</strong></span> <span class='ocrx_word' id='word_1_222' title='bbox 1897 3864 2083 3942; x_wconf 86' lang='lat' dir='ltr'><strong>homiuem</strong></span> 
     </span>
     <span class='ocr_line' id='line_1_27' title="bbox 908 3981 2085 4078; baseline -0.001 -20"><span class='ocrx_word' id='word_1_223' title='bbox 908 3983 1043 4058; x_wconf 86' lang='lat' dir='ltr'><strong>cadere</strong></span> <span class='ocrx_word' id='word_1_224' title='bbox 1069 3982 1106 4056; x_wconf 92' lang='lat' dir='ltr'><strong>in</strong></span> <span class='ocrx_word' id='word_1_225' title='bbox 1132 3988 1347 4078; x_wconf 80' lang='lat' dir='ltr'><strong>peccatum3</strong></span> <span class='ocrx_word' id='word_1_226' title='bbox 1373 4001 1420 4056; x_wconf 87' lang='lat' dir='ltr'><strong>ex</strong></span> <span class='ocrx_word' id='word_1_227' title='bbox 1446 4002 1521 4076; x_wconf 87' lang='lat' dir='ltr'><strong>quo</strong></span> <span class='ocrx_word' id='word_1_228' title='bbox 1553 3981 1676 4078; x_wconf 87' lang='lat' dir='ltr'><strong>lapsus</strong></span> <span class='ocrx_word' id='word_1_229' title='bbox 1700 3990 1756 4058; x_wconf 77' lang='lat' dir='ltr'><strong>est</strong></span> <span class='ocrx_word' id='word_1_230' title='bbox 1781 3983 1818 4057; x_wconf 90' lang='lat' dir='ltr'><strong>in</strong></span> <span class='ocrx_word' id='word_1_231' title='bbox 1843 3991 1983 4059; x_wconf 88' lang='lat' dir='ltr'><strong>tantam</strong></span> <span class='ocrx_word' id='word_1_232' title='bbox 2016 3985 2085 4060; x_wconf 93' lang='lat' dir='ltr'><strong>mi-</strong></span> 
     </span>
     <span class='ocr_line' id='line_1_28' title="bbox 908 4101 2085 4198; baseline -0.001 -20"><span class='ocrx_word' id='word_1_233' title='bbox 908 4103 1055 4180; x_wconf 85' lang='lat' dir='ltr'><strong>seriam</strong></span> <span class='ocrx_word' id='word_1_234' title='bbox 1070 4101 1171 4196; x_wconf 85' lang='lat' dir='ltr'><strong>quod</strong></span> <span class='ocrx_word' id='word_1_235' title='bbox 1197 4121 1345 4196; x_wconf 86' lang='lat' dir='ltr'><strong>semper</strong></span> <span class='ocrx_word' id='word_1_236' title='bbox 1370 4101 1460 4175; x_wconf 86' lang='lat' dir='ltr'><strong>vixit</strong></span> <span class='ocrx_word' id='word_1_237' title='bbox 1476 4101 1513 4175; x_wconf 92' lang='lat' dir='ltr'><strong>in</strong></span> <span class='ocrx_word' id='word_1_238' title='bbox 1531 4102 1690 4197; x_wconf 90' lang='lat' dir='ltr'><strong>pfauctu,</strong></span> <span class='ocrx_word' id='word_1_239' title='bbox 1705 4107 1875 4196; x_wconf 82' lang='lat' dir='ltr'><strong>produce,</strong></span> <span class='ocrx_word' id='word_1_240' title='bbox 1892 4103 1978 4198; x_wconf 85' lang='lat' dir='ltr'><strong>quia</strong></span> <span class='ocrx_word' id='word_1_241' title='bbox 1995 4124 2085 4179; x_wconf 91' lang='lat' dir='ltr'><strong>cou-</strong></span> 
     </span>
     <span class='ocr_line' id='line_1_29' title="bbox 907 4214 2084 4318; baseline 0 -20"><span class='ocrx_word' id='word_1_242' title='bbox 907 4224 959 4299; x_wconf 88' lang='lat' dir='ltr'><strong>dit</strong></span> <span class='ocrx_word' id='word_1_243' title='bbox 971 4214 1007 4317; x_wconf 81' lang='lat'><strong>(⁶)</strong></span> <span class='ocrx_word' id='word_1_244' title='bbox 1027 4229 1065 4298; x_wconf 90' lang='lat' dir='ltr'><strong>et</strong></span> <span class='ocrx_word' id='word_1_245' title='bbox 1082 4222 1248 4317; x_wconf 82' lang='lat' dir='ltr'><strong>fabricat,</strong></span> <span class='ocrx_word' id='word_1_246' title='bbox 1266 4244 1285 4295; x_wconf 85' lang='lat' dir='ltr'><strong>e</strong></span> <span class='ocrx_word' id='word_1_247' title='bbox 1300 4225 1447 4316; x_wconf 72' lang='lat' dir='ltr'><strong>monde,</strong></span> <span class='ocrx_word' id='word_1_248' title='bbox 1468 4222 1555 4316; x_wconf 87' lang='lat' dir='ltr'><strong>quia</strong></span> <span class='ocrx_word' id='word_1_249' title='bbox 1576 4243 1642 4318; x_wconf 88' lang='lat' dir='ltr'><strong>per</strong></span> <span class='ocrx_word' id='word_1_250' title='bbox 1659 4224 1840 4298; x_wconf 90' lang='lat' dir='ltr'><strong>mundum</strong></span> <span class='ocrx_word' id='word_1_251' title='bbox 1857 4223 2084 4318; x_wconf 83' lang='lat' dir='ltr'><strong>diffunditur,</strong></span> 
     </span>
     <span class='ocr_line' id='line_1_30' title="bbox 908 4341 2083 4438; baseline 0.002 -20"><span class='ocrx_word' id='word_1_252' title='bbox 908 4346 1140 4418; x_wconf 83' lang='lat' dir='ltr'><strong>itmotedetto</strong></span> <span class='ocrx_word' id='word_1_253' title='bbox 1162 4345 1267 4436; x_wconf 70' lang='lat' dir='ltr'><strong>piore,</strong></span> <span class='ocrx_word' id='word_1_254' title='bbox 1292 4342 1439 4437; x_wconf 77' lang='lat' dir='ltr'><strong>scilicet,</strong></span> <span class='ocrx_word' id='word_1_255' title='bbox 1466 4341 1602 4436; x_wconf 81' lang='lat' dir='ltr'><strong>fitium3</strong></span> <span class='ocrx_word' id='word_1_256' title='bbox 1629 4363 1694 4438; x_wconf 92' lang='lat' dir='ltr'><strong>per</strong></span> <span class='ocrx_word' id='word_1_257' title='bbox 1724 4344 1794 4419; x_wconf 87' lang='lat' dir='ltr'><strong>hoc</strong></span> <span class='ocrx_word' id='word_1_258' title='bbox 1823 4343 1942 4418; x_wconf 87' lang='lat' dir='ltr'><strong>innuit</strong></span> <span class='ocrx_word' id='word_1_259' title='bbox 1973 4344 2083 4420; x_wconf 84' lang='lat' dir='ltr'><strong>dore·</strong></span> 
     </span>
     <span class='ocr_line' id='line_1_31' title="bbox 910 4462 2085 4558; baseline 0.001 -21"><span class='ocrx_word' id='word_1_260' title='bbox 910 4485 1013 4558; x_wconf 89' lang='lat' dir='ltr'><strong>num,</strong></span> <span class='ocrx_word' id='word_1_261' title='bbox 1031 4463 1068 4536; x_wconf 92' lang='lat' dir='ltr'><strong>in</strong></span> <span class='ocrx_word' id='word_1_262' title='bbox 1090 4484 1164 4556; x_wconf 87' lang='lat' dir='ltr'><strong>quo</strong></span> <span class='ocrx_word' id='word_1_263' title='bbox 1184 4462 1404 4557; x_wconf 91' lang='lat' dir='ltr'><strong>impressum</strong></span> <span class='ocrx_word' id='word_1_264' title='bbox 1423 4470 1478 4537; x_wconf 93' lang='lat' dir='ltr'><strong>est</strong></span> <span class='ocrx_word' id='word_1_265' title='bbox 1495 4462 1611 4536; x_wconf 88' lang='lat' dir='ltr'><strong>filium</strong></span> <span class='ocrx_word' id='word_1_266' title='bbox 1630 4483 1677 4538; x_wconf 86' lang='lat' dir='ltr'><strong>ex</strong></span> <span class='ocrx_word' id='word_1_267' title='bbox 1696 4485 1769 4538; x_wconf 89' lang='lat' dir='ltr'><strong>una</strong></span> <span class='ocrx_word' id='word_1_268' title='bbox 1787 4471 1902 4558; x_wconf 88' lang='lat' dir='ltr'><strong>parte,</strong></span> <span class='ocrx_word' id='word_1_269' title='bbox 1920 4471 1958 4538; x_wconf 93' lang='lat' dir='ltr'><strong>et</strong></span> <span class='ocrx_word' id='word_1_270' title='bbox 1974 4464 2085 4540; x_wconf 85' lang='lat' dir='ltr'><strong>Joau-</strong></span> 
     </span>
    </p>
   </div>
   <div class='ocr_carea' id='block_1_3' title="bbox 1902 4603 2082 4612">
    <p class='ocr_par' dir='ltr' id='par_1_3' title="bbox 1902 4603 2082 4612">
     <span class='ocr_line' id='line_1_32' title="bbox 1902 4603 2082 4612; baseline 0.011 -2"><span class='ocrx_word' id='word_1_271' title='bbox 1902 4603 2082 4612; x_wconf 75' lang='lat'><strong>----—-</strong></span> 
     </span>
    </p>
   </div>
   <div class='ocr_carea' id='block_1_4' title="bbox 969 4662 2039 5036">
    <p class='ocr_par' dir='ltr' id='par_1_4' title="bbox 971 4662 1583 4726">
     <span class='ocr_line' id='line_1_33' title="bbox 971 4662 1583 4726; baseline 0.003 -14"><span class='ocrx_word' id='word_1_272' title='bbox 971 4665 998 4726; x_wconf 78' lang='lat'><strong>(¹)</strong></span> <span class='ocrx_word' id='word_1_273' title='bbox 1014 4663 1045 4714; x_wconf 81' lang='grc' dir='ltr'><strong>Ε.</strong></span> <span class='ocrx_word' id='word_1_274' title='bbox 1061 4663 1105 4714; x_wconf 89' lang='lat' dir='ltr'><strong>ubi</strong></span> <span class='ocrx_word' id='word_1_275' title='bbox 1122 4664 1248 4714; x_wconf 76' lang='lat' dir='ltr'><strong>Dominus</strong></span> <span class='ocrx_word' id='word_1_276' title='bbox 1263 4669 1352 4714; x_wconf 85' lang='lat' dir='ltr'><strong>noster</strong></span> <span class='ocrx_word' id='word_1_277' title='bbox 1367 4663 1442 4713; x_wconf 77' lang='lat' dir='ltr'><strong>iesus</strong></span> <span class='ocrx_word' id='word_1_278' title='bbox 1457 4662 1583 4714; x_wconf 76' lang='lat' dir='ltr'><strong>christus.</strong></span> 
     </span>
    </p>

    <p class='ocr_par' dir='ltr' id='par_1_5' title="bbox 971 4740 1464 4805">
     <span class='ocr_line' id='line_1_34' title="bbox 971 4740 1464 4805; baseline 0 -15"><span class='ocrx_word' id='word_1_279' title='bbox 971 4741 998 4803; x_wconf 84' lang='lat'><strong>(¹)</strong></span> <span class='ocrx_word' id='word_1_280' title='bbox 1015 4741 1046 4790; x_wconf 85' lang='grc' dir='ltr'><strong>Ε.</strong></span> <span class='ocrx_word' id='word_1_281' title='bbox 1063 4740 1130 4791; x_wconf 90' lang='lat' dir='ltr'><strong>fudit</strong></span> <span class='ocrx_word' id='word_1_282' title='bbox 1146 4742 1361 4805; x_wconf 80' lang='lat' dir='ltr'><strong>pretiosissimum</strong></span> <span class='ocrx_word' id='word_1_283' title='bbox 1377 4754 1464 4792; x_wconf 80' lang='lat' dir='ltr'><strong>mum.</strong></span> 
     </span>
    </p>

    <p class='ocr_par' dir='ltr' id='par_1_6' title="bbox 969 4815 1649 4880">
     <span class='ocr_line' id='line_1_35' title="bbox 969 4815 1649 4880; baseline 0.003 -14"><span class='ocrx_word' id='word_1_284' title='bbox 969 4816 997 4880; x_wconf 78' lang='lat'><strong>(⁸)</strong></span> <span class='ocrx_word' id='word_1_285' title='bbox 1014 4817 1044 4866; x_wconf 87' lang='lat' dir='ltr'><strong>E.</strong></span> <span class='ocrx_word' id='word_1_286' title='bbox 1061 4823 1210 4867; x_wconf 81' lang='lat' dir='ltr'><strong>consecrata</strong></span> <span class='ocrx_word' id='word_1_287' title='bbox 1227 4823 1313 4868; x_wconf 86' lang='lat' dir='ltr'><strong>morte</strong></span> <span class='ocrx_word' id='word_1_288' title='bbox 1329 4816 1392 4866; x_wconf 79' lang='lat' dir='ltr'><strong>iesu</strong></span> <span class='ocrx_word' id='word_1_289' title='bbox 1407 4815 1510 4872; x_wconf 81' lang='lat' dir='ltr'><strong>Christi.</strong></span> <span class='ocrx_word' id='word_1_290' title='bbox 1526 4821 1554 4867; x_wconf 85' lang='lat' dir='ltr'><strong>et</strong></span> <span class='ocrx_word' id='word_1_291' title='bbox 1569 4817 1649 4880; x_wconf 84' lang='lat' dir='ltr'><strong>quod.</strong></span> 
     </span>
    </p>

    <p class='ocr_par' dir='ltr' id='par_1_7' title="bbox 970 4892 2039 5036">
     <span class='ocr_line' id='line_1_36' title="bbox 971 4892 2039 4958; baseline 0 -14"><span class='ocrx_word' id='word_1_292' title='bbox 971 4895 997 4958; x_wconf 78' lang='lat'><strong>(⁸)</strong></span> <span class='ocrx_word' id='word_1_293' title='bbox 1013 4895 1044 4945; x_wconf 85' lang='grc' dir='ltr'><strong>Ε.</strong></span> <span class='ocrx_word' id='word_1_294' title='bbox 1060 4895 1133 4944; x_wconf 80' lang='lat' dir='ltr'><strong>sedes</strong></span> <span class='ocrx_word' id='word_1_295' title='bbox 1149 4895 1264 4944; x_wconf 85' lang='lat' dir='ltr'><strong>eiusdem</strong></span> <span class='ocrx_word' id='word_1_296' title='bbox 1282 4895 1386 4944; x_wconf 83' lang='lat' dir='ltr'><strong>Domini</strong></span> <span class='ocrx_word' id='word_1_297' title='bbox 1401 4893 1484 4944; x_wconf 82' lang='lat' dir='ltr'><strong>nostri</strong></span> <span class='ocrx_word' id='word_1_298' title='bbox 1500 4893 1673 4944; x_wconf 72' lang='lat' dir='ltr'><strong>tamensim</strong></span> <span class='ocrx_word' id='word_1_299' title='bbox 1689 4895 1817 4958; x_wconf 77' lang='lat' dir='ltr'><strong>pontificis</strong></span> <span class='ocrx_word' id='word_1_300' title='bbox 1832 4892 1937 4954; x_wconf 79' lang='lat' dir='ltr'><strong>summi,</strong></span> <span class='ocrx_word' id='word_1_301' title='bbox 1955 4893 2039 4944; x_wconf 76' lang='lat' dir='ltr'><strong>cuius.</strong></span> 
     </span>
     <span class='ocr_line' id='line_1_37' title="bbox 970 4969 1907 5036; baseline -0.002 -14"><span class='ocrx_word' id='word_1_302' title='bbox 970 4969 998 5035; x_wconf 83' lang='lat'><strong>(¹)</strong></span> <span class='ocrx_word' id='word_1_303' title='bbox 1014 4971 1045 5022; x_wconf 85' lang='lat' dir='ltr'><strong>E.</strong></span> <span class='ocrx_word' id='word_1_304' title='bbox 1061 4972 1107 5036; x_wconf 89' lang='lat' dir='ltr'><strong>qui</strong></span> <span class='ocrx_word' id='word_1_305' title='bbox 1123 4971 1241 5022; x_wconf 78' lang='lat' dir='ltr'><strong>diabolus</strong></span> <span class='ocrx_word' id='word_1_306' title='bbox 1256 4970 1370 5022; x_wconf 85' lang='lat' dir='ltr'><strong>Lucifer.</strong></span> <span class='ocrx_word' id='word_1_307' title='bbox 1566 4969 1596 5033; x_wconf 82' lang='lat'><strong>(⁸)</strong></span> <span class='ocrx_word' id='word_1_308' title='bbox 1612 4971 1643 5022; x_wconf 88' lang='grc' dir='ltr'><strong>Ε.</strong></span> <span class='ocrx_word' id='word_1_309' title='bbox 1659 4971 1731 5024; x_wconf 84' lang='lat' dir='ltr'><strong>cudit</strong></span> <span class='ocrx_word' id='word_1_310' title='bbox 1747 4977 1774 5022; x_wconf 84' lang='lat' dir='ltr'><strong>et</strong></span> <span class='ocrx_word' id='word_1_311' title='bbox 1789 4970 1907 5032; x_wconf 57' lang='lat' dir='ltr'><strong>fabricat.</strong></span> 
     </span>
    </p>
   </div>
   <div class='ocr_carea' id='block_1_5' title="bbox 0 0 2426 6642">
    <p class='ocr_par' dir='ltr' id='par_1_8' title="bbox 0 0 2426 6642">
     <span class='ocr_line' id='line_1_38' title="bbox 0 0 2426 6642; baseline 0 0"><span class='ocrx_word' id='word_1_312' title='bbox 0 0 2426 6642; x_wconf 95' lang='lat' dir='ltr'><strong> </strong></span> 
     </span>
    </p>
   </div>
  </div>
 </body>
</html>
