4842 6642
770 791 837 858 158
1158 797 1365 854 connuruu
1389 799 1555 852 nananrsr

765 953 818 1043 tu,
845 953 881 1023 et
906 947 956 1021 ita
982 945 1104 1042 populi
1131 944 1239 1018 ricini
1265 946 1412 1038 Romoe3
1439 943 1503 1018 sod
1528 943 1649 1018 adhinc
1681 945 1786 1018 multi
1817 947 1942 1042 populi

765 1071 801 1144 in
832 1067 1052 1143 Lombardia
1078 1073 1115 1140 et
1140 1065 1270 1140 Tuscia
1301 1073 1450 1142 servant
1478 1065 1583 1139 illum
1617 1085 1760 1142 morem
1779 1061 1816 1159 (ἲ)
1845 1068 1941 1141 ariti-

765 1211 959 1284 quum.-
976 1190 1083 1262 dode.
1120 1187 1186 1261 llic
1220 1193 1329 1262 autor
1362 1193 1562 1281 antequam
1596 1193 1886 1280 prosequeretur
1899 1179 1937 1280 (¹)

766 1311 864 1407 quod
890 1308 1037 1405 ineoepit
1062 1308 1259 1403 interponit
1275 1315 1401 1383 actum
1423 1307 1616 1401 Beatricis;
1634 1313 1672 1382 et
1689 1307 1792 1404 lingit
1812 1308 1939 1404 pulcre

766 1433 866 1525 quod
891 1431 1037 1506 Beatrix
1064 1430 1141 1504 risit
1166 1429 1211 1504 de
1244 1429 1305 1503 tali
1337 1428 1576 1524 persuasione
1608 1428 1825 1522 adulatoria,
1852 1429 1940 1523 quia

768 1553 855 1627 ridit
872 1552 1146 1648 persuasionem
1166 1551 1264 1624 illam
1284 1550 1434 1624 tendere
1451 1549 1497 1622 ad
1515 1549 1661 1623 inanem
1683 1547 1840 1644 gloriam
1861 1549 1940 1643 sui,

767 1680 804 1748 et
835 1672 991 1767 explicat
1021 1672 1135 1745 risum
1169 1670 1271 1745 illum
1303 1691 1369 1765 per
1397 1669 1711 1764 comparationem
1740 1669 1939 1764 propriam.

767 1792 869 1867 Unde
893 1792 994 1867 dicit:
1026 1793 1124 1866 Oadc
1151 1793 1309 1863 Beotrice
1333 1791 1384 1862 clt'
1397 1810 1461 1862 ero
1486 1810 1534 1863 rto
1554 1809 1646 1881 poco
1670 1810 1808 1882 secoro,
1836 1789 1940 1883 idest,

766 1919 933 2008 separata
961 1911 1232 2005 aliquantulum
1259 1909 1307 1985 ab
1332 1930 1389 2004 eo,
1416 1909 1515 2003 quia,
1541 1915 1583 1982 ut
1602 1909 1681 2004 jam
1707 1909 1846 1984 dictum
1872 1914 1939 2002 est,

766 2039 876 2106 autor
903 2031 1088 2106 modicum
1115 2030 1331 2106 trahebatur
1355 2049 1379 2103 a
1404 2035 1515 2104 vento
1539 2028 1677 2124 glorie,
1708 2035 1746 2103 et
1776 2029 1829 2103 sic
1858 2050 1940 2103 mo-

766 2151 889 2228 dicum
917 2158 1120 2226 recesserat
1144 2171 1166 2224 a
1192 2149 1360 2226 Boatrice
1374 2139 1424 2242 (³),
1436 2169 1552 2242 paroc
1571 2150 1720 2222 nitendo
1740 2152 1855 2242 quello
1877 2153 1938 2224 olle

768 2276 873 2346 tossio
905 2276 944 2346 ol
970 2275 1088 2366 primo
1114 2275 1203 2365 sallo
1234 2274 1354 2344 scritto
1378 2273 1416 2344 dt
1442 2273 1609 2360 Gioeoro,
1630 2269 1733 2364 idest,
1758 2270 1806 2344 ed
1830 2292 1940 2347 (uou-

769 2392 845 2465 lum
873 2392 971 2485 quod
998 2391 1066 2465 luit
1092 2390 1253 2486 primum
1279 2389 1404 2464 sallum
1427 2390 1564 2463 amoris
1581 2389 1771 2484 Geuevrae,
1795 2390 1842 2466 de
1862 2412 1938 2485 quo

769 2511 945 2606 scriptum
981 2517 1036 2586 est
1068 2510 1104 2584 in
1138 2510 1294 2584 lnlerno.
1321 2510 1415 2586 Cum
1449 2509 1547 2584 enirn
1583 2509 1817 2584 Lanciiiottus
1854 2531 1939 2606 per·

769 2631 927 2707 venisset
967 2633 1013 2707 ad
1059 2631 1283 2725 colloquium
1322 2651 1410 2705 cum
1449 2629 1575 2726 regina
1617 2630 1786 2705 Genevra
1825 2652 1938 2727 opera

767 2751 937 2847 principis
967 2751 1117 2845 Galeoti,
1145 2771 1214 2826 nee
1247 2750 1403 2825 auderet
1428 2769 1504 2845 prae
1529 2749 1642 2824 nimio
1674 2751 1815 2845 pudore
1849 2772 1940 2848 pan-

767 2872 856 2947 dere
881 2873 1071 2946 llammam
1093 2871 1231 2946 amonis
1252 2871 1321 2965 sui,
1339 2870 1506 2966 princeps
1531 2868 1704 2944 Galeotus
1724 2870 1941 2975 interposuit

767 3012 818 3087 se,
837 2999 874 3066 et
895 2992 978 3067 lecit
995 3013 1059 3067 eos
1077 2990 1273 3087 pervenire
1296 2990 1344 3064 ad
1368 2990 1555 3064 osculum:
1578 2995 1665 3063 tunc
1682 2989 1850 3084 quaedam
1869 2990 1937 3066 do·

771 3111 869 3185 mina
895 3113 1045 3188 nomine
1069 3113 1225 3187 [lamma
1248 3111 1344 3186 socia
1364 3111 1500 3207 roginae
1518 3109 1745 3205 perpendens
1771 3111 1817 3186 de
1840 3119 1939 3208 actu,

770 3231 913 3305 tussivit
938 3237 974 3307 et
998 3232 1108 3327 spuit,
1134 3232 1239 3326 quasi
1263 3219 1460 3324 dicensl‘lz
1488 3231 1582 3305 hene
1609 3238 1644 3304 te
1670 3230 1793 3325 video;
1824 3232 1872 3306 ita
1903 3233 1940 3308 ia

767 3351 951 3446 proposito
976 3353 1121 3426 Beatrix
1150 3351 1229 3437 risit
1251 3372 1361 3445 nunc,
1379 3351 1483 3445 quasi
1509 3350 1622 3426 dicat:
1646 3351 1741 3426 bene
1757 3352 1867 3427 audio
1888 3360 1937 3448 te,

767 3471 827 3546 vel
844 3477 884 3545 tu
903 3471 997 3546 bene
1017 3472 1166 3567 audiris,
1184 3492 1276 3547 cave
1301 3472 1389 3568 quid
1414 3472 1523 3546 dicas.
1537 3512 1587 3526 -
1599 3476 1641 3545 lo
1657 3475 1848 3546 comiacloi.
1871 3474 1936 3549 llic

749 3596 876 3666 autor
902 3590 1025 3687 incipit
1048 3592 1253 3668 orationem
1280 3613 1387 3666 suam
1421 3593 1467 3666 ad
1497 3592 1689 3667 dominum
1725 3594 1938 3691 Caeciagui·

767 3709 864 3805 dam,
886 3717 922 3785 et
943 3711 1063 3806 primo
1090 3712 1174 3787 lacit
1199 3713 1407 3807 exordium,
1427 3711 1465 3786 in
1483 3733 1558 3807 quo
1575 3719 1697 3808 captat
1716 3713 1939 3790 benevolen-

767 3829 867 3923 tiam,
882 3830 1001 3925 primo
1025 3852 1047 3905 a
1074 3853 1229 3928 persona
1250 3833 1438 3927 auditoris,
1461 3832 1718 3928 multipliciter,
1735 3834 1878 3910 dicens:
1895 3840 1937 3908 lo

767 3955 962 4045 contactui,
980 3954 1108 4048 supple
1120 3953 1243 4028 dicere
1256 3955 1472 4029 continuans
1486 3974 1547 4028 me
1559 3955 1605 4028 ad
1621 3954 1781 4049 primum
1799 3955 1936 4050 dictum

768 4073 999 4148 inchoatum:
1033 4076 1094 4146 Vol
1124 4077 1205 4148 stete
1235 4077 1264 4148 it
1289 4078 1407 4167 padre
1436 4077 1520 4168 mio,
1554 4075 1641 4169 quia
1675 4076 1811 4152 seilicet
1839 4075 1939 4171 prin·

768 4195 901 4291 cipium
928 4194 1074 4292 generis
1100 4195 1184 4289 mei,
1212 4198 1271 4269 ooi
1294 4198 1343 4268 mi
1366 4198 1446 4269 dote
1475 4217 1500 4268 a
1523 4200 1656 4290 partor
1681 4205 1767 4271 totto
1796 4198 1940 4271 balder-

767 4336 828 4409 zu,
856 4320 1044 4409 quantam,
1070 4315 1209 4410 supple,
1236 4316 1365 4410 habeo,
1391 4319 1450 4390 vot
1482 4321 1531 4390 uri
1562 4321 1671 4392 lenate
1695 4310 1725 4392 sl
1749 4319 1849 4391 clt'io
1872 4339 1939 4393 son

762 4431 825 4527 poll
850 4437 969 4529 ot'i05
994 4434 1098 4530 quasi
1124 4435 1236 4510 dicat:
1263 4436 1400 4532 erigitis
1426 4457 1488 4512 me
1508 4429 1684 4533 suprad),
1704 4437 1807 4531 idest,
1826 4459 1939 4533 supra

768 4554 864 4629 vires
888 4555 1088 4650 humanas3
1114 4561 1152 4630 et
1176 4563 1298 4652 captat
1322 4556 1614 4632 benevolentiam
1640 4579 1665 4634 a
1688 4573 1844 4654 persona
1869 4560 1940 4653 sui,

829 4781 857 4845 (¹)
872 4783 897 4834 S.
913 4797 1015 4835 momm
1032 4785 1153 4849 loquendi
1171 4787 1315 4850 antiquum.
1377 4785 1404 4847 (¹)
1421 4787 1452 4838 E.
1467 4801 1484 4839 e
1500 4792 1524 4848 t,
1541 4793 1723 4852 prosequatur.

829 4855 855 4920 (⁸)
873 4858 903 4909 Ε.
920 4860 1036 4911 Benlrloe
1053 4861 1115 4924 ipse,
1130 4875 1219 4926 parua.
1376 4863 1451 4925 (¹)13·
1468 4866 1575 4916 (15oeer

830 4935 857 4998 (¹)
874 4935 900 4986 S.
915 4949 994 4999 supra
1010 4950 1061 5000 me,
1079 4938 1152 4988 idest.
