4842 6642
828 845 899 912 ⁴7⁰
1219 855 1424 912 cousnnuu
1448 855 1615 910 rsasnnr

825 1009 936 1077 antor
960 1000 1045 1077 lacit
1070 1021 1178 1076 suam
1204 1001 1500 1097 deprecationem
1533 999 1581 1076 ad
1606 1001 1738 1094 Deum,
1763 1006 1802 1076 et
1828 999 2000 1076 describit

826 1141 933 1196 suam
955 1120 1199 1196 felicissimam
1221 1120 1580 1216 contemplationem.
1599 1119 1644 1194 ut
1660 1119 1708 1194 ad
1725 1119 2000 1217 intelligentiam

825 1242 936 1316 buius
953 1240 1193 1317 invocationis
1214 1248 1270 1316 est
1287 1240 1580 1337 praenotandum,
1596 1241 1694 1335 quod
1711 1247 1821 1316 autor
1839 1240 1927 1335 quia
1944 1239 2001 1314 ri·

826 1359 931 1436 derat
955 1360 993 1434 in
1012 1366 1138 1436 sancta
1154 1361 1293 1436 ooelesti
1311 1361 1515 1438 Jerusalem
1534 1366 1678 1434 tantum
1698 1358 1891 1458 gaudium,
1910 1381 2000 1436 con·

827 1480 1004 1575 cordiam,
1029 1481 1236 1556 libertatem
1269 1487 1307 1556 et
1336 1501 1477 1577 paoem,
1503 1479 1740 1556 reminiscens
1769 1479 1919 1574 bellum,
1943 1480 1999 1556 di·

828 1598 1023 1693 soordiam,
1039 1600 1269 1696 servitutem,
1287 1606 1542 1696 tempestatem
1568 1600 1708 1695 mundi,
1724 1600 1857 1695 pietate
1877 1606 1999 1676 motus

828 1719 1112 1795 misericorditer
1128 1719 1300 1815 implorat
1318 1720 1483 1796 divinum
1511 1719 1712 1796 subsidium
1740 1728 1782 1795 ut
1805 1727 2000 1796 succurrat

828 1845 930 1914 taum
954 1838 1122 1915 delectui.
1148 1840 1252 1916 Unde
1276 1840 1381 1916 dicit:
1412 1842 1563 1916 Otm‘rm
1584 1843 1669 1932 lucc,
1696 1840 1843 1936 scilicet,
1868 1840 1999 1914 divini-

829 1960 912 2034 tatis
937 1980 1022 2055 qum
1046 1967 1102 2036 est
1127 1961 1222 2035 trina
1240 1967 1277 2036 et
1295 1981 1381 2056 una,
1398 1963 1458 2035 clue
1473 1963 1694 2036 ιοιιιιιιιαιιιιο
1711 1965 1748 2036 tn
1765 1963 1868 2034 amca
1885 1963 1998 2051 sulla,

827 2080 929 2175 idest,
956 2080 994 2155 in
1019 2102 1095 2156 uno
1118 2082 1197 2156 solo
1222 2081 1376 2174 lumine,
1393 2103 1418 2157 a
1438 2087 1495 2157 lor
1520 2085 1623 2174 outa,
1639 2081 1742 2175 idest,
1764 2081 1892 2156 visioni
1909 2081 2000 2156 bea·

828 2209 964 2296 torum,
984 2195 1081 2295 cipli
1099 2223 1258 2297 nppopa,
1279 2203 1382 2298 idest,
1400 2203 1540 2298 quietat
1556 2210 1594 2280 et
1614 2209 1800 2279 contentat
1822 2208 1860 2278 et
1884 2200 1998 2277 lelici·

828 2330 891 2418 tat,
925 2326 1068 2416 pirardo
1098 2327 1306 2418 panpplnm,
1340 2324 1486 2416 scilicet,
1516 2323 1553 2398 in
1585 2330 1738 2418 terram,
1769 2325 1844 2396 alla
1876 2327 2000 2396 matra

822 2447 993 2540 procelle,
1026 2443 1127 2540 idest,
1156 2445 1373 2540 tempestati,
1399 2453 1437 2520 et
1467 2450 1600 2539 praesta
1631 2442 1932 2538 tranquillitatem
1961 2447 2000 2516 et

828 2565 1006 2640 unitatem
1032 2563 1183 2658 mundo,
1208 2565 1259 2638 ita
1284 2564 1384 2659 quod
1403 2564 1606 2662 dirigamus
1624 2571 1790 2640 nostrum
1811 2563 1931 2638 visum
1949 2561 1995 2638 ad

827 2685 925 2760 illam
953 2685 1068 2761 solam
1094 2685 1236 2760 stellam
1265 2685 1482 2760 matutinam
1508 2706 1593 2780 qum
1618 2685 1740 2782 dirigit
1768 2690 1869 2759 recte
1894 2682 1998 2758 nari-

827 2815 959 2902 gaules
982 2804 1029 2878 ad
1047 2812 1194 2900 portum
1217 2803 1355 2899 salutis,
1372 2805 1418 2880 ad
1436 2825 1548 2900 quam
1567 2805 1681 2880 sancti
1698 2803 1860 2902 dirigunt
1877 2803 1995 2878 visum

828 2931 865 3000 et
881 2944 1048 3000 amorem
1073 2923 1112 2997 in
1135 2924 1243 3018 ooelo,
1264 2929 1306 2997 ut
1317 2925 1396 3020 jam
1413 2925 1550 3000 dictum
1570 2931 1635 3000 est.
1655 2925 1698 2998 ut
1718 2924 1776 2998 bic
1794 2930 1881 2999 nota
1898 2921 1997 3017 quod

828 3045 896 3120 ista
928 3044 985 3140 pia
1016 3042 1225 3138 deprecatio
1250 3043 1384 3119 indicat
1397 3037 1434 3136 ι’)
1461 3044 1595 3120 bonam
1628 3042 1898 3140 dispositionem
1928 3063 1998 3116 au·

827 3164 917 3239 toris
941 3162 1038 3238 eirca
1064 3168 1199 3237 statum
1228 3163 1469 3258 mundanum,
1496 3171 1534 3240 et
1557 3163 1742 3262 precipue
1765 3183 1844 3238 sue
1869 3161 1995 3257 patrie

827 3284 925 3359 unde
949 3290 1030 3358 erat
1054 3283 1272 3359 exul-Se
1295 3287 1310 3356 ι’
1333 3284 1490 3366 barbari.
1509 3284 1574 3359 llic
1590 3290 1699 3360 antor
1721 3283 1847 3360 volens
1871 3282 1996 3379 expri-

827 3423 931 3478 mere
956 3403 1175 3478 immensam
1201 3402 1483 3480 admirationem
1510 3424 1617 3479 suam
1644 3403 1727 3478 lacit
1752 3402 1995 3499 comparatio-

827 3545 911 3600 nem
929 3523 976 3598 de
995 3521 1056 3599 illa
1079 3523 1334 3618 admiratione,
1360 3546 1474 3620 quam
1493 3524 1744 3620 concipiebant
1761 3523 1909 3600 barbari
1931 3543 1995 3598 ve-

825 3645 964 3720 nientes
988 3645 1145 3720 Romam
1170 3643 1319 3738 quando
1344 3645 1461 3720 Roma
1482 3651 1563 3721 erat
1583 3645 1619 3720 in
1639 3646 1739 3720 llore.
1763 3645 1807 3718 Et
1823 3645 1993 3730 breviter

826 3765 904 3839 vult
922 3763 1057 3858 dicere,
1077 3765 1176 3868 quod
1199 3765 1230 3840 si
1256 3766 1402 3841 barbari
1428 3766 1616 3842 venientes
1639 3766 1726 3842 olim
1752 3764 1798 3842 de
1824 3767 1894 3841 sub
1920 3774 1996 3841 tra·
2092 3753 2097 3762 ’

826 3891 1010 3978 montana,
1028 3883 1091 3959 ubi
1110 3885 1246 3960 babent
1262 3886 1346 3962 vilia
1373 3886 1522 3983 tuguria
1549 3907 1615 3982 pro
1640 3885 1829 3962 domiciliis
1850 3905 1994 3980 eorum,

824 4006 993 4098 Romam,
1014 4002 1178 4080 ridentes
1202 4005 1276 4080 alla
1303 4006 1438 4081 moenia
1464 4026 1686 4100 marmorea,
1706 4005 1837 4101 palatia
1862 4012 1901 4080 el
1926 4005 1996 4080 mi·

824 4123 951 4200 rabilia
970 4123 1122 4200 aedidcia
1138 4126 1267 4202 Rome
1283 4127 1609 4222 obstupescebant3
1628 4132 1767 4222 quanto
1786 4127 1904 4222 magis
1924 4147 1995 4202 au·

825 4251 882 4319 lor
906 4244 1032 4320 videns
1056 4246 1215 4343 gloriosa
1240 4246 1420 4322 domicilia
1444 4253 1482 4322 et
1499 4247 1706 4321 habitacula
1735 4246 1818 4322 coeli
1837 4245 1997 4322 debebat

823 4365 1084 4460 obstupelierit
1109 4367 1213 4461 quasi
1239 4365 1336 4442 dicat
1360 4365 1703 4463 incomparabiliter.
1730 4367 1835 4440 Nunc
1864 4365 1995 4441 ordina

824 4483 979 4580 literam,
1005 4491 1043 4562 et
1067 4494 1240 4562 construe
1265 4487 1336 4562 sic:
1354 4491 1396 4561 lo
1419 4490 1479 4561 alre
1495 4508 1561 4561 era
1578 4493 1703 4560 nennio
1720 4489 1760 4560 al
1778 4467 1897 4561 dimne
1917 4488 1998 4559 dul-

821 4606 844 4678 l'
855 4625 1000 4698 amano,
1026 4605 1131 4702 idest,
1155 4629 1178 4682 a
1205 4614 1304 4682 terra
1330 4605 1377 4682 ad
1402 4607 1552 4701 coelum,
1572 4609 1759 4681 ullamne
1783 4609 1848 4682 dal
1871 4614 1997 4700 tempo,

825 4723 927 4819 idest,
952 4733 990 4802 et
1016 4729 1079 4824 qni
1105 4749 1282 4804 veneram
1307 4748 1331 4803 a
1358 4728 1496 4802 mundo
1529 4727 1675 4802 mortali
1706 4727 1871 4802 subiecto
1903 4733 1999 4802 tem·

889 4989 916 5052 ι’)
931 4987 958 5039 S·
975 4990 1080 5042 denotat
1096 4990 1201 5042 boum.
