4842 6642
892 863 1030 920 caurus
1056 864 1224 921 nncrmus.
1594 850 1640 915 47
1752 889 1755 892 -

462 1012 525 1107 qui
551 1014 666 1088 multa
700 1010 840 1108 scripsit
869 1015 952 1102 etc,
977 1034 995 1084 e
1020 1014 1059 1084 di
1086 1013 1275 1102 Riccordo,
1306 1016 1345 1084 et
1372 1008 1419 1083 de
1442 1007 1511 1082 isto
1543 1007 1640 1102 dicit,

461 1137 578 1228 chesn
599 1129 662 1227 piri
679 1137 738 1207 che
763 1137 841 1208 niro
867 1154 892 1205 a
916 1136 1134 1207 consumar.
1158 1131 1361 1208 bichardus
1386 1131 1484 1206 enim
1500 1125 1537 1224 (¹)
1556 1131 1642 1206 lecit

463 1254 599 1328 librum
624 1254 671 1330 de
696 1253 881 1349 Trinitate,
901 1260 938 1328 ct
960 1255 1074 1328 multa
1092 1244 1127 1345 (²)
1156 1251 1338 1349 profunde
1363 1251 1506 1347 scripsit
1528 1271 1641 1346 supra

463 1375 670 1449 humanum
697 1375 934 1468 intellectum,
959 1373 1042 1448 ideo
1067 1372 1284 1467 benedicit,
1316 1367 1378 1466 piri
1403 1374 1462 1444 che
1488 1372 1577 1444 ciro.
1592 1411 1641 1424 —

356 1573 359 1579 ,
468 1498 593 1584 Questi.
620 1496 685 1570 llic
710 1495 840 1568 ultimo
865 1495 1023 1568 Thomas
1048 1493 1218 1568 describit
1243 1492 1505 1567 duodecimum
1527 1497 1565 1566 et
1582 1491 1641 1564 nl-

465 1613 597 1688 timum
625 1613 804 1708 spiritum.
838 1613 891 1688 hd
923 1613 1023 1706 quod
1054 1613 1243 1687 sciendum
1270 1611 1369 1706 quod
1395 1612 1462 1686 iste
1488 1610 1641 1684 ultimus

464 1733 611 1829 spiritus
628 1733 695 1806 hait
716 1733 864 1828 quidam
890 1733 1018 1808 doctor
1036 1733 1237 1808 modernus
1257 1731 1475 1828 parisiensis,
1494 1731 1558 1825 qui
1576 1730 1639 1804 diu

465 1853 552 1950 legit
583 1852 742 1927 Parisius
773 1852 809 1926 in
844 1852 1057 1948 logicalihus
1076 1843 1128 1947 (³),
1161 1853 1222 1928 cui
1258 1853 1407 1946 qnidam
1443 1851 1641 1947 discipulus

465 1979 713 2068 praemnrtuus
737 1973 907 2068 apparuit
932 1979 1128 2068 coopertus
1154 1972 1437 2068 sophismatibus
1457 1979 1526 2046 etc.
1547 1972 1640 2046 Dicit

465 2113 579 2191 ergo:
610 2095 737 2184 Questi,
763 2095 853 2166 ondc
883 2096 911 2166 il
939 2100 995 2166 too
1027 2097 1203 2185 eonardo
1236 2097 1378 2167 ritornu
1407 2114 1432 2165 a
1460 2114 1527 2184 mc,
1553 2091 1640 2186 qula

468 2213 629 2308 inspecto
660 2213 736 2307 ipso
768 2212 897 2286 ultimo
927 2212 1055 2308 spiritu
1086 2233 1235 2288 coronae
1265 2213 1410 2287 reducis
1443 2213 1564 2288 visum
1594 2211 1643 2286 ad

467 2353 540 2427 me,
557 2329 579 2408 c*
599 2337 628 2406 il
650 2336 738 2406 lumc
763 2336 798 2406 d'
811 2354 881 2406 ono
907 2337 1032 2426 spirto,
1050 2337 1109 2406 che
1132 2336 1170 2406 in
1193 2337 1333 2425 perisicr
1348 2335 1399 2423 pli
1410 2353 1525 2426 paroc
1545 2354 1641 2407 esser

466 2455 571 2527 turdo
597 2457 775 2546 amorim
799 2452 860 2528 ubi
878 2453 975 2528 enim
996 2474 1095 2527 mors
1113 2453 1330 2528 naturaliter
1350 2453 1495 2528 videtur
1513 2453 1641 2528 lestina

466 2573 648 2668 omnibus,
675 2573 732 2647 isti
759 2573 835 2648 visa
861 2581 916 2648 est
941 2574 1055 2648 tarda.
1082 2575 1126 2647 Et
1150 2575 1273 2648 subdit
1289 2574 1496 2649 describens
1513 2594 1641 2649 cuma

468 2695 618 2768 nomine
643 2699 680 2770 et
704 2717 727 2768 a
752 2694 928 2788 doctrina,
947 2716 1024 2768 esso
1044 2691 1065 2768 c*
1087 2698 1125 2767 lo
1141 2698 1214 2768 lucc
1230 2702 1351 2768 eterna
1370 2698 1409 2769 di
1424 2698 1564 2786 Sipicri,
1581 2697 1641 2769 che

469 2817 651 2906 impendo,
669 2813 804 2889 scilicet
821 2815 859 2888 in
875 2815 1049 2889 cathedra
1067 2815 1222 2910 publice,
1243 2818 1301 2888 cel
1316 2818 1391 2888 vico
1408 2819 1501 2907 depli
1515 2819 1643 2889 strami

468 2933 571 3028 idest,
597 2933 767 3028 Parisius,
794 2934 831 3007 in
856 2940 1022 3010 contrata
1049 2935 1112 3010 ubi
1139 2936 1312 3031 leguntur
1337 2956 1466 3010 omues
1483 2936 1644 3011 scientim

469 3061 506 3129 et
531 3061 640 3147 artes
666 3075 751 3147 quae
776 3054 981 3149 appellatur
1005 3055 1109 3128 vicus
1129 3056 1361 3150 straminum,
1380 3057 1467 3150 quia
1484 3056 1534 3130 ibi
1552 3077 1643 3130 ven-

467 3172 607 3247 duntur
641 3173 752 3247 etiam
787 3172 963 3247 stramina
998 3174 1092 3248 sicut
1126 3175 1279 3271 ioenum,
1305 3177 1410 3272 palea
1436 3184 1518 3270 etc,
1544 3179 1641 3250 silio·

466 3286 585 3386 pizzd,
614 3293 716 3388 idest,
742 3292 949 3389 disputavit,
975 3297 1140 3368 invidiosi
1164 3300 1251 3386 ocri,
1277 3297 1380 3390 idest,
1407 3296 1528 3372 iolices
1545 3297 1645 3372 veri-

468 3419 559 3487 tates
585 3411 798 3506 nelinquens
823 3412 981 3487 fallacias
1007 3413 1202 3511 logicales:
1234 3415 1434 3490 invidiosus
1463 3417 1563 3491 enim
1590 3423 1646 3492 est

468 3533 527 3607 illc
543 3533 603 3607 cui
627 3532 809 3608 invidetur
835 3541 984 3630 propter
1005 3556 1111 3610 suam
1133 3535 1362 3612 felicitatem:
1381 3544 1418 3611 et
1434 3537 1486 3612 sic
1503 3539 1645 3634 capitur

469 3653 506 3726 in
526 3653 622 3728 bona
648 3641 778 3748 parte3‘
791 3654 934 3728 invidus
954 3676 1044 3728 vero
1062 3662 1118 3729 est
1136 3655 1196 3730 ille
1219 3657 1282 3750 qui
1300 3657 1435 3732 inridet
1461 3658 1586 3752 alteri3
1607 3666 1646 3734 et

470 3771 521 3847 sic
552 3773 696 3868 capitur
728 3775 765 3847 in
800 3774 896 3848 mala
922 3781 1036 3869 parte.
1052 3777 1205 3848 -lndt
1232 3776 1298 3850 Hic
1322 3783 1432 3849 autor
1457 3777 1646 3873 descriptis

471 3901 507 3968 et
534 3893 769 3970 manifestatis
795 3894 988 3970 duodecim
1015 3895 1198 3990 spiritibus
1216 3897 1401 3992 praeclaris
1421 3899 1646 3974 constituen-

472 4013 571 4090 tibus
596 4014 695 4089 illam
728 4037 853 4090 caram
869 4003 906 4108 (⁴)
933 4036 1122 4111 coronam,
1153 4037 1253 4092 nunc
1281 4017 1453 4093 describit
1487 4020 1645 4094 reditum
1758 4091 1760 4095 ,

472 4133 619 4207 illarum
634 4127 671 4227 (ὃ)
696 4136 907 4210 animarum
934 4138 980 4210 ad
1006 4138 1168 4233 primum
1194 4146 1337 4212 motum
1355 4146 1393 4213 et
1408 4147 1559 4214 cantum
1580 4161 1647 4236 per

471 4253 782 4347 comparationem
809 4256 976 4351 pulcram
1002 4264 1039 4332 et
1064 4258 1250 4353 propriam
1279 4258 1555 4355 horologiorum
1582 4281 1647 4336 ve-

473 4372 602 4447 lociter·
628 4394 667 4447 sc
694 4374 922 4450 moventium
949 4381 986 4451 et
1010 4376 1166 4451 dulciter
1184 4378 1404 4452 sonantium.
1426 4380 1517 4453 Dicit
1538 4400 1646 4476 ergo:

472 4491 600 4566 ordina
626 4493 677 4567 sic
702 4493 866 4569 literam:
885 4498 979 4587 lodi,
999 4496 1146 4591 scilicet,
1168 4505 1480 4593 postsermoncm
1499 4501 1649 4576 Thomoe

473 4610 520 4686 de
546 4613 701 4708 Aquino,
728 4619 844 4689 oid'io
869 4619 907 4690 lo
931 4620 1090 4708 plorioso
1116 4626 1211 4710 roto,
1236 4618 1339 4713 idest,
1365 4641 1540 4696 coronam
1568 4622 1649 4698 illo-

535 4844 563 4907 (¹)
580 4845 611 4895 E.
626 4847 697 4897 enim
713 4849 762 4899 lste
777 4849 847 4900 iecit.

536 4921 564 4982 ζ’)
580 4921 611 4973 E.
627 4922 710 4974 multa
727 4927 842 4988 proludit
857 4933 978 4992 utsupra
994 4929 1137 4980 humanum
1153 4932 1314 4982 intellectum
1329 4933 1439 4995 scripsit,
1456 4933 1515 4982 ideo
1531 4933 1605 4985 benc.

537 4997 564 5061 (¹)
581 4997 611 5050 E.
627 4999 767 5054 immutas.
956 5005 983 5069 θ)
999 5005 1031 5058 E.
1046 5007 1154 5059 cimam.
1342 5008 1370 5071 (¹)
1385 5008 1417 5060 Ε.
1432 5009 1552 5062 durum
