4842 6642
787 855 927 913 conans
952 858 1145 913 vroesrnns
1169 857 1315 914 nnrnos.
1565 843 1635 912 285

465 1003 586 1100 sumat
612 1017 767 1074 currere
799 1006 917 1094 nsque
947 1001 994 1076 ad
1029 1009 1102 1076 tam
1139 1001 1381 1100 longinquum
1399 995 1434 1094 (¹)
1466 999 1637 1098 gradum,

464 1119 520 1195 rel
558 1118 756 1193 terminum
783 1121 1009 1217 cognitionis
1043 1122 1090 1197 ad
1122 1143 1234 1217 quem
1265 1130 1465 1218 antequam
1502 1121 1639 1216 pertin-

463 1246 568 1337 geret
597 1245 693 1315 esset
722 1239 850 1336 lessus,
884 1243 999 1317 immo
1033 1252 1225 1339 mortuus;
1258 1244 1339 1319 ideo
1373 1243 1468 1318 bene
1499 1241 1637 1316 dictum

464 1368 534 1480 est:
560 1368 647 1435 slotc
671 1367 819 1436 contenti
842 1371 910 1438 etc.
926 1369 1039 1439 -Lo
1064 1372 1183 1439 mente.
1209 1365 1274 1440 llic
1292 1365 1424 1440 Petrus
1444 1361 1638 1450 confirmat

465 1484 542 1556 sive
567 1483 698 1578 prohat
722 1483 859 1559 dictum
887 1507 997 1560 snum
1023 1506 1090 1581 per
1112 1487 1233 1560 locum
1260 1509 1281 1562 a
1310 1486 1461 1562 minori:
1488 1491 1524 1560 et
1550 1485 1637 1560 bre·

466 1603 558 1678 viter
584 1603 669 1682 dicit
693 1605 792 1698 quod
818 1605 1021 1682 intellectus
1041 1606 1103 1701 qui
1124 1607 1249 1681 lucent
1273 1606 1309 1680 in
1335 1608 1429 1682 coelo
1454 1607 1491 1681 in
1516 1604 1637 1681 homi-

466 1724 573 1797 nibus
590 1724 734 1800 sumant
757 1725 793 1798 in
821 1732 938 1818 terra;
964 1725 1150 1820 quomodo
1175 1746 1265 1822 ergo
1291 1732 1406 1822 potest
1432 1725 1636 1802 intellectus

466 1843 623 1919 hominis
651 1845 704 1948 in¹
721 1845 818 1920 loedo
851 1853 889 1920 et
919 1847 1078 1922 obscuro
1102 1865 1253 1921 carcere
1279 1847 1398 1922 carnis
1429 1846 1567 1942 positus
1592 1845 1636 1919 il-

467 1964 529 2039 lud
554 1964 653 2058 quod
679 1985 752 2039 non
778 1971 895 2060 potest
919 1965 1125 2040 intellectus
1156 1973 1348 2061 separatus
1372 1972 1409 2041 et
1434 1966 1565 2040 beatos
1599 1963 1634 2037 in

465 2086 570 2179 nelo,
597 2086 712 2160 immo
745 2106 814 2161 nec
846 2086 1050 2162 intellectus
1080 2086 1293 2184 angelicus?
1317 2085 1409 2161 Dicit
1441 2106 1554 2183 ergo:
1583 2089 1637 2158 Lo

465 2214 586 2298 mente,
615 2206 764 2302 scilicet,
788 2208 963 2301 humana,
990 2208 1049 2279 cle
1074 2209 1147 2279 lnce
1177 2210 1248 2299 oni,
1283 2205 1428 2300 scilicet,
1460 2206 1497 2280 in
1529 2205 1635 2298 coelo,

461 2328 597 2419 summa
612 2329 652 2400 in
669 2333 781 2417 terro,
798 2333 836 2402 et
856 2327 907 2401 sic
925 2346 999 2400 non
1024 2325 1135 2400 habet
1159 2327 1319 2400 calorem
1338 2327 1396 2400 vel
1418 2325 1634 2419 claritatem,

464 2466 538 2538 qua
564 2445 675 2540 possit
699 2446 882 2544 attingere
905 2445 953 2520 ad
982 2446 1072 2521 tales
1104 2465 1235 2520 causas
1266 2444 1448 2520 videndas.
1481 2447 1525 2520 Et
1554 2445 1636 2520 ideo

464 2565 588 2662 arguit
602 2557 661 2659 (¹):
687 2570 779 2640 oodc
802 2567 979 2660 mponrdn
1003 2565 1266 2660 comestionis
1295 2567 1433 2662 supple,
1456 2559 1527 2660 pud
1556 2570 1636 2660 lnp-

464 2687 558 2777 nine,
583 2686 687 2780 idest,
713 2693 831 2782 potest
848 2687 884 2760 in
904 2692 1002 2761 terra
1022 2705 1256 2784 cognoscere,
1275 2687 1353 2776 poci
1367 2688 1427 2758 cic
1442 2706 1515 2760 nnn
1530 2695 1636 2780 pootc

461 2804 590 2899 perone*
605 2811 631 2881 'l
654 2811 719 2882 ciel
740 2811 961 2898 lactamina,
987 2806 1089 2900 idest,
1115 2805 1285 2901 quamvis
1314 2807 1450 2881 coelum
1484 2807 1635 2904 recipiat

464 2927 582 3021 ipsum
602 2928 696 3008 intra
722 2933 861 3002 tantam
888 2927 1092 3002 claritatem
1118 2946 1238 3021 suam,
1256 2926 1349 3003 sicut
1374 2933 1473 3024 patet
1497 2927 1534 3002 in
1566 2948 1635 3003 no-

464 3047 519 3122 bis
544 3047 607 3142 qni
633 3069 763 3123 sumus
787 3048 980 3124 beatificati
1006 3047 1044 3120 in
1068 3047 1175 3142 coelo,
1192 3053 1231 3122 et
1255 3053 1380 3122 tamen
1407 3068 1479 3122 non
1504 3069 1635 3144 possu-

465 3189 549 3242 mus
574 3188 798 3266 cognoscere
822 3168 858 3243 id
884 3168 984 3263 quod
1007 3165 1110 3263 petis.

538 3281 576 3364 Sl
599 3294 649 3363 mi
669 3293 893 3382 prescrisscr.
914 3288 984 3362 lsta
1010 3293 1066 3364 est
1089 3293 1221 3383 quarta
1238 3307 1323 3383 pars
1338 3287 1519 3384 generalis
1529 3279 1579 3384 (³),
1599 3289 1635 3363 in

464 3430 538 3503 qua
564 3409 696 3484 Petrus
720 3409 921 3484 Damianos
946 3408 1112 3504 propalat
1128 3428 1169 3482 se
1185 3407 1232 3482 ad
1250 3407 1459 3502 petitionem
1477 3409 1634 3484 autoris:

463 3538 501 3604 et
526 3524 645 3626 primo
670 3537 780 3606 autor
804 3531 1022 3605 continuans
1046 3529 1140 3603 dicta
1166 3527 1337 3621 dicendis,
1361 3527 1517 3603 ostendit
1541 3550 1636 3623 quo-

464 3650 573 3726 modo
599 3649 769 3746 petiverit
792 3651 840 3725 ab
866 3671 912 3726 eo
937 3650 1019 3744 quis
1044 3655 1151 3744 esset,
1177 3647 1320 3724 dicens:
1351 3653 1397 3723 Le
1422 3651 1548 3742 parole
1575 3669 1635 3722 sne

461 3763 492 3843 si
508 3773 558 3843 mi
570 3774 796 3864 proscrisser,
818 3771 919 3866 idest,
941 3771 1151 3868 ligaverunt
1172 3770 1223 3845 ita
1250 3790 1321 3863 me,
1339 3777 1376 3844 et
1401 3768 1448 3842 ita
1474 3789 1633 3865 occupa·

464 3897 599 3966 rerunt
623 3899 785 3966 mentem
814 3911 949 3986 meam,
979 3890 1075 3965 sicut
1104 3911 1290 3986 possessor
1319 3890 1425 3963 bonae
1458 3888 1539 3964 fidei
1571 3910 1635 3965 oc-

464 4019 574 4108 cupat
599 4033 677 4087 rem
699 4013 870 4107 alienam,
887 4018 925 4089 et
945 4033 1052 4087 suam
1071 4012 1156 4087 iacit
1169 4012 1258 4107 jure
1275 4011 1518 4107 permittente,
1535 4012 1587 4084 clt'
1599 4014 1635 4084 io

409 4207 412 4214 ,
465 4135 589 4207 loscini
613 4134 649 4206 lo
673 4135 861 4227 questione,
889 4153 934 4208 ac
959 4132 988 4206 si
1013 4138 1124 4206 antor
1148 4130 1285 4206 diceret
1317 4129 1353 4205 in
1389 4136 1512 4220 mente
1546 4152 1633 4208 sua:

465 4255 560 4329 bene
583 4253 720 4328 solvisti
747 4253 835 4328 mihi
861 4251 1132 4328 de'temeraria
1157 4250 1329 4347 petitione
1358 4272 1449 4327 mea.
1468 4253 1512 4326 Et
1528 4251 1632 4327 dicit:

464 4396 483 4447 c
508 4376 556 4447 mi
578 4371 735 4466 ritrncsi,
761 4373 865 4469 quasi
891 4372 1077 4466 confusus,
1102 4393 1127 4444 n
1152 4373 1345 4445 dimnndnr
1369 4373 1562 4446 nmilmcntc
1581 4375 1636 4446 citi

458 4499 529 4591 sne.
544 4534 594 4548 -
612 4501 684 4568 Tro
709 4498 789 4569 duo.
808 4492 873 4569 llic
890 4494 1022 4569 Petrus
1047 4491 1131 4568 lacit
1156 4513 1262 4566 snam
1291 4491 1562 4588 responsionem
1586 4493 1634 4568 ad

463 4613 856 4712 petitionem'autoris3
882 4621 920 4690 ct
944 4612 1115 4690 describit
1139 4633 1180 4688 se
1204 4612 1451 4708 multipliciter
1475 4613 1522 4687 ab
1548 4633 1636 4708 ope·

466 4736 569 4810 ribus
584 4723 620 4827 (⁴)
648 4741 685 4810 et
710 4736 791 4810 eins
816 4741 941 4810 sancta
967 4733 1040 4810 vita
1065 4731 1356 4828 contemplativa,
1378 4732 1431 4807 Ad
1447 4731 1553 4807 cuius
1578 4731 1635 4807 in·

525 4921 552 4982 l¹l
568 4920 599 4971 Ε·
616 4918 733 4984 longum·
1126 4983 1130 4996 Ι
1165 4917 1193 4982 l')
1209 4919 1241 4971 li.
1257 4921 1351 4984 arguit,
1367 4919 1467 4970 dicens:
1484 4919 1556 4968 onds.

525 4996 552 5061 (¹)
568 4997 599 5048 E.
616 4998 743 5062 generalis
757 4999 835 5051 hnlns
850 4999 964 5063 capitoli,
980 5000 1006 5049 in
1022 5013 1081 5064 qna.
1166 4998 1193 5061 Γ)
1210 4998 1241 5049 Ε.
1258 4998 1378 5062 operibus
1394 4996 1447 5047 suis
1462 5000 1490 5046 ct
1505 4997 1569 5047 eins.
