<?xml version="1.0" encoding="UTF-8"?>
<!DOCTYPE html PUBLIC "-//W3C//DTD XHTML 1.0 Transitional//EN"
    "http://www.w3.org/TR/xhtml1/DTD/xhtml1-transitional.dtd">
<html xmlns="http://www.w3.org/1999/xhtml" xml:lang="en" lang="en">
 <head>
  <title>
</title>
<meta http-equiv="Content-Type" content="text/html;charset=utf-8" />
  <meta name='ocr-system' content='tesseract 3.04.00' />
  <meta name='ocr-capabilities' content='ocr_page ocr_carea ocr_par ocr_line ocrx_word'/>
</head>
<body>
  <div class='ocr_page' id='page_1' title='image "./comentumsuperda02benvgoog_0527.png"; bbox 0 0 4842 6642; ppageno 0'>
   <div class='ocr_carea' id='block_1_1' title="bbox 726 848 1610 916">
    <p class='ocr_par' dir='ltr' id='par_1_1' title="bbox 726 848 1610 916">
     <span class='ocr_line' id='line_1_1' title="bbox 726 848 1610 916; baseline 0.007 -7"><span class='ocrx_word' id='word_1_1' title='bbox 726 853 865 912; x_wconf 72' lang='lat' dir='ltr'>CANTUS</span> <span class='ocrx_word' id='word_1_2' title='bbox 889 857 1106 914; x_wconf 73' lang='lat' dir='ltr'><strong>ualdusutus</strong></span> <span class='ocrx_word' id='word_1_3' title='bbox 1130 856 1325 913; x_wconf 74' lang='lat' dir='ltr'><strong>SECUNDUS·</strong></span> <span class='ocrx_word' id='word_1_4' title='bbox 1542 848 1610 916; x_wconf 76' lang='lat'><strong>501</strong></span> 
     </span>
    </p>
   </div>
   <div class='ocr_carea' id='block_1_2' title="bbox 438 992 1650 3028">
    <p class='ocr_par' dir='ltr' id='par_1_2' title="bbox 438 992 1650 3028">
     <span class='ocr_line' id='line_1_2' title="bbox 440 992 1615 1096; baseline 0 -18"><span class='ocrx_word' id='word_1_5' title='bbox 440 1007 530 1096; x_wconf 83' lang='lat' dir='ltr'><strong>stus,</strong></span> <span class='ocrx_word' id='word_1_6' title='bbox 555 999 645 1096; x_wconf 80' lang='lat' dir='ltr'><strong>quia</strong></span> <span class='ocrx_word' id='word_1_7' title='bbox 667 1007 918 1094; x_wconf 84' lang='lat' dir='ltr'><strong>consecratus,</strong></span> <span class='ocrx_word' id='word_1_8' title='bbox 942 1001 1013 1076; x_wconf 92' lang='lat' dir='ltr'><strong>sub</strong></span> <span class='ocrx_word' id='word_1_9' title='bbox 1036 999 1144 1078; x_wconf 87' lang='lat' dir='ltr'><strong>cuius</strong></span> <span class='ocrx_word' id='word_1_10' title='bbox 1167 999 1323 1096; x_wconf 89' lang='lat' dir='ltr'><strong>imperio</strong></span> <span class='ocrx_word' id='word_1_11' title='bbox 1339 992 1377 1093; x_wconf 81' lang='lat'><strong>(¹)</strong></span> <span class='ocrx_word' id='word_1_12' title='bbox 1403 1001 1615 1078; x_wconf 82' lang='lat' dir='ltr'><strong>incarnatus</strong></span> 
     </span>
     <span class='ocr_line' id='line_1_3' title="bbox 441 1119 1615 1218; baseline 0.003 -20"><span class='ocrx_word' id='word_1_13' title='bbox 441 1127 497 1198; x_wconf 85' lang='lat' dir='ltr'><strong>est</strong></span> <span class='ocrx_word' id='word_1_14' title='bbox 524 1121 707 1216; x_wconf 78' lang='lat' dir='ltr'><strong>cbristus3</strong></span> <span class='ocrx_word' id='word_1_15' title='bbox 733 1121 783 1199; x_wconf 85' lang='lat' dir='ltr'><strong>ita</strong></span> <span class='ocrx_word' id='word_1_16' title='bbox 816 1141 884 1217; x_wconf 83' lang='lat' dir='ltr'><strong>por</strong></span> <span class='ocrx_word' id='word_1_17' title='bbox 912 1121 1114 1217; x_wconf 83' lang='lat' dir='ltr'><strong>quamdam</strong></span> <span class='ocrx_word' id='word_1_18' title='bbox 1143 1119 1418 1198; x_wconf 90' lang='lat' dir='ltr'><strong>similitudinem</strong></span> <span class='ocrx_word' id='word_1_19' title='bbox 1445 1123 1615 1218; x_wconf 80' lang='lat' dir='ltr'><strong>quamvis</strong></span> 
     </span>
     <span class='ocr_line' id='line_1_4' title="bbox 441 1240 1614 1338; baseline 0.006 -23"><span class='ocrx_word' id='word_1_20' title='bbox 441 1240 639 1338; x_wconf 74' lang='lat' dir='ltr'><strong>indignam,</strong></span> <span class='ocrx_word' id='word_1_21' title='bbox 652 1240 729 1337; x_wconf 87' lang='lat' dir='ltr'><strong>ipso</strong></span> <span class='ocrx_word' id='word_1_22' title='bbox 740 1240 973 1318; x_wconf 72' lang='lat' dir='ltr'><strong>boatisdmus</strong></span> <span class='ocrx_word' id='word_1_23' title='bbox 986 1241 1283 1325; x_wconf 85' lang='lat' dir='ltr'><strong>otdirinissirnus</strong></span> <span class='ocrx_word' id='word_1_24' title='bbox 1296 1241 1496 1338; x_wconf 90' lang='lat' dir='ltr'><strong>imperator</strong></span> <span class='ocrx_word' id='word_1_25' title='bbox 1508 1244 1614 1322; x_wconf 88' lang='lat' dir='ltr'><strong>Chri·</strong></span> 
     </span>
     <span class='ocr_line' id='line_1_5' title="bbox 440 1352 1612 1460; baseline 0.005 -26"><span class='ocrx_word' id='word_1_26' title='bbox 440 1369 518 1438; x_wconf 91' lang='lat' dir='ltr'><strong>stus</strong></span> <span class='ocrx_word' id='word_1_27' title='bbox 529 1352 570 1454; x_wconf 73' lang='lat'><strong>(²)</strong></span> <span class='ocrx_word' id='word_1_28' title='bbox 597 1362 662 1456; x_wconf 86' lang='lat' dir='ltr'><strong>qui</strong></span> <span class='ocrx_word' id='word_1_29' title='bbox 686 1361 950 1457; x_wconf 85' lang='lat' dir='ltr'><strong>interpretatur</strong></span> <span class='ocrx_word' id='word_1_30' title='bbox 968 1369 1114 1459; x_wconf 86' lang='lat' dir='ltr'><strong>unctus,</strong></span> <span class='ocrx_word' id='word_1_31' title='bbox 1128 1369 1247 1458; x_wconf 91' lang='lat' dir='ltr'><strong>potest</strong></span> <span class='ocrx_word' id='word_1_32' title='bbox 1262 1362 1331 1438; x_wconf 85' lang='lat' dir='ltr'><strong>dici</strong></span> <span class='ocrx_word' id='word_1_33' title='bbox 1352 1364 1550 1460; x_wconf 81' lang='lat' dir='ltr'><strong>Augustus.</strong></span> <span class='ocrx_word' id='word_1_34' title='bbox 1568 1366 1612 1440; x_wconf 84' lang='lat' dir='ltr'><strong>llt</strong></span> 
     </span>
     <span class='ocr_line' id='line_1_6' title="bbox 440 1471 1612 1580; baseline 0.003 -24"><span class='ocrx_word' id='word_1_35' title='bbox 440 1481 535 1558; x_wconf 75' lang='lat' dir='ltr'><strong>dont</strong></span> <span class='ocrx_word' id='word_1_36' title='bbox 549 1471 587 1574; x_wconf 59' lang='grc' dir='ltr'><strong>(ἢ</strong></span> <span class='ocrx_word' id='word_1_37' title='bbox 612 1480 713 1558; x_wconf 83' lang='lat' dir='ltr'><strong>Livia</strong></span> <span class='ocrx_word' id='word_1_38' title='bbox 737 1501 885 1557; x_wconf 89' lang='lat' dir='ltr'><strong>summa</strong></span> <span class='ocrx_word' id='word_1_39' title='bbox 904 1489 943 1560; x_wconf 86' lang='lat' dir='ltr'><strong>ct</strong></span> <span class='ocrx_word' id='word_1_40' title='bbox 959 1483 1238 1578; x_wconf 73' lang='lat' dir='ltr'><strong>praeclarissima</strong></span> <span class='ocrx_word' id='word_1_41' title='bbox 1255 1483 1469 1579; x_wconf 80' lang='lat' dir='ltr'><strong>imperatrix</strong></span> <span class='ocrx_word' id='word_1_42' title='bbox 1486 1486 1612 1580; x_wconf 90' lang='lat' dir='ltr'><strong>appel-</strong></span> 
     </span>
     <span class='ocr_line' id='line_1_7' title="bbox 441 1600 1611 1699; baseline 0.007 -25"><span class='ocrx_word' id='word_1_43' title='bbox 441 1600 513 1678; x_wconf 81' lang='lat' dir='ltr'><strong>lata</strong></span> <span class='ocrx_word' id='word_1_44' title='bbox 529 1608 586 1680; x_wconf 76' lang='lat' dir='ltr'><strong>ert</strong></span> <span class='ocrx_word' id='word_1_45' title='bbox 602 1601 780 1699; x_wconf 75' lang='lat' dir='ltr'><strong>Augusta,</strong></span> <span class='ocrx_word' id='word_1_46' title='bbox 794 1622 909 1696; x_wconf 81' lang='lat' dir='ltr'><strong>quam</strong></span> <span class='ocrx_word' id='word_1_47' title='bbox 931 1621 1079 1678; x_wconf 90' lang='lat' dir='ltr'><strong>summe</strong></span> <span class='ocrx_word' id='word_1_48' title='bbox 1094 1602 1221 1684; x_wconf 80' lang='lat' dir='ltr'><strong>dilexit</strong></span> <span class='ocrx_word' id='word_1_49' title='bbox 1239 1603 1294 1683; x_wconf 87' lang='lat' dir='ltr'><strong>vir</strong></span> <span class='ocrx_word' id='word_1_50' title='bbox 1311 1623 1414 1698; x_wconf 90' lang='lat' dir='ltr'><strong>suus,</strong></span> <span class='ocrx_word' id='word_1_51' title='bbox 1432 1604 1482 1680; x_wconf 89' lang='lat' dir='ltr'><strong>ita</strong></span> <span class='ocrx_word' id='word_1_52' title='bbox 1497 1603 1611 1682; x_wconf 78' lang='lat' dir='ltr'><strong>llario</strong></span> 
     </span>
     <span class='ocr_line' id='line_1_8' title="bbox 441 1720 1611 1820; baseline 0.001 -22"><span class='ocrx_word' id='word_1_53' title='bbox 441 1721 649 1798; x_wconf 82' lang='lat' dir='ltr'><strong>beatissima</strong></span> <span class='ocrx_word' id='word_1_54' title='bbox 673 1727 712 1800; x_wconf 84' lang='lat' dir='ltr'><strong>et</strong></span> <span class='ocrx_word' id='word_1_55' title='bbox 734 1720 958 1800; x_wconf 87' lang='lat' dir='ltr'><strong>divinissima</strong></span> <span class='ocrx_word' id='word_1_56' title='bbox 982 1721 1198 1818; x_wconf 82' lang='lat' dir='ltr'><strong>imperatrix</strong></span> <span class='ocrx_word' id='word_1_57' title='bbox 1214 1728 1332 1819; x_wconf 86' lang='lat' dir='ltr'><strong>potest</strong></span> <span class='ocrx_word' id='word_1_58' title='bbox 1349 1724 1522 1820; x_wconf 84' lang='lat' dir='ltr'><strong>appellari</strong></span> <span class='ocrx_word' id='word_1_59' title='bbox 1535 1723 1611 1800; x_wconf 81' lang='lat' dir='ltr'><strong>du-</strong></span> 
     </span>
     <span class='ocr_line' id='line_1_9' title="bbox 439 1836 1610 1941; baseline 0.005 -24"><span class='ocrx_word' id='word_1_60' title='bbox 439 1848 560 1938; x_wconf 71' lang='lat' dir='ltr'><strong>gusta</strong></span> <span class='ocrx_word' id='word_1_61' title='bbox 577 1836 699 1938; x_wconf 81' lang='lat' dir='ltr'><strong>&#39;quam</strong></span> <span class='ocrx_word' id='word_1_62' title='bbox 732 1863 879 1918; x_wconf 88' lang='lat' dir='ltr'><strong>summe</strong></span> <span class='ocrx_word' id='word_1_63' title='bbox 899 1842 1035 1920; x_wconf 77' lang='lat' dir='ltr'><strong>‚dilexit</strong></span> <span class='ocrx_word' id='word_1_64' title='bbox 1059 1843 1137 1941; x_wconf 90' lang='lat' dir='ltr'><strong>ipse</strong></span> <span class='ocrx_word' id='word_1_65' title='bbox 1161 1864 1316 1940; x_wconf 88' lang='lat' dir='ltr'><strong>sponsus</strong></span> <span class='ocrx_word' id='word_1_66' title='bbox 1341 1842 1519 1940; x_wconf 87' lang='lat' dir='ltr'><strong>Christus,</strong></span> <span class='ocrx_word' id='word_1_67' title='bbox 1543 1866 1610 1923; x_wconf 80' lang='lat' dir='ltr'><strong>son</strong></span> 
     </span>
     <span class='ocr_line' id='line_1_10' title="bbox 440 1964 1611 2062; baseline 0.009 -27"><span class='ocrx_word' id='word_1_68' title='bbox 440 1964 542 2054; x_wconf 65' lang='lat' dir='ltr'><strong>qood</strong></span> <span class='ocrx_word' id='word_1_69' title='bbox 565 1965 635 2036; x_wconf 80' lang='lat' dir='ltr'><strong>due</strong></span> <span class='ocrx_word' id='word_1_70' title='bbox 657 1965 773 2038; x_wconf 79' lang='lat' dir='ltr'><strong>rudici</strong></span> <span class='ocrx_word' id='word_1_71' title='bbox 794 1965 830 2036; x_wconf 88' lang='lat' dir='ltr'><strong>d&#39;</strong></span> <span class='ocrx_word' id='word_1_72' title='bbox 843 1969 920 2040; x_wconf 78' lang='lat' dir='ltr'><strong>esto</strong></span> <span class='ocrx_word' id='word_1_73' title='bbox 941 1983 1042 2056; x_wconf 79' lang='lat' dir='ltr'><strong>roso,</strong></span> <span class='ocrx_word' id='word_1_74' title='bbox 1063 1964 1167 2057; x_wconf 85' lang='lat' dir='ltr'><strong>idest,</strong></span> <span class='ocrx_word' id='word_1_75' title='bbox 1183 1965 1259 2041; x_wconf 91' lang='lat' dir='ltr'><strong>duo</strong></span> <span class='ocrx_word' id='word_1_76' title='bbox 1284 1965 1459 2062; x_wconf 87' lang='lat' dir='ltr'><strong>principia</strong></span> <span class='ocrx_word' id='word_1_77' title='bbox 1484 1972 1523 2042; x_wconf 90' lang='lat' dir='ltr'><strong>et</strong></span> <span class='ocrx_word' id='word_1_78' title='bbox 1547 1986 1611 2046; x_wconf 78' lang='lat' dir='ltr'><strong>cu·</strong></span> 
     </span>
     <span class='ocr_line' id='line_1_11' title="bbox 439 2080 1611 2182; baseline 0.003 -26"><span class='ocrx_word' id='word_1_79' title='bbox 439 2081 513 2179; x_wconf 88' lang='lat' dir='ltr'><strong>pita</strong></span> <span class='ocrx_word' id='word_1_80' title='bbox 542 2080 653 2158; x_wconf 91' lang='lat' dir='ltr'><strong>buius</strong></span> <span class='ocrx_word' id='word_1_81' title='bbox 682 2082 763 2158; x_wconf 86' lang='lat' dir='ltr'><strong>coeli</strong></span> <span class='ocrx_word' id='word_1_82' title='bbox 793 2083 970 2180; x_wconf 82' lang='lat' dir='ltr'><strong>empyrei.</strong></span> <span class='ocrx_word' id='word_1_83' title='bbox 1005 2085 1049 2161; x_wconf 80' lang='lat' dir='ltr'><strong>lit</strong></span> <span class='ocrx_word' id='word_1_84' title='bbox 1081 2084 1204 2160; x_wconf 83' lang='lat' dir='ltr'><strong>subdit</strong></span> <span class='ocrx_word' id='word_1_85' title='bbox 1235 2085 1420 2182; x_wconf 83' lang='lat' dir='ltr'><strong>explicans</strong></span> <span class='ocrx_word' id='word_1_86' title='bbox 1448 2084 1611 2182; x_wconf 89' lang='lat' dir='ltr'><strong>primum</strong></span> 
     </span>
     <span class='ocr_line' id='line_1_12' title="bbox 438 2193 1611 2302; baseline 0 -24"><span class='ocrx_word' id='word_1_87' title='bbox 438 2222 552 2298; x_wconf 80' lang='lat' dir='ltr'><strong>quem</strong></span> <span class='ocrx_word' id='word_1_88' title='bbox 584 2202 756 2286; x_wconf 76' lang='lat' dir='ltr'><strong>describit</strong></span> <span class='ocrx_word' id='word_1_89' title='bbox 779 2203 984 2300; x_wconf 84' lang='lat' dir='ltr'><strong>specialiter</strong></span> <span class='ocrx_word' id='word_1_90' title='bbox 1008 2205 1057 2281; x_wconf 90' lang='lat' dir='ltr'><strong>ab</strong></span> <span class='ocrx_word' id='word_1_91' title='bbox 1080 2204 1230 2282; x_wconf 78' lang='lat' dir='ltr'><strong>amabili</strong></span> <span class='ocrx_word' id='word_1_92' title='bbox 1246 2193 1282 2296; x_wconf 76' lang='lat'><strong>(⁸)</strong></span> <span class='ocrx_word' id='word_1_93' title='bbox 1311 2203 1611 2302; x_wconf 80' lang='lat' dir='ltr'><strong>transgressione.</strong></span> 
     </span>
     <span class='ocr_line' id='line_1_13' title="bbox 442 2316 1611 2424; baseline 0 -26"><span class='ocrx_word' id='word_1_94' title='bbox 442 2325 539 2398; x_wconf 74' lang='lat' dir='ltr'><strong>colui</strong></span> <span class='ocrx_word' id='word_1_95' title='bbox 562 2324 622 2418; x_wconf 76' lang='lat' dir='ltr'><strong>cite</strong></span> <span class='ocrx_word' id='word_1_96' title='bbox 645 2325 678 2398; x_wconf 76' lang='lat' dir='ltr'><strong>le</strong></span> <span class='ocrx_word' id='word_1_97' title='bbox 700 2326 915 2418; x_wconf 62' lang='lat' dir='ltr'><strong>scapinio,</strong></span> <span class='ocrx_word' id='word_1_98' title='bbox 931 2324 1035 2420; x_wconf 86' lang='lat' dir='ltr'><strong>idest,</strong></span> <span class='ocrx_word' id='word_1_99' title='bbox 1052 2325 1321 2424; x_wconf 83' lang='lat' dir='ltr'><strong>appropinquat</strong></span> <span class='ocrx_word' id='word_1_100' title='bbox 1340 2325 1406 2420; x_wconf 91' lang='lat' dir='ltr'><strong>ipsi</strong></span> <span class='ocrx_word' id='word_1_101' title='bbox 1428 2316 1611 2418; x_wconf 67' lang='lat' dir='ltr'><strong>Mariaell).</strong></span> 
     </span>
     <span class='ocr_line' id='line_1_14' title="bbox 439 2439 1608 2542; baseline 0.003 -24"><span class='ocrx_word' id='word_1_102' title='bbox 439 2446 489 2518; x_wconf 88' lang='lat' dir='ltr'><strong>du</strong></span> <span class='ocrx_word' id='word_1_103' title='bbox 511 2446 657 2518; x_wconf 73' lang='lat' dir='ltr'><strong>musco</strong></span> <span class='ocrx_word' id='word_1_104' title='bbox 682 2439 752 2518; x_wconf 72' lang='lat' dir='ltr'><strong>e&#39;u</strong></span> <span class='ocrx_word' id='word_1_105' title='bbox 770 2448 897 2540; x_wconf 81' lang='lat' dir='ltr'><strong>padre,</strong></span> <span class='ocrx_word' id='word_1_106' title='bbox 919 2445 1068 2542; x_wconf 74' lang='lat' dir='ltr'><strong>scilicet,</strong></span> <span class='ocrx_word' id='word_1_107' title='bbox 1088 2445 1204 2522; x_wconf 76' lang='lat' dir='ltr'><strong>Adam</strong></span> <span class='ocrx_word' id='word_1_108' title='bbox 1230 2453 1335 2542; x_wconf 88' lang='lat' dir='ltr'><strong>pater</strong></span> <span class='ocrx_word' id='word_1_109' title='bbox 1359 2445 1547 2540; x_wconf 89' lang='lat' dir='ltr'><strong>omnium;</strong></span> <span class='ocrx_word' id='word_1_110' title='bbox 1570 2454 1608 2524; x_wconf 85' lang='lat' dir='ltr'><strong>et</strong></span> 
     </span>
     <span class='ocr_line' id='line_1_15' title="bbox 438 2563 1650 2663; baseline 0.002 -25"><span class='ocrx_word' id='word_1_111' title='bbox 438 2563 543 2640; x_wconf 90' lang='lat' dir='ltr'><strong>dicit:</strong></span> <span class='ocrx_word' id='word_1_112' title='bbox 566 2585 635 2658; x_wconf 80' lang='lat' dir='ltr'><strong>per</strong></span> <span class='ocrx_word' id='word_1_113' title='bbox 658 2567 695 2640; x_wconf 84' lang='lat' dir='ltr'><strong>to</strong></span> <span class='ocrx_word' id='word_1_114' title='bbox 718 2568 775 2640; x_wconf 86' lang='lat' dir='ltr'><strong>cui</strong></span> <span class='ocrx_word' id='word_1_115' title='bbox 796 2567 916 2648; x_wconf 84' lang='lat' dir='ltr'><strong>ordito</strong></span> <span class='ocrx_word' id='word_1_116' title='bbox 939 2573 1054 2658; x_wconf 72' lang='lat' dir='ltr'><strong>moto,</strong></span> <span class='ocrx_word' id='word_1_117' title='bbox 1070 2565 1175 2662; x_wconf 85' lang='lat' dir='ltr'><strong>idest,</strong></span> <span class='ocrx_word' id='word_1_118' title='bbox 1193 2565 1486 2663; x_wconf 82' lang='lat' dir='ltr'><strong>degustationem</strong></span> <span class='ocrx_word' id='word_1_119' title='bbox 1513 2566 1612 2662; x_wconf 86' lang='lat' dir='ltr'><strong>pomi</strong></span> <span class='ocrx_word' id='word_1_120' title='bbox 1647 2607 1650 2614; x_wconf 89' lang='lat'>·</span> 
     </span>
     <span class='ocr_line' id='line_1_16' title="bbox 439 2685 1612 2784; baseline 0.003 -24"><span class='ocrx_word' id='word_1_121' title='bbox 439 2687 478 2764; x_wconf 90' lang='lat' dir='ltr'><strong>iu</strong></span> <span class='ocrx_word' id='word_1_122' title='bbox 501 2707 577 2782; x_wconf 85' lang='lat' dir='ltr'><strong>qua</strong></span> <span class='ocrx_word' id='word_1_123' title='bbox 601 2685 670 2761; x_wconf 86' lang='lat' dir='ltr'><strong>luit</strong></span> <span class='ocrx_word' id='word_1_124' title='bbox 693 2686 802 2764; x_wconf 86' lang='lat' dir='ltr'><strong>nimis</strong></span> <span class='ocrx_word' id='word_1_125' title='bbox 825 2686 949 2764; x_wconf 84' lang='lat' dir='ltr'><strong>audax</strong></span> <span class='ocrx_word' id='word_1_126' title='bbox 973 2694 1012 2765; x_wconf 85' lang='lat' dir='ltr'><strong>et</strong></span> <span class='ocrx_word' id='word_1_127' title='bbox 1036 2688 1269 2784; x_wconf 83' lang='lat' dir='ltr'><strong>temerarius,</strong></span> <span class='ocrx_word' id='word_1_128' title='bbox 1287 2688 1374 2784; x_wconf 88' lang='lat' dir='ltr'><strong>quia</strong></span> <span class='ocrx_word' id='word_1_129' title='bbox 1395 2707 1514 2783; x_wconf 90' lang='lat' dir='ltr'><strong>nuper</strong></span> <span class='ocrx_word' id='word_1_130' title='bbox 1535 2687 1612 2763; x_wconf 88' lang='lat' dir='ltr'><strong>lor·</strong></span> 
     </span>
     <span class='ocr_line' id='line_1_17' title="bbox 441 2807 1611 2907; baseline 0.002 -23"><span class='ocrx_word' id='word_1_131' title='bbox 441 2817 563 2888; x_wconf 89' lang='lat' dir='ltr'><strong>matus</strong></span> <span class='ocrx_word' id='word_1_132' title='bbox 587 2829 704 2886; x_wconf 89' lang='lat' dir='ltr'><strong>manu</strong></span> <span class='ocrx_word' id='word_1_133' title='bbox 726 2807 849 2884; x_wconf 84' lang='lat' dir='ltr'><strong>divina</strong></span> <span class='ocrx_word' id='word_1_134' title='bbox 874 2810 1106 2906; x_wconf 70' lang='lat' dir='ltr'><strong>presumpsit</strong></span> <span class='ocrx_word' id='word_1_135' title='bbox 1129 2810 1269 2888; x_wconf 86' lang='lat' dir='ltr'><strong>violare</strong></span> <span class='ocrx_word' id='word_1_136' title='bbox 1292 2817 1518 2907; x_wconf 76' lang='lat' dir='ltr'><strong>preceptum</strong></span> <span class='ocrx_word' id='word_1_137' title='bbox 1537 2809 1611 2886; x_wconf 85' lang='lat' dir='ltr'><strong>llo-</strong></span> 
     </span>
     <span class='ocr_line' id='line_1_18' title="bbox 440 2929 1611 3028; baseline 0.001 -24"><span class='ocrx_word' id='word_1_138' title='bbox 440 2929 551 3025; x_wconf 90' lang='lat' dir='ltr'><strong>miui;</strong></span> <span class='ocrx_word' id='word_1_139' title='bbox 577 2932 745 3004; x_wconf 76' lang='lat' dir='ltr'><strong>tuotone</strong></span> <span class='ocrx_word' id='word_1_140' title='bbox 776 2933 889 3023; x_wconf 77' lang='lat' dir='ltr'><strong>specie</strong></span> <span class='ocrx_word' id='word_1_141' title='bbox 920 2938 1017 3006; x_wconf 78' lang='lat' dir='ltr'><strong>turtio</strong></span> <span class='ocrx_word' id='word_1_142' title='bbox 1049 2953 1177 3006; x_wconf 78' lang='lat' dir='ltr'><strong>ammo</strong></span> <span class='ocrx_word' id='word_1_143' title='bbox 1207 2939 1324 3025; x_wconf 72' lang='lat' dir='ltr'><strong>muto,</strong></span> <span class='ocrx_word' id='word_1_144' title='bbox 1353 2931 1455 3027; x_wconf 86' lang='lat' dir='ltr'><strong>idest,</strong></span> <span class='ocrx_word' id='word_1_145' title='bbox 1486 2935 1611 3028; x_wconf 80' lang='lat' dir='ltr'><strong>gustat</strong></span> 
     </span>
    </p>
   </div>
   <div class='ocr_carea' id='block_1_3' title="bbox 283 3049 1609 3146">
    <p class='ocr_par' dir='ltr' id='par_1_3' title="bbox 283 3049 1609 3146">
     <span class='ocr_line' id='line_1_19' title="bbox 283 3049 1609 3146; baseline 0.003 -22"><span class='ocrx_word' id='word_1_146' title='bbox 283 3105 287 3112; x_wconf 85' lang='lat'>.</span> <span class='ocrx_word' id='word_1_147' title='bbox 438 3049 723 3126; x_wconf 89' lang='lat' dir='ltr'><strong>amaritudinem</strong></span> <span class='ocrx_word' id='word_1_148' title='bbox 748 3069 869 3146; x_wconf 82' lang='lat' dir='ltr'><strong>poenae</strong></span> <span class='ocrx_word' id='word_1_149' title='bbox 893 3058 931 3127; x_wconf 88' lang='lat' dir='ltr'><strong>et</strong></span> <span class='ocrx_word' id='word_1_150' title='bbox 956 3051 1096 3146; x_wconf 88' lang='lat' dir='ltr'><strong>mortis,</strong></span> <span class='ocrx_word' id='word_1_151' title='bbox 1121 3059 1159 3128; x_wconf 93' lang='lat' dir='ltr'><strong>et</strong></span> <span class='ocrx_word' id='word_1_152' title='bbox 1182 3052 1340 3128; x_wconf 86' lang='lat' dir='ltr'><strong>aliarum</strong></span> <span class='ocrx_word' id='word_1_153' title='bbox 1373 3052 1609 3128; x_wconf 89' lang='lat' dir='ltr'><strong>miseriarum</strong></span> 
     </span>
    </p>
   </div>
   <div class='ocr_carea' id='block_1_4' title="bbox 432 3169 1614 3630">
    <p class='ocr_par' dir='ltr' id='par_1_4' title="bbox 432 3169 1614 3630">
     <span class='ocr_line' id='line_1_20' title="bbox 439 3169 1610 3268; baseline 0.001 -24"><span class='ocrx_word' id='word_1_154' title='bbox 439 3191 531 3265; x_wconf 89' lang='lat' dir='ltr'><strong>quas</strong></span> <span class='ocrx_word' id='word_1_155' title='bbox 555 3169 710 3246; x_wconf 86' lang='lat' dir='ltr'><strong>incurrit</strong></span> <span class='ocrx_word' id='word_1_156' title='bbox 739 3177 889 3266; x_wconf 84' lang='lat' dir='ltr'><strong>propter</strong></span> <span class='ocrx_word' id='word_1_157' title='bbox 919 3179 1125 3267; x_wconf 74' lang='lat' dir='ltr'><strong>peccudum.</strong></span> <span class='ocrx_word' id='word_1_158' title='bbox 1150 3172 1195 3246; x_wconf 84' lang='lat' dir='ltr'><strong>llt</strong></span> <span class='ocrx_word' id='word_1_159' title='bbox 1220 3173 1375 3268; x_wconf 89' lang='lat' dir='ltr'><strong>explicat</strong></span> <span class='ocrx_word' id='word_1_160' title='bbox 1404 3171 1610 3248; x_wconf 85' lang='lat' dir='ltr'><strong>secundum</strong></span> 
     </span>
     <span class='ocr_line' id='line_1_21' title="bbox 438 3290 1614 3389; baseline 0.003 -25"><span class='ocrx_word' id='word_1_161' title='bbox 438 3311 550 3386; x_wconf 85' lang='lat' dir='ltr'><strong>quem</strong></span> <span class='ocrx_word' id='word_1_162' title='bbox 576 3290 748 3368; x_wconf 87' lang='lat' dir='ltr'><strong>describit</strong></span> <span class='ocrx_word' id='word_1_163' title='bbox 771 3311 796 3366; x_wconf 91' lang='lat' dir='ltr'><strong>a</strong></span> <span class='ocrx_word' id='word_1_164' title='bbox 820 3291 998 3389; x_wconf 76' lang='lat' dir='ltr'><strong>singulari</strong></span> <span class='ocrx_word' id='word_1_165' title='bbox 1023 3298 1214 3389; x_wconf 83' lang='lat' dir='ltr'><strong>potestate,</strong></span> <span class='ocrx_word' id='word_1_166' title='bbox 1248 3293 1392 3369; x_wconf 85' lang='lat' dir='ltr'><strong>dicens:</strong></span> <span class='ocrx_word' id='word_1_167' title='bbox 1428 3295 1506 3368; x_wconf 81' lang='lat' dir='ltr'><strong>verti</strong></span> <span class='ocrx_word' id='word_1_168' title='bbox 1534 3294 1614 3385; x_wconf 78' lang='lat' dir='ltr'><strong>quel</strong></span> 
     </span>
     <span class='ocr_line' id='line_1_22' title="bbox 432 3410 1611 3509; baseline 0.002 -25"><span class='ocrx_word' id='word_1_169' title='bbox 432 3413 551 3504; x_wconf 85' lang='lat' dir='ltr'><strong>podre</strong></span> <span class='ocrx_word' id='word_1_170' title='bbox 563 3418 706 3503; x_wconf 77' lang='lat' dir='ltr'><strong>reduto,</strong></span> <span class='ocrx_word' id='word_1_171' title='bbox 718 3410 867 3507; x_wconf 79' lang='lat' dir='ltr'><strong>scilicet,</strong></span> <span class='ocrx_word' id='word_1_172' title='bbox 884 3413 1036 3489; x_wconf 90' lang='lat' dir='ltr'><strong>Petrum</strong></span> <span class='ocrx_word' id='word_1_173' title='bbox 1054 3432 1196 3508; x_wconf 86' lang='lat' dir='ltr'><strong>senem,</strong></span> <span class='ocrx_word' id='word_1_174' title='bbox 1214 3413 1277 3508; x_wconf 90' lang='lat' dir='ltr'><strong>qui</strong></span> <span class='ocrx_word' id='word_1_175' title='bbox 1295 3412 1362 3487; x_wconf 91' lang='lat' dir='ltr'><strong>luit</strong></span> <span class='ocrx_word' id='word_1_176' title='bbox 1378 3418 1482 3509; x_wconf 89' lang='lat' dir='ltr'><strong>petra</strong></span> <span class='ocrx_word' id='word_1_177' title='bbox 1503 3411 1611 3487; x_wconf 89' lang='lat' dir='ltr'><strong>flrma</strong></span> 
     </span>
     <span class='ocr_line' id='line_1_23' title="bbox 438 3530 1611 3630; baseline 0.001 -25"><span class='ocrx_word' id='word_1_178' title='bbox 438 3551 545 3606; x_wconf 81' lang='lat' dir='ltr'><strong>nouae</strong></span> <span class='ocrx_word' id='word_1_179' title='bbox 573 3530 667 3627; x_wconf 68' lang='lat' dir='ltr'><strong>fidei</strong></span> <span class='ocrx_word' id='word_1_180' title='bbox 683 3535 722 3606; x_wconf 85' lang='lat' dir='ltr'><strong>di</strong></span> <span class='ocrx_word' id='word_1_181' title='bbox 743 3542 849 3608; x_wconf 79' lang='lat' dir='ltr'><strong>ronta</strong></span> <span class='ocrx_word' id='word_1_182' title='bbox 872 3535 1002 3628; x_wconf 63' lang='lat' dir='ltr'><strong>ntimo</strong></span> <span class='ocrx_word' id='word_1_183' title='bbox 1029 3535 1118 3630; x_wconf 80' lang='lat' dir='ltr'><strong>quia</strong></span> <span class='ocrx_word' id='word_1_184' title='bbox 1143 3533 1213 3608; x_wconf 83' lang='lat' dir='ltr'><strong>suit</strong></span> <span class='ocrx_word' id='word_1_185' title='bbox 1238 3532 1379 3628; x_wconf 89' lang='lat' dir='ltr'><strong>primus</strong></span> <span class='ocrx_word' id='word_1_186' title='bbox 1400 3539 1504 3627; x_wconf 87' lang='lat' dir='ltr'><strong>pater</strong></span> <span class='ocrx_word' id='word_1_187' title='bbox 1525 3553 1611 3606; x_wconf 86' lang='lat' dir='ltr'><strong>san·</strong></span> 
     </span>
    </p>
   </div>
   <div class='ocr_carea' id='block_1_5' title="bbox 438 3645 1613 3990">
    <p class='ocr_par' dir='ltr' id='par_1_5' title="bbox 438 3645 1613 3990">
     <span class='ocr_line' id='line_1_24' title="bbox 438 3645 1612 3748; baseline -0.001 -22"><span class='ocrx_word' id='word_1_188' title='bbox 438 3658 532 3744; x_wconf 89' lang='lat' dir='ltr'><strong>ctus,</strong></span> <span class='ocrx_word' id='word_1_189' title='bbox 557 3651 662 3745; x_wconf 83' lang='lat' dir='ltr'><strong>idest,</strong></span> <span class='ocrx_word' id='word_1_190' title='bbox 686 3673 792 3748; x_wconf 88' lang='lat' dir='ltr'><strong>papa,</strong></span> <span class='ocrx_word' id='word_1_191' title='bbox 817 3653 917 3729; x_wconf 88' lang='lat' dir='ltr'><strong>unde</strong></span> <span class='ocrx_word' id='word_1_192' title='bbox 940 3653 1046 3728; x_wconf 89' lang='lat' dir='ltr'><strong>dicit:</strong></span> <span class='ocrx_word' id='word_1_193' title='bbox 1072 3675 1097 3727; x_wconf 91' lang='lat' dir='ltr'><strong>o</strong></span> <span class='ocrx_word' id='word_1_194' title='bbox 1120 3657 1177 3728; x_wconf 81' lang='lat' dir='ltr'><strong>etri</strong></span> <span class='ocrx_word' id='word_1_195' title='bbox 1195 3655 1309 3727; x_wconf 78' lang='lat' dir='ltr'><strong>cristo</strong></span> <span class='ocrx_word' id='word_1_196' title='bbox 1325 3645 1612 3744; x_wconf 80' lang='lat' dir='ltr'><strong>ruocomonddle</strong></span> 
     </span>
     <span class='ocr_line' id='line_1_25' title="bbox 438 3770 1611 3868; baseline -0.002 -22"><span class='ocrx_word' id='word_1_197' title='bbox 438 3774 554 3848; x_wconf 74' lang='lat' dir='ltr'><strong>cnon</strong></span> <span class='ocrx_word' id='word_1_198' title='bbox 577 3774 615 3847; x_wconf 85' lang='lat' dir='ltr'><strong>dt</strong></span> <span class='ocrx_word' id='word_1_199' title='bbox 634 3779 751 3866; x_wconf 75' lang='lat' dir='ltr'><strong>questo</strong></span> <span class='ocrx_word' id='word_1_200' title='bbox 771 3774 1015 3867; x_wconf 67' lang='lat' dir='ltr'><strong>pervenero,</strong></span> <span class='ocrx_word' id='word_1_201' title='bbox 1034 3772 1139 3868; x_wconf 82' lang='lat' dir='ltr'><strong>idest,</strong></span> <span class='ocrx_word' id='word_1_202' title='bbox 1156 3793 1263 3866; x_wconf 86' lang='lat' dir='ltr'><strong>rosae,</strong></span> <span class='ocrx_word' id='word_1_203' title='bbox 1281 3791 1366 3867; x_wconf 85' lang='lat' dir='ltr'><strong>quae</strong></span> <span class='ocrx_word' id='word_1_204' title='bbox 1384 3777 1439 3847; x_wconf 93' lang='lat' dir='ltr'><strong>est</strong></span> <span class='ocrx_word' id='word_1_205' title='bbox 1464 3770 1611 3867; x_wconf 87' lang='lat' dir='ltr'><strong>pulcer-</strong></span> 
     </span>
     <span class='ocr_line' id='line_1_26' title="bbox 439 3891 1613 3990; baseline 0 -24"><span class='ocrx_word' id='word_1_206' title='bbox 439 3893 535 3970; x_wconf 87' lang='lat' dir='ltr'><strong>rima</strong></span> <span class='ocrx_word' id='word_1_207' title='bbox 558 3893 707 3987; x_wconf 88' lang='lat' dir='ltr'><strong>tiorum,</strong></span> <span class='ocrx_word' id='word_1_208' title='bbox 734 3893 840 3986; x_wconf 85' lang='lat' dir='ltr'><strong>quasi</strong></span> <span class='ocrx_word' id='word_1_209' title='bbox 870 3892 968 3970; x_wconf 86' lang='lat' dir='ltr'><strong>dicat</strong></span> <span class='ocrx_word' id='word_1_210' title='bbox 998 3893 1103 3990; x_wconf 76' lang='lat' dir='ltr'><strong>regni</strong></span> <span class='ocrx_word' id='word_1_211' title='bbox 1135 3892 1331 3987; x_wconf 80' lang='lat' dir='ltr'><strong>colorum,</strong></span> <span class='ocrx_word' id='word_1_212' title='bbox 1357 3901 1395 3968; x_wconf 87' lang='lat' dir='ltr'><strong>ot</strong></span> <span class='ocrx_word' id='word_1_213' title='bbox 1418 3891 1523 3967; x_wconf 90' lang='lat' dir='ltr'><strong>dicit:</strong></span> <span class='ocrx_word' id='word_1_214' title='bbox 1549 3893 1613 3966; x_wconf 87' lang='lat' dir='ltr'><strong>dot</strong></span> 
     </span>
    </p>
   </div>
   <div class='ocr_carea' id='block_1_6' title="bbox 438 4012 1611 4481">
    <p class='ocr_par' dir='ltr' id='par_1_6' title="bbox 438 4012 1611 4481">
     <span class='ocr_line' id='line_1_27' title="bbox 438 4012 1611 4110; baseline 0 -22"><span class='ocrx_word' id='word_1_215' title='bbox 438 4015 569 4104; x_wconf 71' lang='lat' dir='ltr'><strong>dono,</strong></span> <span class='ocrx_word' id='word_1_216' title='bbox 595 4012 732 4090; x_wconf 85' lang='lat' dir='ltr'><strong>scilicet</strong></span> <span class='ocrx_word' id='word_1_217' title='bbox 756 4015 873 4090; x_wconf 86' lang='lat' dir='ltr'><strong>latere</strong></span> <span class='ocrx_word' id='word_1_218' title='bbox 897 4015 1030 4090; x_wconf 75' lang='lat' dir='ltr'><strong>Maria.</strong></span> <span class='ocrx_word' id='word_1_219' title='bbox 1058 4013 1161 4090; x_wconf 89' lang='lat' dir='ltr'><strong>Unde</strong></span> <span class='ocrx_word' id='word_1_220' title='bbox 1184 4019 1273 4091; x_wconf 87' lang='lat' dir='ltr'><strong>uota</strong></span> <span class='ocrx_word' id='word_1_221' title='bbox 1304 4013 1404 4108; x_wconf 85' lang='lat' dir='ltr'><strong>quod</strong></span> <span class='ocrx_word' id='word_1_222' title='bbox 1432 4013 1493 4088; x_wconf 93' lang='lat' dir='ltr'><strong>illa</strong></span> <span class='ocrx_word' id='word_1_223' title='bbox 1525 4033 1611 4110; x_wconf 90' lang='lat' dir='ltr'><strong>pars</strong></span> 
     </span>
     <span class='ocr_line' id='line_1_28' title="bbox 438 4131 1609 4228; baseline 0.003 -22"><span class='ocrx_word' id='word_1_224' title='bbox 438 4131 559 4208; x_wconf 85' lang='lat' dir='ltr'><strong>media</strong></span> <span class='ocrx_word' id='word_1_225' title='bbox 585 4152 691 4228; x_wconf 84' lang='lat' dir='ltr'><strong>rosae,</strong></span> <span class='ocrx_word' id='word_1_226' title='bbox 717 4133 755 4208; x_wconf 93' lang='lat' dir='ltr'><strong>in</strong></span> <span class='ocrx_word' id='word_1_227' title='bbox 780 4154 855 4228; x_wconf 90' lang='lat' dir='ltr'><strong>qua</strong></span> <span class='ocrx_word' id='word_1_228' title='bbox 880 4141 967 4210; x_wconf 88' lang='lat' dir='ltr'><strong>sunt</strong></span> <span class='ocrx_word' id='word_1_229' title='bbox 991 4134 1142 4228; x_wconf 83' lang='lat' dir='ltr'><strong>hebraei,</strong></span> <span class='ocrx_word' id='word_1_230' title='bbox 1167 4140 1224 4209; x_wconf 84' lang='lat' dir='ltr'><strong>est</strong></span> <span class='ocrx_word' id='word_1_231' title='bbox 1252 4155 1275 4209; x_wconf 91' lang='lat' dir='ltr'><strong>a</strong></span> <span class='ocrx_word' id='word_1_232' title='bbox 1304 4133 1448 4209; x_wconf 89' lang='lat' dir='ltr'><strong>sinistra</strong></span> <span class='ocrx_word' id='word_1_233' title='bbox 1473 4133 1609 4228; x_wconf 83' lang='lat' dir='ltr'><strong>ldariae,</strong></span> 
     </span>
     <span class='ocr_line' id='line_1_29' title="bbox 439 4252 1611 4350; baseline 0.003 -21"><span class='ocrx_word' id='word_1_234' title='bbox 439 4252 526 4348; x_wconf 88' lang='lat' dir='ltr'><strong>quia</strong></span> <span class='ocrx_word' id='word_1_235' title='bbox 550 4272 624 4328; x_wconf 93' lang='lat' dir='ltr'><strong>non</strong></span> <span class='ocrx_word' id='word_1_236' title='bbox 649 4254 761 4332; x_wconf 88' lang='lat' dir='ltr'><strong>babet</strong></span> <span class='ocrx_word' id='word_1_237' title='bbox 785 4260 931 4332; x_wconf 88' lang='lat' dir='ltr'><strong>tantum</strong></span> <span class='ocrx_word' id='word_1_238' title='bbox 956 4253 1151 4349; x_wconf 77' lang='lat' dir='ltr'><strong>felicitatis3</strong></span> <span class='ocrx_word' id='word_1_239' title='bbox 1167 4253 1240 4330; x_wconf 91' lang='lat' dir='ltr'><strong>alia</strong></span> <span class='ocrx_word' id='word_1_240' title='bbox 1261 4274 1351 4330; x_wconf 83' lang='lat' dir='ltr'><strong>vero</strong></span> <span class='ocrx_word' id='word_1_241' title='bbox 1367 4254 1405 4328; x_wconf 92' lang='lat' dir='ltr'><strong>in</strong></span> <span class='ocrx_word' id='word_1_242' title='bbox 1422 4275 1497 4350; x_wconf 87' lang='lat' dir='ltr'><strong>qua</strong></span> <span class='ocrx_word' id='word_1_243' title='bbox 1513 4259 1611 4332; x_wconf 90' lang='lat' dir='ltr'><strong>stant</strong></span> 
     </span>
     <span class='ocr_line' id='line_1_30' title="bbox 439 4372 1611 4481; baseline 0.002 -33"><span class='ocrx_word' id='word_1_244' title='bbox 439 4372 625 4481; x_wconf 83' lang='lat' dir='ltr'><strong>christiani</strong></span> <span class='ocrx_word' id='word_1_245' title='bbox 645 4381 700 4450; x_wconf 87' lang='lat' dir='ltr'><strong>est</strong></span> <span class='ocrx_word' id='word_1_246' title='bbox 716 4395 739 4449; x_wconf 93' lang='lat' dir='ltr'><strong>a</strong></span> <span class='ocrx_word' id='word_1_247' title='bbox 764 4374 906 4471; x_wconf 83' lang='lat' dir='ltr'><strong>dextra,</strong></span> <span class='ocrx_word' id='word_1_248' title='bbox 923 4375 1011 4470; x_wconf 89' lang='lat' dir='ltr'><strong>quia</strong></span> <span class='ocrx_word' id='word_1_249' title='bbox 1036 4374 1172 4452; x_wconf 89' lang='lat' dir='ltr'><strong>babent</strong></span> <span class='ocrx_word' id='word_1_250' title='bbox 1191 4375 1273 4470; x_wconf 91' lang='lat' dir='ltr'><strong>plus</strong></span> <span class='ocrx_word' id='word_1_251' title='bbox 1290 4373 1478 4467; x_wconf 81' lang='lat' dir='ltr'><strong>felicitatis,</strong></span> <span class='ocrx_word' id='word_1_252' title='bbox 1496 4394 1611 4471; x_wconf 87' lang='lat' dir='ltr'><strong>quam</strong></span> 
     </span>
    </p>
   </div>
   <div class='ocr_carea' id='block_1_7' title="bbox 439 4615 1612 5062">
    <p class='ocr_par' dir='ltr' id='par_1_7' title="bbox 439 4615 1612 5062">
     <span class='ocr_line' id='line_1_31' title="bbox 497 4615 1261 4680; baseline 0.004 -15"><span class='ocrx_word' id='word_1_253' title='bbox 497 4615 526 4676; x_wconf 83' lang='lat'><strong>(¹)</strong></span> <span class='ocrx_word' id='word_1_254' title='bbox 541 4615 573 4664; x_wconf 84' lang='lat' dir='ltr'><strong>E.</strong></span> <span class='ocrx_word' id='word_1_255' title='bbox 588 4616 699 4680; x_wconf 82' lang='lat' dir='ltr'><strong>imperto</strong></span> <span class='ocrx_word' id='word_1_256' title='bbox 714 4622 791 4668; x_wconf 78' lang='lat' dir='ltr'><strong>uatus</strong></span> <span class='ocrx_word' id='word_1_257' title='bbox 806 4623 846 4669; x_wconf 78' lang='lat' dir='ltr'><strong>cst</strong></span> <span class='ocrx_word' id='word_1_258' title='bbox 860 4615 977 4669; x_wconf 76' lang='lat' dir='ltr'><strong>cbristus</strong></span> <span class='ocrx_word' id='word_1_259' title='bbox 991 4622 1019 4670; x_wconf 85' lang='lat' dir='ltr'><strong>ct</strong></span> <span class='ocrx_word' id='word_1_260' title='bbox 1034 4617 1201 4674; x_wconf 69' lang='lat' dir='ltr'><strong>immotam:</strong></span> <span class='ocrx_word' id='word_1_261' title='bbox 1217 4617 1261 4668; x_wconf 86' lang='lat' dir='ltr'><strong>ita.</strong></span> 
     </span>
     <span class='ocr_line' id='line_1_32' title="bbox 498 4688 1053 4753; baseline 0.009 -14"><span class='ocrx_word' id='word_1_262' title='bbox 498 4688 527 4753; x_wconf 65' lang='lat'><strong>(⁸)</strong></span> <span class='ocrx_word' id='word_1_263' title='bbox 544 4689 574 4741; x_wconf 82' lang='lat' dir='ltr'><strong>li.</strong></span> <span class='ocrx_word' id='word_1_264' title='bbox 592 4689 719 4743; x_wconf 74' lang='lat' dir='ltr'><strong>Dominus</strong></span> <span class='ocrx_word' id='word_1_265' title='bbox 734 4698 823 4744; x_wconf 82' lang='lat' dir='ltr'><strong>noster</strong></span> <span class='ocrx_word' id='word_1_266' title='bbox 838 4693 913 4744; x_wconf 81' lang='lat' dir='ltr'><strong>lesus</strong></span> <span class='ocrx_word' id='word_1_267' title='bbox 927 4693 1053 4745; x_wconf 71' lang='lat' dir='ltr'><strong>Christus</strong></span> 
     </span>
     <span class='ocr_line' id='line_1_33' title="bbox 498 4765 867 4828; baseline 0.016 -13"><span class='ocrx_word' id='word_1_268' title='bbox 498 4765 527 4828; x_wconf 76' lang='lat'><strong>(⁸)</strong></span> <span class='ocrx_word' id='word_1_269' title='bbox 542 4767 574 4816; x_wconf 83' lang='lat' dir='ltr'><strong>ll.</strong></span> <span class='ocrx_word' id='word_1_270' title='bbox 589 4767 657 4817; x_wconf 77' lang='lat' dir='ltr'><strong>sicot</strong></span> <span class='ocrx_word' id='word_1_271' title='bbox 672 4767 867 4828; x_wconf 65' lang='lat' dir='ltr'><strong>intimaras.</strong></span> 
     </span>
     <span class='ocr_line' id='line_1_34' title="bbox 499 4840 1612 4910; baseline 0.003 -17"><span class='ocrx_word' id='word_1_272' title='bbox 499 4841 525 4903; x_wconf 60' lang='grc' dir='ltr'><strong>Γ)</strong></span> <span class='ocrx_word' id='word_1_273' title='bbox 540 4840 598 4893; x_wconf 70' lang='lat' dir='ltr'><strong>foul</strong></span> <span class='ocrx_word' id='word_1_274' title='bbox 614 4842 623 4891; x_wconf 93' lang='grc' dir='ltr'>Ι</span> <span class='ocrx_word' id='word_1_275' title='bbox 638 4840 734 4904; x_wconf 71' lang='lat' dir='ltr'><strong>iodlol,</strong></span> <span class='ocrx_word' id='word_1_276' title='bbox 750 4858 793 4895; x_wconf 85' lang='lat' dir='ltr'><strong>ma</strong></span> <span class='ocrx_word' id='word_1_277' title='bbox 813 4845 839 4895; x_wconf 89' lang='lat' dir='ltr'><strong>ln</strong></span> <span class='ocrx_word' id='word_1_278' title='bbox 861 4845 939 4910; x_wconf 73' lang='lat' dir='ltr'><strong>luogo</strong></span> <span class='ocrx_word' id='word_1_279' title='bbox 959 4844 986 4895; x_wconf 92' lang='lat' dir='ltr'><strong>di</strong></span> <span class='ocrx_word' id='word_1_280' title='bbox 1005 4843 1119 4902; x_wconf 76' lang='lat' dir='ltr'><strong>amoliti,</strong></span> <span class='ocrx_word' id='word_1_281' title='bbox 1140 4845 1245 4897; x_wconf 77' lang='lat' dir='ltr'><strong>sambra</strong></span> <span class='ocrx_word' id='word_1_282' title='bbox 1268 4845 1350 4896; x_wconf 86' lang='lat' dir='ltr'><strong>debba</strong></span> <span class='ocrx_word' id='word_1_283' title='bbox 1371 4845 1412 4898; x_wconf 90' lang='lat' dir='ltr'><strong>dlr</strong></span> <span class='ocrx_word' id='word_1_284' title='bbox 1433 4844 1559 4910; x_wconf 78' lang='lat' dir='ltr'><strong>plnttotto</strong></span> <span class='ocrx_word' id='word_1_285' title='bbox 1579 4845 1612 4896; x_wconf 83' lang='lat' dir='ltr'><strong>ab</strong></span> 
     </span>
     <span class='ocr_line' id='line_1_35' title="bbox 439 4918 1244 4978; baseline -0.005 -1"><span class='ocrx_word' id='word_1_286' title='bbox 439 4920 541 4977; x_wconf 63' lang='lat' dir='ltr'><strong>eadwi·</strong></span> <span class='ocrx_word' id='word_1_287' title='bbox 557 4933 574 4970; x_wconf 87' lang='lat' dir='ltr'><strong>o</strong></span> <span class='ocrx_word' id='word_1_288' title='bbox 590 4918 677 4972; x_wconf 80' lang='lat' dir='ltr'><strong>simili</strong></span> <span class='ocrx_word' id='word_1_289' title='bbox 1218 4971 1221 4978; x_wconf 89' lang='grc'><em>,</em></span> <span class='ocrx_word' id='word_1_290' title='bbox 1239 4947 1244 4954; x_wconf 91' lang='grc'>-</span> 
     </span>
     <span class='ocr_line' id='line_1_36' title="bbox 500 4996 810 5062; baseline 0.006 -14"><span class='ocrx_word' id='word_1_291' title='bbox 500 4996 528 5058; x_wconf 81' lang='lat'><strong>(⁸)</strong></span> <span class='ocrx_word' id='word_1_292' title='bbox 544 4997 577 5048; x_wconf 80' lang='lat' dir='ltr'><strong>li.</strong></span> <span class='ocrx_word' id='word_1_293' title='bbox 593 4996 695 5062; x_wconf 67' lang='lat' dir='ltr'><strong>Virgini</strong></span> <span class='ocrx_word' id='word_1_294' title='bbox 710 4998 810 5052; x_wconf 71' lang='lat' dir='ltr'><strong>Mario.</strong></span> 
     </span>
    </p>
   </div>
   <div class='ocr_carea' id='block_1_8' title="bbox 0 0 2426 6642">
    <p class='ocr_par' dir='ltr' id='par_1_8' title="bbox 0 0 2426 6642">
     <span class='ocr_line' id='line_1_37' title="bbox 0 0 2426 6642; baseline 0 1"><span class='ocrx_word' id='word_1_295' title='bbox 0 0 2426 6642; x_wconf 95' lang='lat' dir='ltr'><strong> </strong></span> 
     </span>
    </p>
   </div>
  </div>
 </body>
</html>
