4842 6642
810 819 881 886 tbi
1200 828 1406 888 counuruu
1430 825 1598 884 nunnnrsr

808 974 893 1050 tacit
916 995 1048 1072 poenm
1075 975 1302 1052 succinctum
1334 981 1373 1052 et
1403 973 1577 1050 diffusum
1608 969 1812 1048 secundum
1838 969 1984 1067 magni·

809 1096 972 1171 tudinem
983 1096 1059 1196 ‘vei
1085 1094 1302 1192 parvitatem
1331 1093 1506 1168 materiae.
1534 1088 1597 1168 Est
1621 1091 1732 1168 etiam
1762 1089 1984 1168 conveniens

809 1214 1005 1290 similitudo
1029 1216 1182 1290 sartoris
1206 1216 1253 1291 ad
1280 1221 1448 1311 poetam3
1479 1214 1573 1289 sicut
1606 1211 1667 1290 iiie
1699 1211 1886 1308 componit
1918 1231 1984 1291 ue·
2074 1299 2077 1306 ⁴

665 1343 669 1354 '
806 1341 899 1410 stem
927 1356 973 1412 er
999 1335 1153 1411 divorsis
1185 1335 1350 1431 partibus
1384 1333 1495 1431 panni
1525 1332 1763 1409 artificialiter
1790 1331 1982 1424 ordinatis;

807 1455 856 1530 ita
882 1463 989 1552 poeta
1015 1456 1311 1553 componitopus
1336 1475 1383 1532 ex
1409 1454 1563 1530 diversis
1580 1453 1746 1549 partibus
1763 1453 1929 1528 materie
1945 1460 1983 1530 et

808 1576 997 1653 coordinat
1021 1576 1143 1651 subtili
1167 1574 1333 1652 artificio.
1359 1575 1403 1650 Et
1428 1575 1524 1650 benc
1548 1572 1775 1666 detractor,
1796 1572 1891 1648 sicut
1916 1572 1983 1648 bo·

732 1743 736 1750 -
809 1717 879 1770 nus
903 1701 1036 1789 sartor,
1062 1697 1149 1790 quia
1175 1695 1374 1791 atiquando
1393 1702 1514 1772 sartor
1539 1713 1586 1774 er
1613 1695 1731 1768 multo
1757 1713 1878 1788 panno
1899 1691 1986 1768 iacit

810 1822 948 1892 restem
974 1837 1126 1912 parvam
1153 1823 1190 1892 et
1215 1816 1369 1894 destruit
1389 1836 1472 1892 eam
1493 1815 1551 1892 vei
1582 1835 1629 1890 er
1659 1814 1880 1911 ignorantia,
1897 1833 1983 1908 qum

810 1943 865 2012 est
892 1958 1068 2034 magnum
1095 1937 1250 2030 maium,
1275 1938 1334 2012 vei
1360 1957 1407 2012 ex
1434 1935 1570 2011 malitia
1601 1955 1687 2030 que
1718 1941 1773 2010 est
1798 1933 1913 2030 peius.
1940 1933 1987 2006 Et

810 2057 931 2131 subdit
961 2047 1049 2152 quid
1082 2062 1195 2132 restet
1223 2056 1422 2155 agendum,
1447 2055 1592 2132 dicens:
1627 2077 1647 2130 c
1680 2057 1902 2130 dazzoemo
1934 2055 1988 2145 pti

809 2180 905 2251 cocti
928 2180 967 2251 oi
986 2181 1105 2270 ptimo
1128 2198 1264 2270 amore,
1288 2177 1390 2273 idest,
1409 2175 1754 2273 contemplationem
1781 2174 1828 2251 ad
1853 2175 1984 2254 diuini-

808 2304 922 2372 tatem
949 2317 1033 2393 quae
1059 2298 1267 2400 estnltima
1294 2296 1462 2391 seticitas3
1488 2304 1525 2374 et
1557 2296 1662 2371 dicit:
1692 2288 1723 2370 si
1748 2297 1808 2379 cte
1833 2297 1983 2388 moreti,

810 2416 911 2511 idest,
937 2416 1101 2512 perfores
1122 2425 1213 2493 'curn
1239 2417 1412 2492 acumine
1441 2415 1539 2491 oculi
1570 2415 1834 2509 intellectualis,
1858 2436 1924 2510 per
1949 2417 1984 2490 to

809 2559 875 2612 suo
895 2541 1048 2632 dripere,
1075 2537 1178 2633 idest,
1204 2539 1332 2614 lumen
1362 2537 1462 2634 quod
1495 2536 1681 2614 descendit
1708 2537 1758 2611 ab
1787 2555 1844 2630 ec,
1870 2555 1983 2628 guor-

810 2661 945 2750 dcndo,
971 2658 1073 2754 idest,
1098 2659 1390 2755 contemplando,
1417 2679 1519 2734 verso
1552 2661 1601 2733 tui
1629 2653 1782 2750 quante*
1806 2657 1982 2750 muritta,

811 2779 947 2855 scilicet
971 2780 1110 2855 bomini
1134 2780 1256 2857 adbuc
1281 2779 1417 2856 virenti
1443 2780 1480 2854 in
1503 2799 1626 2875 carne,
1645 2779 1823 2875 quianon
1849 2777 1985 2854 ridebit

814 2919 876 2976 me
899 2901 1024 2994 bomo,
1045 2907 1084 2976 et
1099 2901 1207 2976 vivet
1223 2941 1272 2956 -
1292 2905 1500 2975 Veramente.
1519 2900 1584 2976 Hic
1601 2899 1670 2975 iste
1686 2904 1834 2974 sanctus
1854 2898 1983 2974 doctor

812 3019 919 3096 docet
942 3027 1112 3096 autorem
1138 3021 1287 3096 modurn
1317 3041 1393 3116 quo
1418 3020 1529 3118 possit
1553 3027 1749 3116 penetrare
1772 3039 1839 3117 per
1866 3019 1985 3115 sulgo-

813 3160 893 3217 rem
910 3134 946 3232 (¹)
960 3140 1138 3236 divinum,
1156 3141 1293 3218 scilicet
1315 3141 1498 3217 mediante
1518 3141 1779 3216 intercessione
1796 3139 1919 3218 Mariae
1932 3130 1985 3233 (¹),

812 3280 861 3336 ue
880 3269 991 3336 autor
1011 3269 1151 3338 temere
1168 3269 1368 3358 presumat
1384 3282 1491 3358 posse
1508 3261 1674 3338 obtinere
1694 3281 1878 3336 summam
1898 3282 1986 3357 gra-

811 3382 900 3456 tiam
925 3402 949 3457 a
974 3402 1124 3456 summo
1148 3381 1299 3457 domino
1323 3381 1402 3459 sine
1427 3381 1596 3478 precibus
1629 3401 1788 3457 summae
1816 3381 1984 3456 dominae.

813 3500 905 3576 Dicit
925 3520 1035 3597 ergo:
1058 3507 1257 3576 Veramente
1273 3505 1418 3578 roncum
1433 3505 1533 3580 ebes*
1539 3505 1677 3596 impert
1687 3505 1819 3593 grazia
1831 3503 1983 3596 oranda

811 3627 850 3696 et
873 3620 1030 3696 ostendit
1054 3641 1078 3696 a
1103 3642 1179 3716 quo
1204 3621 1373 3718 expediat
1398 3623 1555 3720 gratiam
1582 3621 1784 3718 impetrari,
1803 3628 1984 3718 repetens,

810 3745 941 3834 prurio
965 3745 1014 3816 da
1038 3745 1167 3835 quella,
1192 3742 1340 3837 scilicet,
1366 3743 1478 3818 Maria
1492 3733 1543 3836 (³),
1569 3746 1629 3818 obe
1642 3751 1747 3836 prote
1771 3745 1927 3833 obtorti,
1948 3749 1985 3816 et

811 3861 904 3957 dico,
928 3858 975 3937 nt
993 3866 1093 3957 forse
1117 3870 1154 3938 tu
1179 3865 1204 3936 ε’
1216 3865 1363 3956 arreti,
1391 3863 1493 3956 idest,
1517 3883 1563 3938 ne
1588 3861 1683 3938 sorte
1709 3869 1747 3936 tu
1775 3861 1984 3938 retrocedas

813 3987 852 4056 et
875 3981 1056 4077 elongeris
1081 4001 1104 4056 a
1131 3982 1204 4057 tine
1228 3983 1378 4078 intento,
1404 3985 1578 4056 credendo
1602 3986 1756 4077 ottrorti,
1779 3981 1882 4077 idest,
1899 4002 1984 4078 prc-

813 4101 946 4178 cedere
965 4108 1003 4177 et
1020 4103 1303 4198 appropinquari
1325 4102 1390 4198 ipsi
1409 4102 1482 4197 fini,
1500 4105 1669 4178 monendo
1690 4105 1777 4177 tati
1795 4111 1862 4198 ore,
1882 4102 1985 4198 idest,

813 4222 1036 4298 intellectum
1062 4228 1100 4298 et
1125 4222 1340 4318 oraticnem,
1359 4225 1463 4319 quasi
1490 4223 1605 4302 dicat:
1632 4245 1680 4300 ne
1705 4231 1849 4300 temere
1866 4230 1986 4300 tentes

812 4362 900 4418 cum
926 4343 1091 4438 periculo
1116 4349 1191 4417 ture
1218 4343 1335 4418 ruinas
1360 4345 1488 4420 volare
1511 4345 1558 4420 ad
1585 4351 1724 4420 tantmn
1755 4343 1999 4421 altitudinem.

813 4464 967 4560 propriis
983 4464 1123 4539 viribus
1139 4465 1213 4538 tuis
1231 4470 1372 4540 etcum
1391 4471 1467 4541 toto
1485 4465 1605 4542 studio
1626 4465 1819 4562 theologie
1831 4453 1880 4559 (⁸),
1900 4463 1986 4559 quia

813 4592 902 4662 tunc
927 4585 1044 4683 magis
1070 4585 1295 4682 elongareris
1320 4607 1343 4661 a
1367 4587 1473 4684 siguo
1497 4593 1636 4683 quanto
1665 4587 1780 4684 magis
1809 4584 1986 4664 accedere

812 4705 1013 4783 festinares.
1053 4707 1098 4780 Et
1128 4706 1211 4782 ideo
1247 4706 1368 4782 subdit
1399 4707 1609 4784 Beruardus
1647 4707 1745 4804 quod
1784 4705 1903 4783 orabit
1939 4703 1985 4780 ad

875 4896 902 4958 (¹)
918 4894 945 4946 S.
961 4893 1094 4960 ibigorcrn
1110 4897 1189 4948 divini
1205 4895 1320 4958 luminis,
1336 4897 1442 4947 scilicet.
1573 4894 1647 4960 (¹313.
1664 4897 1777 4961 Virginis
1792 4895 1890 4947 bieria.

875 4970 1181 5036 (bertramnum.
1573 4973 1600 5037 (⁸)
1617 4975 1814 5037 srueoroguo.
