4842 6642
787 860 857 928 162
1176 871 1386 926 cunamen
1408 869 1575 924 ranunrsr

785 1017 872 1112 equi
887 1016 936 1092 ad
952 1016 1123 1092 bravium
1142 1015 1343 1112 insignum
1370 1015 1507 1091 festive
1532 1013 1679 1108 letitiae,
1696 1015 1791 1090 sicut
1808 1023 1845 1091 et
1861 1017 1961 1112 apud

786 1139 909 1235 plures
934 1137 1098 1212 civitates
1122 1137 1252 1212 italie:
1278 1145 1316 1212 et
1340 1138 1399 1212 bic
1416 1145 1472 1213 est
1488 1157 1571 1211 mos
1585 1135 1865 1230 antiquissimus
1885 1145 1961 1212 tani

785 1259 884 1355 apud
902 1279 1044 1356 grecos
1061 1279 1174 1354 quam
1191 1257 1291 1352 apud
1308 1277 1492 1332 romanos.
1510 1257 1617 1332 llodo
1640 1257 1688 1332 ad
1713 1258 1960 1353 pmpositmn:

788 1385 980 1456 currentes
995 1379 1042 1455 ad
1058 1379 1230 1454 bravium
1253 1378 1455 1452 transibant
1469 1384 1557 1452 ante
1572 1377 1704 1452 domos
1719 1377 1960 1452 Helisaeorem

788 1499 825 1574 in
859 1500 1034 1596 principio
1067 1500 1187 1574 ultimi
1221 1499 1370 1575 sertorii
1395 1505 1434 1573 et
1463 1519 1578 1595 prope
1603 1501 1804 1575 Mercatum
1840 1506 1959 1588 retus,

787 1621 851 1716 qui
877 1628 932 1696 est
961 1621 1063 1696 locus
1089 1627 1341 1696 mercatorum
1367 1618 1540 1713 antiquus
1562 1627 1601 1695 et
1627 1619 1790 1695 famosus
1809 1620 1962 1695 Floren-

788 1743 860 1836 tioe,
884 1742 978 1815 sicut
1002 1740 1117 1816 Rivus
1141 1741 1237 1814 altus
1262 1739 1422 1815 venetiis
1452 1746 1491 1816 et
1521 1741 1740 1816 Carrobium
1771 1741 1960 1816 Bononiae.

787 1863 830 1935 ut
856 1861 913 1937 bic
939 1869 1024 1936 uota
1050 1861 1151 1955 quod
1174 1861 1274 1956 apud
1297 1861 1428 1936 domos
1444 1860 1683 1936 llelisaeorum
1700 1863 1769 1937 luit
1785 1863 1873 1937 olim
1898 1885 1963 1938 ar·

789 2004 856 2057 cus
883 1982 1124 2077 triumphalis,
1141 1981 1186 2056 ad
1211 2000 1324 2076 quem
1350 1981 1405 2056 rei
1431 1980 1612 2078 fugientes
1638 1979 1867 2057 habebantur
1891 1983 1964 2056 im-

789 2123 940 2197 munes,
967 2109 1068 2176 tanto
1098 2101 1288 2197 privilegio
1313 2101 1509 2176 nobilitatis
1532 2101 1742 2196 gaudebant
1773 2101 1840 2198 ipsi
1863 2103 1963 2177 ileli-

789 2222 862 2296 sei.
877 2226 1047 2297 -Bustt
1082 2221 1148 2297 llic
1181 2221 1423 2318 Caeciaguida
1455 2228 1610 2297 excusat
1640 2243 1682 2297 se
1712 2223 1761 2296 ab
1794 2223 1963 2319 ampliori

789 2343 1029 2438 descriptione
1054 2365 1209 2418 suorum
1238 2343 1422 2418 maiorum
1448 2349 1486 2417 et
1510 2343 1664 2438 origiue,
1689 2342 1833 2419 dicens:
1866 2349 1966 2418 Busd

790 2466 842 2538 de
856 2468 934 2537 mci
964 2468 1142 2557 meppiam
1178 2467 1305 2538 adime
1341 2471 1471 2559 questo,
1506 2463 1655 2558 scilicet,
1693 2464 1792 2558 quod
1824 2465 1963 2539 dictum
2003 2463 2015 2482 ⁴

790 2590 856 2679 est,
883 2591 924 2658 ut
938 2580 974 2678 (¹)
996 2586 1172 2681 jactantia
1208 2585 1372 2678 tollatur3
1406 2584 1471 2659 sed
1502 2584 1636 2680 dicere,
1667 2587 1722 2660 cli
1753 2590 1785 2660 et
1818 2590 1964 2681 stltcro

790 2712 824 2777 ct
837 2707 928 2778 ende
945 2727 1074 2778 oenner
1091 2708 1196 2798 quivi,
1213 2704 1360 2799 scilicet,
1379 2704 1527 2798 quando
1544 2706 1647 2800 prius
1663 2713 1843 2781 reuerent
1860 2706 1965 2780 babi-

792 2831 909 2900 tatum
936 2825 1171 2919 Florentiam,
1196 2819 1299 2918 epid
1323 2831 1443 2898 musto
1459 2832 1555 2898 lucer
1570 2827 1630 2898 cle
1645 2829 1855 2918 rupionure,
1878 2826 1963 2920 quia

792 2947 872 3021 laus
897 2946 934 3019 iu
959 2946 1107 3042 proprio
1132 2965 1199 3020 ore
1223 2945 1410 3041 sordescit,
1428 2946 1510 3020 ideo
1526 2946 1688 3021 alienum
1709 2967 1752 3021 os
1769 2947 1894 3022 laudet
1913 2954 1963 3041 te,

793 3087 867 3141 non
891 3073 1011 3141 tuum.
1038 3067 1081 3140 Et
1106 3066 1187 3141 ideo
1213 3066 1300 3160 quia
1325 3066 1393 3141 iste
1419 3066 1592 3161 relinquit
1620 3066 1773 3143 arbitrio
1804 3067 1961 3142 aliorum

792 3188 862 3261 boc
886 3187 1190 3284 investigandum,
1217 3194 1273 3260 est
1298 3187 1486 3260 sciendum
1514 3187 1613 3281 quod
1644 3187 1700 3261 isti
1731 3185 1873 3262 Helisaei
1898 3207 1965 3262 ve-

793 3315 930 3382 nerunt
954 3308 1041 3383 olim
1067 3308 1114 3383 ab
1139 3307 1402 3405 lutrangipanis
1426 3308 1473 3383 de
1497 3310 1625 3384 Roma.
1658 3309 1761 3386 Unde
1790 3330 1965 3406 expresse

794 3433 904 3502 autor
929 3437 1038 3503 vocat
1063 3451 1103 3504 sc
1128 3449 1327 3504 romanum
1353 3428 1391 3502 iu
1415 3429 1573 3505 luterno.

872 3553 961 3622 Tutti
984 3553 1092 3622 color.
1119 3551 1189 3624 lsta
1222 3556 1277 3624 est
1309 3550 1416 3624 tertia
1450 3571 1534 3646 pars
1566 3551 1749 3647 generalis
1761 3543 1799 3644 (¹)
1828 3551 1864 3624 in
1893 3572 1967 3644 qua
2014 3639 2017 3643 ,

795 3669 1033 3767 Caeciaguida
1060 3669 1231 3746 describit
1256 3671 1469 3764 qualitatem
1491 3677 1608 3745 status
1633 3691 1711 3745 suae
1736 3671 1909 3766 civitatis3
1932 3679 1970 3746 et

795 3796 850 3865 est
884 3792 1070 3886 responsio
1104 3791 1151 3866 ad
1187 3791 1334 3866 tertiam
1366 3792 1589 3887 petitionem.
1624 3791 1830 3887 Respondet
1864 3814 1967 3890 ergo,

795 3911 914 4006 primo
945 3912 991 3986 de
1027 3911 1280 4009 magnitudine
1312 3911 1466 3988 civitatis
1498 3919 1536 3987 et
1566 3913 1799 3989 multitudine
1829 3914 1966 3989 civium

796 4041 962 4128 tempore
986 4055 1075 4128 suo;
1093 4040 1131 4109 et
1154 4033 1318 4108 breviter
1343 4035 1423 4107 vult
1446 4033 1580 4127 dicere,
1598 4033 1697 4127 quod
1719 4033 1757 4107 iu
1782 4055 1897 4130 parva
1913 4035 1968 4109 ci-

797 4153 908 4228 vitate
940 4160 1021 4229 erat
1051 4162 1139 4228 tunc
1168 4175 1307 4250 parvus
1338 4174 1518 4228 numerus
1549 4153 1705 4248 civium3
1736 4154 1823 4229 dicit
1856 4175 1968 4251 ergo:

801 4278 889 4348 Tutd
920 4278 1019 4348 color
1052 4278 1103 4348 cl’
1116 4297 1141 4349 u
1174 4279 1253 4368 puel
1284 4283 1408 4368 tempo,
1439 4274 1584 4369 scilicet,
1613 4274 1806 4350 millesimo
1839 4283 1968 4354 ceute·

796 4395 889 4470 simo
904 4385 941 4488 (³)
960 4396 1242 4493 quadragesimo
1258 4385 1294 4489 (⁸)
1316 4401 1462 4490 quarto,
1478 4417 1568 4470 eran
1583 4398 1645 4487 iot,
1662 4396 1808 4490 scilicet,
1829 4396 1868 4470 ln
1885 4397 1970 4471 llo—

797 4513 926 4608 rentia,
955 4518 1004 4589 do
1034 4525 1139 4609 poter
1174 4538 1288 4610 orme,
1329 4517 1432 4609 idest,
1462 4537 1603 4610 omues,
1637 4515 1702 4610 qui
1739 4509 1846 4591 eraut
1884 4523 1972 4591 tunc

797 4634 1076 4729 armipotentes:
1112 4645 1149 4711 et
1181 4637 1289 4711 dicit:
1326 4645 1384 4709 tro
1417 4642 1534 4710 Morte
1565 4639 1635 4712 e’t
1663 4640 1825 4729 Bottstu5
1860 4635 1973 4729 aliqui

799 4774 844 4828 ex
870 4754 1075 4851 ignorantia
1100 4763 1318 4852 pervertunt
1344 4757 1448 4832 istam
1479 4756 1639 4851 literam,
1666 4755 1840 4849 diceutes,
1873 4756 1973 4849 quod

861 4943 888 5003 (¹)
904 4942 936 4992 Ε.
951 4947 983 4992 ut
997 4943 1082 4993 omniu
1094 4943 1227 5008 lactantia.
1380 4942 1409 5006 ζ’)
1426 4944 1457 4996 B.
1473 4943 1602 5010 generalis
1616 4945 1694 4994 butus
1710 4943 1816 5008 capituli
1832 4944 1860 4993 ln
1875 4955 1935 5006 que.

863 5017 890 5082 (¹)
906 5023 930 5078 t,
948 5018 1139 5071 trecenteslmo.
1381 5021 1408 5083 (⁸)
1424 5020 1455 5070 Ε.
1470 5020 1692 5084 quinquepeutmo.
