4842 6642
793 803 866 874 ott
1184 819 1387 876 cauenruu
1412 821 1578 876 uananrsr

794 963 892 1038 unde
904 962 1000 1057 dicit,
1008 966 1138 1038 rivolta
1150 961 1251 1038 iactr
1267 969 1303 1038 ta
1317 969 1441 1061 pinpo,
1458 967 1561 1061 idest,
1575 973 1715 1062 partem
1730 966 1958 1059 orientalem,

791 1091 881 1158 cotto
906 1087 943 1156 ta
967 1087 1069 1176 paam
1092 1087 1120 1158 u
1141 1089 1198 1160 rot
1221 1095 1357 1160 martra
1380 1107 1459 1162 marr
1480 1090 1605 1182 fratta,
1629 1087 1715 1182 auia
1742 1086 1777 1160 in
1803 1092 1889 1160 artu
1906 1085 1960 1160 ri·

792 1202 900 1279 detur
926 1205 1064 1278 tardius
1088 1205 1298 1281 ascendere.
1325 1207 1444 1302 diioui
1471 1215 1594 1284 tamen
1619 1212 1808 1302 exponunt
1833 1225 1961 1280 versus

794 1324 936 1421 plagam
965 1325 1217 1420 meridianam,
1245 1327 1306 1401 ubi
1333 1329 1386 1402 soi
1412 1327 1608 1424 interponit
1624 1328 1705 1423 pius
1722 1325 1897 1423 temporis
1913 1325 1959 1401 ad

792 1443 1030 1519 currendum.
1058 1445 1101 1519 tt
1125 1445 1282 1520 ostendit
1308 1447 1377 1522 hoc
1402 1469 1423 1523 a
1449 1448 1569 1541 simili,
1594 1447 1740 1523 dicens:
1767 1441 1839 1520 cosi
1862 1466 1956 1519 coma

652 1621 654 1624 .
791 1568 923 1658 taremt
940 1573 1068 1660 parato
1093 1569 1132 1640 at
1154 1569 1239 1640 nido
1263 1569 1315 1642 dd
1328 1571 1406 1643 suoi
1429 1571 1520 1644 dotat
1545 1573 1632 1661 auti,
1658 1569 1761 1664 idest,
1787 1567 1957 1662 tiliorum,

791 1706 953 1780 quorum
978 1707 1086 1762 amor
1111 1691 1167 1763 est
1190 1687 1307 1764 dulcis
1330 1688 1368 1762 iu
1392 1689 1575 1784 omuibus,
1596 1692 1632 1764 ta
1648 1695 1740 1764 oottc
1759 1693 1819 1763 cte
1835 1691 1866 1762 a
1882 1709 1960 1764 corr

790 1809 823 1879 ci
845 1809 1034 1897 amcoadc,
1051 1807 1155 1901 idest,
1181 1814 1348 1904 tempore
1374 1809 1487 1885 noctis
1505 1809 1652 1904 quando
1669 1809 1792 1884 omnia
1815 1808 1957 1884 anima-

791 1926 838 2000 tia
864 1927 1070 2021 quiescunt,
1095 1931 1191 2000 intra
1210 1931 1242 2002 te
1262 1937 1376 2003 arante
1393 1933 1536 2024 fronde,
1555 1928 1701 2023 scilicet,
1723 1929 1878 2023 arboris,
1896 1929 1956 2003 ubi

790 2047 903 2122 hahet
926 2047 1053 2124 nidum
1080 2047 1240 2122 tiliorum
1266 2049 1496 2144 dilectorum,
1526 2052 1598 2142 cte,
1623 2050 1726 2144 idest,
1756 2070 1839 2145 quae
1868 2049 1959 2146 avie,

702 2232 704 2235 ,
786 2171 949 2260 precene
972 2171 1000 2242 it
1022 2176 1134 2262 tempo
1158 2172 1196 2242 ia
1221 2190 1262 2242 ra
1287 2172 1449 2263 roperta
1475 2175 1614 2266 frocco,
1640 2170 1727 2266 quia
1751 2177 1838 2246 ante
1862 2169 1958 2248 diem

790 2287 908 2384 surgit
931 2288 1185 2384 intempestiue
1209 2289 1256 2364 de
1282 2289 1367 2365 nido
1393 2299 1430 2366 et
1452 2292 1613 2368 ascendit
1640 2311 1807 2386 ramum3
1825 2297 1863 2366 et
1879 2291 1958 2386 hoc,

786 2429 853 2500 per
869 2411 975 2482 vador
993 2412 1045 2500 pti
1060 2412 1182 2504 aspettr'
1205 2413 1337 2501 dariam
1363 2411 1509 2488 iliorum
1535 2412 1720 2508 pullorum
1747 2432 1915 2505 suorum,
1940 2433 1959 2484 c

786 2550 852 2622 per
876 2537 1002 2604 troam
1027 2535 1063 2605 to
1086 2531 1162 2604 coo
1177 2535 1270 2606 ande
1284 2533 1335 2624 pti
1347 2553 1481 2627 parca,·
1502 2539 1539 2608 et
1564 2533 1669 2608 dicit:
1695 2536 1733 2606 ia
1756 2535 1829 2624 cte,
1854 2532 1957 2626 idest,

790 2651 827 2724 in
851 2671 926 2746 qua
951 2649 1161 2726 inventione
1185 2652 1267 2746 cibi,
1289 2655 1303 2724 i
1325 2655 1433 2745 proci
1456 2653 1572 2728 maort
1586 2656 1638 2746 pti
1651 2673 1716 2726 soa
1733 2655 1842 2745 proti,
1869 2651 1954 2746 quia

791 2771 913 2868 magni
940 2772 1084 2847 iabores
1101 2792 1175 2847 uon
1193 2779 1351 2869 gravant
1367 2791 1462 2865 eam,
1482 2773 1595 2849 immo
1615 2773 1850 2849 delectantia
1869 2773 1956 2866 imc3

789 2898 826 2967 ct
850 2891 953 2966 dicit:
979 2900 1013 2966 ct
1036 2898 1169 2984 arpetta
1192 2895 1221 2965 a
1242 2895 1327 2984 sote,
1344 2893 1408 2987 qui
1428 2893 1570 2969 oriatur
1593 2913 1704 2989 super
1722 2899 1877 2987 terram,
1892 2913 1957 2966 con

788 3015 932 3086 ardente
957 3017 1086 3106 aperto,
1116 3011 1218 3106 idest,
1244 3012 1424 3088 desiderio
1447 3013 1599 3107 intenso,
1618 3013 1720 3104 idest,
1739 3033 1886 3088 summa
1903 3011 1957 3086 ai-

789 3133 953 3226 kctioue,
978 3135 1192 3224 puardaado
1214 3135 1299 3226 'trra
1321 3155 1392 3227 pur
1416 3155 1453 3208 rc
1477 3137 1500 3207 Ι
1512 3135 1595 3208 albo
1617 3155 1741 3226 narro,
1761 3133 1866 3227 idest,
1881 3133 1956 3208 cta-

789 3253 965 3328 reaceutia
990 3252 1061 3328 diei
1088 3253 1145 3328 rei
1169 3274 1317 3328 aurora.
1343 3255 1387 3328 Et
1412 3255 1469 3329 trio
1497 3260 1581 3330 nota
1602 3253 1789 3348 quomodo
1807 3271 1957 3350 compa-

787 3373 881 3448 ratio
912 3373 996 3448 iacit
1025 3374 1071 3448 ad
1104 3374 1352 3469 propositum3
1386 3375 1517 3470 primo,
1550 3376 1636 3469 quia
1672 3375 1767 3450 sicut
1800 3373 1880 3448 avia
1904 3379 1958 3448 est

785 3490 923 3569 sanctu
948 3494 1049 3570 circa
1075 3494 1329 3570 educationem
1359 3495 1533 3590 fitiorum,
1551 3495 1600 3570 ita
1624 3493 1770 3570 Beetrir
1790 3491 1887 3570 circa
1905 3491 1958 3564 in·

787 3613 1043 3688 tormationem
1069 3634 1224 3688 suorum
1249 3614 1517 3710 theologorum.
1540 3615 1584 3688 Et
1600 3614 1695 3690 sicut
1711 3612 1789 3688 avis
1807 3611 1957 3708 provida

788 3752 859 3810 nan
885 3741 1052 3830 expectat
1077 3735 1289 3831 petitionem
1309 3735 1482 3830 tiliorum,
1499 3735 1563 3812 sed
1585 3734 1750 3831 providet
1775 3733 1828 3809 eis
1853 3739 1955 3808 ante·

785 3873 898 3951 paam
924 3861 1060 3951 petant,
1077 3855 1126 3929 ita
1144 3855 1291 3932 Beatrix
1317 3855 1376 3930 hic
1399 3855 1483 3930 tecit
1507 3875 1596 3952 erga
1623 3860 1793 3930 autorem
1816 3873 1955 3949 prero-

684 3979 689 3991 '
758 3976 890 4052 ‚mans
914 3976 1032 4071 ipsum
1058 3981 1259 4069 antequam
1285 3975 1424 4050 videret
1455 3976 1512 4050 vet
1544 3981 1710 4070 speraret
1742 3973 1829 4048 iliud
1857 3973 1954 4068 quod

785 4081 955 4192 apparuit
977 4102 1113 4190 postca.
1141 4095 1185 4168 Et
1208 4095 1302 4170 sicut
1327 4095 1405 4169 aris
1430 4095 1603 4170 ardenter
1620 4101 1791 4188 expectat
1811 4092 1955 4188 appari·

786 4218 920 4292 tionem
948 4217 1033 4290 sotis
1057 4216 1120 4310 qui
1145 4214 1326 4290 illuminat
1351 4215 1487 4308 omnia,
1505 4214 1553 4288 ita
1571 4213 1717 4290 Beatrix
1737 4213 1955 4306 expectabat

784 4333 1047 4434 apparitionem
1072 4335 1158 4441 sotis
1182 4335 1321 4430 eterni,
1347 4335 1411 4431 qui
1438 4336 1521 4412 iecit
1546 4335 1664 4430 ipsum
1684 4335 1797 4410 sotem
1818 4339 1855 4408 et
1873 4333 1955 4407 ittu-

784 4457 900 4531 nttnat
924 4476 1052 4532 omnes
1069 4457 1216 4552 spiritus
1234 4456 1361 4531 beatos
1378 4455 1543 4530 omnium
1563 4475 1770 4549 sperarum,
1789 4453 1852 4547 qui
1871 4459 1956 4527 sunt

783 4577 993 4674 cougregati
1020 4577 1057 4651 in
1082 4577 1149 4651 ista
1176 4596 1294 4673 spera.
1308 4569 1408 4650 -Si
1431 4577 1501 4649 cte.
1521 4576 1586 4650 iiio
1604 4581 1714 4650 autor
1740 4574 1841 4670 pouit
1867 4571 1956 4648 etio·

783 4703 884 4772 ctum
910 4717 988 4770 sue
1014 4695 1261 4791 inspectionis3
1288 4702 1327 4770 et
1343 4694 1504 4770 breviter
1524 4694 1622 4786 dicit,
1643 4692 1743 4788 quod
1761 4691 1956 4787 respiciens

784 4816 985 4891 Beatricem
1011 4817 1061 4891 ita
1085 4817 1309 4892 abstractam
1331 4815 1447 4889 iactus
1473 4823 1528 4890 est
1552 4815 1681 4889 avidus
1706 4813 1841 4889 sciendi
1866 4810 1954 4906 quid

785 4943 1005 5030 sequeretur
1038 4957 1084 5012 ex
1119 4938 1210 5031 hoc;
1245 4943 1283 5012 et
1315 4936 1489 5010 continuo
1519 4934 1684 5032 concepit
1716 4955 1817 5030 spem
1854 4933 1953 5027 quod
