4842 6642
778 891 918 948 crurns
942 892 1134 949 rrnnsnrus
1158 894 1303 949 sexsus.
1551 882 1622 950 375

450 1039 490 1110 di
505 1043 585 1110 ortte
600 1040 632 1111 te
647 1042 824 1113 custumia
838 1041 1055 1130 remmtcnoe,
1072 1037 1166 1113 sicut
1180 1032 1219 1131 (¹)
1239 1038 1277 1111 iu
1294 1038 1387 1114 libro
1408 1040 1624 1117 lltlricorum

338 1170 343 1184 ·
450 1156 567 1232 immo
592 1158 852 1255 metaphysicae
876 1164 914 1233 et
942 1158 990 1233 de
1013 1158 1147 1251 causis,
1162 1178 1285 1233 senne
1309 1163 1362 1233 tut
1385 1180 1469 1233 cero
1493 1163 1554 1235 att
1567 1164 1625 1237 ia·

451 1280 580 1374 tctteto
597 1280 682 1369 urio,
701 1278 805 1373 idest,
823 1279 1051 1353 demonstrat
1078 1276 1165 1352 mihi
1191 1279 1266 1354 tale
1289 1288 1625 1376 argumentum.—

452 1400 624 1471 Sccrnclc.
646 1398 712 1474 llic
737 1402 847 1473 autor
872 1398 1020 1475 adducit
1044 1405 1264 1495 argumenta
1281 1399 1330 1474 ab
1346 1401 1556 1477 autoritate.
1570 1402 1624 1476 dd

452 1518 559 1594 cuius
584 1519 859 1617 intelligentiam
887 1526 942 1595 est
967 1519 1231 1615 praesciendum
1258 1521 1358 1615 quod
1382 1522 1476 1597 sicut
1497 1522 1624 1597 scribi-

452 1644 515 1712 tur
540 1638 654 1713 Exodi
679 1640 869 1737 trigesimo
896 1640 1003 1715 tertio
1021 1640 1191 1735 capitulo,
1208 1641 1387 1715 Dominus
1403 1642 1624 1736 loquebatur

453 1760 565 1857 llnysi
598 1761 690 1837 lucie
722 1762 769 1837 ad
803 1761 946 1855 taciem,
980 1760 1072 1835 sicut
1106 1761 1250 1835 amicus
1283 1761 1425 1857 amico;
1460 1768 1498 1837 et
1534 1762 1625 1839 dixit

453 1880 612 1977 Moyses:
639 1882 806 1975 Domine,
835 1880 985 1956 ostende
1015 1880 1103 1955 mihi
1134 1881 1263 1956 lactem
1299 1888 1402 1957 tuam
1432 1888 1501 1959 ete
1533 1883 1625 1958 uicit

452 2022 563 2098 ergo:
590 2006 642 2075 Lu
659 2024 742 2077 noce
758 2004 815 2077 det
839 2022 964 2077 verace
988 2010 1124 2093 autore,
1150 2002 1253 2097 idest,
1280 2002 1357 2098 Dei,
1378 2003 1442 2097 qui
1468 2010 1524 2079 est
1548 2003 1625 2099 ipsa

453 2122 589 2198 veritas
614 2129 651 2199 et
678 2123 824 2198 mentiri
850 2143 923 2198 uon
949 2128 1079 2219 potest,
1104 2126 1164 2197 alte
1185 2126 1367 2215 portando
1386 2127 1424 2198 di
1442 2120 1491 2218 sd,
1511 2105 1585 2199 dice
1600 2146 1627 2196 c

452 2240 584 2318 llorcd:
608 2246 643 2317 io
668 2248 695 2318 a·
721 2237 808 2338 sard
837 2246 974 2336 cedere,
1005 2243 1064 2319 vel
1094 2246 1222 2317 sentire
1245 2247 1330 2335 opoi
1355 2248 1490 2336 calore,
1521 2245 1625 2342 idest,

451 2386 565 2441 omne
592 2366 745 2459 bonum,
763 2364 863 2461 quod
883 2371 938 2439 est
963 2364 1041 2460 ipsc
1061 2365 1169 2475 Deus,
1187 2368 1354 2457 scerrreto,
1374 2364 1478 2459 idest,
1499 2372 1623 2441 osten

451 2486 503 2562 dit
529 2486 617 2561 mibi
644 2486 778 2562 dictum
796 2487 1001 2562 veritatem.
1015 2526 1065 2539 -
1077 2487 1270 2559 Scerntlmr‘,
1288 2485 1352 2560 llic
1372 2492 1482 2559 autor
1506 2484 1623 2559 addu-

452 2606 640 2683 citellum
675 2606 910 2681 autoritatem
941 2606 988 2680 ad
1018 2605 1113 2680 idern
1146 2604 1398 2701 probandum;
1430 2612 1467 2681 et
1495 2605 1626 2701 accipit

451 2722 687 2803 autoritatum
710 2727 874 2802 eiusdem
893 2726 1066 2801 Iohannis
1081 2716 1129 2817 (²).
1149 2724 1241 2800 Dicit
1265 2744 1374 2821 ergo:
1404 2728 1467 2819 ln,
1487 2725 1624 2801 loban-

453 2868 532 2942 ues,
553 2851 728 2923 sceruilmt
742 2866 892 2941 ancora,
910 2846 1013 2941 idest,
1032 2847 1263 2921 demonstras
1279 2845 1390 2920 etiam
1410 2844 1511 2939 mihi,
1528 2851 1626 2920 inco·

453 2970 653 3041 medendo
678 2970 785 3042 tulto
811 2968 994 3061 prmonio,
1020 2966 1124 3060 idest,
1155 2966 1267 3040 altam
1298 2967 1624 3060 proclamationem

453 3092 491 3162 et
514 3086 808 3183 publicationem,
834 3088 974 3163 dicans:
1002 3090 1045 3160 ln
1065 3089 1241 3180 prtuupio
1265 3092 1345 3159 erut
1368 3087 1510 3159 nubum
1535 3092 1624 3180 etc3

453 3208 551 3284 unde
582 3210 680 3304 dicit,
705 3212 765 3283 cte
793 3210 901 3300 prtdu
930 3211 1111 3299 lorcam,
1137 3206 1242 3300 idest,
1272 3206 1474 3301 proclamat
1504 3226 1627 3281 secre-

452 3335 546 3424 tum,
564 3329 699 3405 scilicet
724 3328 1012 3405 incarnationem
1039 3326 1149 3403 Verbi
1175 3327 1252 3421 liei,
1273 3346 1358 3420 quse
1378 3325 1446 3400 luit
1462 3332 1625 3421 secreta3

453 3452 552 3527 nude
581 3451 687 3526 dicit:
719 3456 752 3523 ct
783 3450 927 3523 Verbum
957 3452 1199 3543 rarefactum
1223 3455 1283 3521 est.
1322 3446 1426 3523 Unde
1450 3446 1626 3544 Augusti-

451 3592 522 3647 nus
547 3570 770 3646 decivitate
795 3569 860 3644 llel
885 3568 971 3644 dicit
984 3560 1043 3662 (ἧς
1070 3568 1273 3644 Platonicos
1300 3574 1369 3643 etc.
1395 3569 1440 3641 Et
1464 3566 1567 3642 dicit:
1586 3569 1624 3640 a·

451 3695 512 3785 pul
536 3687 668 3784 tapptt,
694 3690 780 3784 quia
812 3695 995 3764 secretum
1031 3688 1113 3763 coeli
1145 3687 1344 3783 publicavit
1374 3687 1410 3760 in
1443 3694 1562 3779 terra3
1588 3693 1626 3761 et

451 3811 557 3888 dicit:
582 3832 694 3906 sopra
718 3814 803 3903 opnr'
831 3814 925 3884 ultro
954 3810 1086 3903 buado,
1114 3808 1218 3901 idest,
1244 3807 1484 3883 excellentius
1511 3826 1624 3901 quam

450 3932 583 4027 aliquis
615 3932 709 4007 alius
743 3932 905 4007 scribens
939 3937 977 4005 et
1010 3930 1129 4003 altius.
1165 3927 1234 4001 Alii
1272 3933 1397 4002 tamen
1435 3934 1625 4022 erpnnnnt

452 4052 552 4147 quud
577 4053 760 4127 lebannes
785 4052 821 4126 in
847 4051 965 4126 insula
991 4049 1164 4125 Patbmos
1195 4048 1336 4144 scripsit
1361 4047 1625 4144 Apocalypsin,

454 4172 490 4247 in
515 4192 591 4267 quo
616 4174 710 4247 libro
734 4170 922 4268 descripsit
938 4158 975 4263 (⁸)
1003 4176 1144 4245 secreta
1171 4168 1255 4242 Dei:
1280 4168 1344 4242 sed
1367 4168 1485 4263 prima
1509 4186 1625 4262 expo-

452 4292 535 4369 sitio
559 4301 615 4369 ert
641 4292 756 4389 magis
781 4291 828 4367 de
853 4296 977 4365 mente
1001 4289 1154 4383 autoris,
1180 4296 1250 4364 etc.

526 4418 572 4487 Et
592 4416 629 4487 io
653 4415 734 4488 ndr'.
761 4414 831 4488 lsta
857 4417 912 4486 est
938 4410 1098 4485 secunda
1123 4429 1207 4505 pars
1222 4400 1259 4501 (⁶)
1282 4406 1477 4505 generalis,
1495 4406 1531 4479 in
1549 4426 1622 4500 qur

451 4542 561 4611 autor
588 4534 688 4631 ponit
712 4532 820 4609 aliam
848 4531 1059 4627 petitionem
1078 4529 1252 4605 lobannis
1271 4527 1506 4625 evangeliste
1525 4524 1623 4601 circa

452 4657 644 4733 materiam
671 4654 843 4747 caritatis,
862 4652 925 4747 qui
951 4652 1082 4747 primo,
1102 4656 1143 4724 nt
1164 4648 1291 4725 reddat
1316 4657 1485 4724 autorem
1505 4648 1623 4744 magis

512 4888 540 4951 (¹)
556 4888 594 4939 E..
604 4886 712 4947 adlinet,
728 4889 755 4937 ln
771 4886 847 4937 libro.
1152 4885 1180 4945 (²)
1196 4884 1228 4933 E.
1242 4883 1376 4943 lobannis,
1393 4882 1493 4933 diceus:
1514 4882 1562 4933 ru

511 4964 540 5028 (⁸)
556 4964 582 5015 S.
599 4963 745 5028 dicitquod
763 4964 911 5015 Platonicos
926 4967 977 5015 etc.
1154 4960 1181 5024 (¹)
1198 4961 1224 5011 S.
1241 4961 1368 5012 describit.

513 5043 541 5107 ξ’)
557 5042 588 5093 Ε.
605 5054 664 5105 pars
680 5041 757 5093 buius
772 5040 886 5105 capituli,
903 5040 930 5091 iu
946 5054 1006 5105 qur.
