4842 6642
728 864 733 873 ’
784 903 922 976 caurus
947 905 1140 960 rreusmus
1164 905 1326 960 rannus.
1563 891 1635 961 323

461 1071 577 1148 gnum
603 1050 711 1145 capit,
738 1056 775 1125 et
801 1049 907 1124 dicit:
935 1045 982 1124 ue*
1004 1051 1054 1123 dc
1079 1052 1238 1123 nocchler
1263 1051 1323 1122 cla
1353 1046 1439 1124 esd
1463 1051 1637 1124 medesnm

458 1193 589 1266 perca,
614 1171 719 1266 quasi
745 1170 852 1265 dicat,
878 1170 994 1244 immo
1024 1170 1166 1264 audaci,
1201 1169 1304 1264 idest,
1337 1169 1400 1265 qul
1430 1169 1557 1245 tlmeat
1590 1169 1637 1245 de

465 1290 670 1388 naufragio,
687 1298 726 1366 et
746 1291 935 1387 provideat
954 1311 1039 1367 ,sure
1064 1291 1171 1364 saluti
1197 1311 1272 1364 non
1297 1289 1469 1366 intrando
1486 1289 1638 1386 probru·

465 1411 567 1486 dum.
585 1412 629 1485 lit
646 1412 705 1486 hic
722 1418 808 1485 uota
827 1418 1007 1504 quantum
1027 1411 1243 1505 metaphora
1262 1409 1307 1484 sit
1323 1408 1571 1506 pmprilssima
1589 1429 1636 1484 ex

465 1532 566 1607 omui
593 1539 698 1627 parte
714 1531 782 1625 sul,
801 1531 888 1627 quia
907 1530 1081 1606 assimilat
1100 1531 1294 1606 materiam
1311 1531 1423 1605 altam
1442 1531 1535 1605 mari
1558 1551 1638 1604 ma-

465 1674 540 1752 gno
557 1660 594 1729 et
610 1652 811 1749 prolund03
829 1651 1018 1748 ingenium
1041 1653 1147 1727 velox
1168 1652 1301 1746 harcae,
1319 1652 1413 1726 sicut
1430 1651 1636 1748 expositum

466 1780 522 1848 est
546 1773 667 1869 primo
691 1772 851 1868 capitulo
876 1771 1083 1869 Purgatorii
1108 1778 1146 1846 et
1171 1773 1334 1847 secunde
1351 1771 1529 1865 Paradisi3
1548 1791 1638 1867 pee-

466 1901 543 1968 tam
569 1913 660 1969 vero
684 1894 904 1969 scribentem
931 1899 1056 1967 nauloe
1080 1893 1323 1990 naufraganti.
1350 1893 1412 1968 Est
1429 1913 1519 1990 ergo
1536 1892 1639 1966 simi-

467 2014 581 2089 litude
605 2014 809 2110 adaptanda
833 2015 903 2089 sic:
930 2013 1024 2089 sicut
1045 2021 1102 2089 est
1121 2034 1215 2109 opus
1233 2035 1368 2111 magno
1387 2015 1483 2111 ligno
1501 2020 1539 2088 et
1555 2013 1638 2088 lortl

465 2140 578 2210 nauta
603 2135 650 2210 ad
675 2135 942 2210 transeundum
971 2156 1075 2209 mare
1093 2155 1290 2230 magnum3
1309 2135 1358 2208 lta
1376 2155 1468 2230 opus
1486 2141 1541 2209 est
1558 2155 1639 2208 ma·

465 2276 540 2352 gno
565 2255 711 2351 ingenio
736 2261 774 2329 et
799 2254 994 2329 sufficienti
1022 2261 1128 2348 poeta
1154 2254 1201 2328 ad
1227 2254 1504 2330 describendam
1531 2254 1638 2329 lstam

467 2376 661 2451 materiam
688 2395 862 2472 magnam
889 2381 927 2450 et
950 2396 1119 2450 amaram
1146 2376 1271 2472 gustui
1298 2375 1544 2450 intellectuali.

541 2491 674 2570 Peraia*
695 2497 731 2568 lu
753 2498 880 2590 faccia
908 2496 978 2570 lsta
1004 2502 1061 2570 est
1092 2496 1199 2571 tertia
1225 2517 1310 2591 pars
1336 2487 1581 2592 generalis(⁴),
1603 2495 1640 2568 ln

468 2609 542 2709 qua
581 2622 691 2691 autor
726 2615 897 2690 describit
934 2616 1049 2710 ipsam
1086 2615 1252 2690 militiam
1287 2616 1557 2712 triumphalem.
1596 2617 1640 2690 tet

466 2736 587 2830 prime
611 2727 819 2828 ostendit&
846 2737 1034 2831 quomodo
1058 2737 1207 2811 heatrlx
1230 2735 1454 2812 converterit
1480 2757 1566 2812 eum
1594 2735 1640 2810 ad

468 2857 584 2951 ipsam
603 2857 849 2952 spectandam,
868 2857 1011 2931 dicens:
1030 2861 1082 2930 Lu
1096 2861 1213 2951 sacua
1230 2860 1301 2930 mia
1315 2851 1443 2949 perdid
1457 2848 1486 2958 si
1504 2859 1640 2930 tinna-

467 2997 583 3071 ηοω,
609 2969 749 3071 quinti)
777 2977 861 3053 licet
885 2977 953 3051 sim
981 2978 1075 3052 lacta
1102 2977 1324 3073 pulcerrima
1350 2976 1409 3050 hic
1436 2997 1510 3050 non
1529 2977 1641 3053 debes

468 3103 612 3172 tantum
651 3097 885 3174 considerare
923 3099 1116 3172 materiam
1156 3097 1287 3173 Christi
1326 3098 1641 3192 incomprehensi-

467 3217 576 3292 bilem
603 3217 703 3312 quod
729 3223 768 3291 tu
803 3238 876 3293 non
902 3217 1026 3293 videas
1054 3217 1135 3292 eius
1167 3217 1361 3313 lamiliam3
1402 3218 1499 3293 unde
1536 3217 1640 3293 dlcit:

465 3341 527 3413 cllo
550 3345 587 3412 lu
610 3359 684 3412 uon
708 3343 735 3413 a·
757 3341 887 3432 nuotpi
911 3340 950 3412 ul
972 3339 1028 3411 bel
1043 3340 1225 3430 pudiea,
1246 3338 1350 3433 ldest,
1368 3339 1553 3415 coelestcm
1574 3359 1642 3413 cu·
1792 3339 1794 3342 ’

417 3549 421 3558 p
467 3459 560 3534 riam
586 3459 624 3534 in
650 3480 724 3553 qua
750 3459 870 3534 virent
893 3459 1028 3534 diversi
1054 3461 1163 3534 llores
1180 3465 1217 3534 et
1240 3459 1518 3566 fruetusUnde
1535 3459 1640 3534 dicit:

466 3582 527 3654 cle
556 3587 646 3654 sotto
676 3583 691 3653 i
722 3583 831 3672 rappt
854 3583 892 3654 di
920 3583 1033 3654 Crista
1065 3583 1252 3673 simma,
1286 3579 1377 3654 idest
1410 3579 1473 3672 qui
1509 3579 1642 3654 llorent

467 3698 537 3773 sub
567 3698 675 3774 radiis
709 3699 839 3796 gratlae
869 3700 1012 3794 Christi,
1038 3721 1151 3795 quem
1178 3721 1290 3796 supra
1316 3699 1488 3796 figuravit
1501 3687 1539 3792 (⁸)
1571 3701 1641 3776 suh

467 3819 618 3896 nemine
632 3821 727 3895 solis.
742 3861 792 3880 -
809 3824 919 3909 omui.
935 3820 1000 3894 llic
1017 3820 1163 3895 beatrix
1181 3819 1366 3916 specificat
1382 3821 1524 3914 aliquos
1545 3841 1641 3915 prae-

467 3940 595 4037 cipuus
619 3941 740 4033 liores,
758 3939 821 4035 qui
841 3939 912 4014 sub
938 3939 1047 4014 radiis
1071 3939 1203 4015 dlvlnae
1229 3940 1358 4037 gratiae
1383 3940 1551 4015 lecerunt
1571 3939 1641 4014 mi-

468 4062 602 4138 rabiles
635 4062 797 4155 tructus3
832 4067 871 4134 et
906 4059 1025 4156 primo
1059 4080 1181 4136 rosam
1220 4082 1305 4155 quae
1339 4067 1394 4136 est
1418 4059 1640 4156 pulcerrima

467 4182 613 4277 dorum,
627 4201 694 4277 per
708 4201 821 4275 quam
836 4179 972 4278 figurat
985 4181 1234 4278 prlnciplssam
1254 4187 1290 4256 el
1307 4181 1489 4256 ducissam
1505 4179 1641 4254 summl

467 4300 709 4395 imperatoris,
736 4299 881 4375 dicens:
908 4302 1013 4396 palai,
1043 4300 1189 4395 scilicet,
1207 4300 1303 4376 inter
1320 4301 1491 4376 lucernas
1508 4300 1642 4375 arden·

431 4493 435 4500 .
467 4427 522 4496 tes
556 4420 649 4495 inira
679 4420 877 4513 Christum,
911 4417 932 4494 e*
963 4423 1001 4493 lc
1033 4440 1134 4513 rosa,
1165 4420 1270 4515 idest,
1296 4421 1490 4518 purissima
1518 4420 1641 4519 Virgo,

468 4544 507 4615 iu
530 4544 642 4616 cheli
672 4542 781 4616 Verbo
806 4543 939 4632 diemo,
965 4541 1001 4614 in
1028 4561 1102 4636 qua
1134 4539 1229 4614 tillus
1259 4541 1337 4637 llel,
1362 4545 1489 4636 sisere
1521 4563 1642 4634 cumae,

469 4661 573 4757 idest,
597 4663 810 4738 incarnatus
835 4667 873 4736 el
898 4662 1123 4736 humanatus
1155 4668 1230 4736 est:
1265 4667 1302 4737 et
1327 4661 1432 4736 dlclt:
1459 4665 1555 4754 puae
1576 4683 1642 4738 sou

322 4784 324 4787 ’
471 4786 619 4879 lippit,
646 4783 750 4878 idest,
780 4781 895 4857 sancti
924 4782 1089 4878 apostoli,
1116 4789 1299 4880 martyres
1329 4789 1367 4858 et
1396 4783 1641 4880 confessorem

530 4971 557 5033 (¹)
573 4971 605 5021 Ε.
620 4970 748 5035 generalis
763 4971 841 5024 butus
857 4970 972 5034 capltml,
988 4971 1015 5022 ln
1031 4985 1091 5036 qne.
1280 4969 1308 5034 1¹)
1325 4971 1356 5022 E.
1373 4973 1454 5036 pontt.

531 5046 558 5112 (¹)
574 5048 605 5098 E.
621 5049 693 5112 qumi
709 5049 795 5099 dicat:
813 5048 883 5099 licet.
1282 5047 1309 5112 (¹)
1325 5049 1355 5099 E.
1372 5047 1535 5114 figurarent.
