4842 6642
773 811 911 867 CANTUS
937 812 1094 869 DECIMUS
1119 812 1289 869 octavus.
1541 804 1612 870 217

442 968 555 1058 perat,
581 961 640 1035 vel
665 958 753 1054 quia
779 958 862 1033 lacit
888 966 1129 1055 temperatas3
1156 968 1194 1035 et
1217 961 1319 1037 dicit:
1346 964 1406 1037 cte
1438 964 1563 1035 dormo
1588 982 1613 1056 u

439 1080 479 1159 se*
500 1086 649 1157 m’avea
673 1082 810 1174 ricolto,
840 1079 944 1174 quasi
969 1080 1083 1155 dicat:
1110 1082 1162 1156 sic
1192 1082 1244 1155 lui
1273 1082 1394 1157 subito
1425 1090 1613 1157 transmu-

441 1210 537 1280 tatus
562 1224 585 1277 a
611 1202 726 1277 Marte
752 1200 869 1275 rubeo
895 1200 941 1275 ad
966 1200 1094 1277 lovem
1121 1202 1328 1278 candidum.
1355 1205 1400 1277 Et
1424 1225 1490 1299 per
1514 1206 1613 1280 bunc

441 1322 603 1399 subitum
634 1320 827 1395 transitum
861 1322 924 1395 dat
955 1321 1103 1419 intelligi
1134 1321 1234 1416 quod
1264 1345 1337 1397 non
1366 1330 1422 1399 est
1451 1344 1612 1399 vacuum

443 1446 535 1518 inter
560 1462 705 1537 speram
727 1446 764 1514 et
785 1460 942 1535 speram,
966 1448 1007 1515 ut
1025 1443 1155 1531 totiens
1171 1443 1311 1517 dictum
1329 1451 1394 1519 est
1408 1450 1512 1518 -lo
1530 1447 1613 1519 vul.

302 1646 305 1651 ,
409 1652 425 1671 ¹,
443 1564 505 1639 llio
530 1569 640 1637 autor
666 1560 837 1636 describit
862 1561 1117 1658 figurationem
1147 1585 1260 1658 quam
1283 1564 1463 1640 iaciebant
1478 1566 1613 1641 animae

444 1686 560 1759 beatae
577 1682 613 1755 in
632 1702 787 1777 corpore
801 1682 914 1775 Jovis5
929 1688 966 1757 et
979 1683 1098 1777 primo
1111 1684 1227 1781 tangit
1240 1684 1275 1757 in
1289 1686 1450 1781 generali
1464 1686 1564 1782 quod
1573 1681 1611 1779 (¹)

444 1803 634 1901 signabant
660 1803 861 1876 bumanam
887 1803 1084 1895 loquelam.
1102 1802 1156 1877 nd
1182 1805 1288 1877 cuius
1314 1805 1531 1880 evidentiam
1558 1814 1615 1881 est

444 1922 721 2018 praenotandum
748 1922 847 2015 quod
871 1929 981 1997 autor
1001 1924 1154 1999 collocat
1172 1924 1207 1996 in
1225 1925 1370 2019 planeta
1387 1924 1486 1998 lovis
1501 1925 1522 1968 *
1533 1924 1614 1999 ani-

445 2065 522 2119 mas
556 2064 641 2137 qnae
676 2042 890 2117 beatificata
923 2049 1009 2117 sunt
1040 2044 1175 2119 virtute
1204 2044 1402 2119 intluentiae
1432 2036 1613 2137 lovis*(²t

438 2168 537 2258 juste
564 2164 726 2260 regendo
751 2170 788 2237 et
812 2164 1053 2260 gubernando
1080 2166 1233 2260 imperia
1260 2173 1297 2240 et
1324 2186 1437 2262 regna
1473 2164 1611 2239 mundi.

443 2286 503 2359 Est
526 2284 624 2361 enim
652 2285 802 2380 Jupiter,
829 2291 871 2359 ut
895 2285 980 2361 dicit
1006 2285 1238 2380 dlbumasar‚
1262 2294 1300 2361 et
1324 2286 1548 2378 Alebabitus,
1566 2286 1616 2359 si-

441 2407 631 2503 gnificator
649 2426 780 2503 regum
795 2412 832 2481 ct
845 2405 1063 2502 principum,
1078 2415 1115 2482 et
1131 2413 1266 2481 caetera
1282 2396 1320 2498 (³)
1344 2406 1439 2479 talia.
1457 2405 1512 2480 nd
1532 2406 1613 2480 lite·

443 2548 521 2603 ram
547 2547 638 2622 ergo
663 2527 749 2602 dicit
773 2532 902 2601 autor:
921 2532 962 2600 lo
988 2531 1059 2602 oldl
1082 2532 1120 2603 tn
1145 2531 1259 2621 puella
1280 2520 1608 2623 [acetto'diovulu

442 2646 543 2741 idest,
570 2648 606 2720 in
632 2647 735 2722 stella
760 2647 859 2721 lovis
884 2648 1080 2743 splendida,
1104 2651 1139 2721 lo
1162 2650 1357 2742 osovillore,
1377 2647 1523 2739 scillcet,
1545 2665 1611 2739 per

444 2767 586 2843 diversa
621 2766 773 2862 lumina,
803 2770 882 2841 dell’
896 2788 1000 2842 amor
1028 2772 1088 2841 cte
1118 2760 1143 2840 ll
1175 2787 1253 2857 ero,
1287 2766 1389 2859 idest,
1420 2785 1611 2841 amorosa·

445 2908 529 2961 rum
547 2875 584 2981 (⁵)
610 2888 821 2963 animarum
848 2909 933 2982 quae
958 2896 1065 2963 erant
1089 2887 1250 2981 ibiquae
1276 2885 1483 2961 dilexerunt
1501 2886 1611 2983 justi-

444 3009 530 3085 tiam
557 3010 595 3083 in
620 3010 740 3103 terris,
759 3015 796 3083 et
814 3030 912 3083 nunc
937 3016 1062 3083 amant
1074 3007 1253 3104 justitiam
1270 3006 1442 3102 divinam,
1462 3028 1607 3099 sepnor,

444 3130 545 3224 idest,
571 3128 764 3226 designare
785 3136 826 3213 ¹et
851 3128 1027 3226 figurare,
1051 3136 1176 3201 nostru
1198 3130 1344 3223 sacella,
1361 3128 1464 3220 idest,
1487 3134 1612 3202 nostra

442 3250 568 3344 verba,
594 3250 741 3344 scilicet,
768 3270 852 3345 quae
878 3250 1171 3342 subscribuntur,
1201 3252 1276 3341 opti
1299 3251 1395 3322 occdi
1423 3252 1515 3339 miei,
1540 3248 1611 3323 sci-

445 3371 539 3463 licet‚
564 3370 879 3445 intellectualibus,
893 3375 988 3443 -n
1009 3390 1116 3443 come.
1143 3368 1207 3443 llic
1236 3374 1346 3443 antor
1374 3367 1546 3442 describit
1574 3367 1611 3442 iu

441 3490 651 3585 particulari
669 3490 853 3585 loquelam
873 3510 984 3583 quam
1005 3488 1215 3587 figurabant
1228 3488 1304 3561 iste
1316 3487 1449 3561 animae
1466 3487 1504 3561 in
1521 3488 1611 3561 love

438 3630 503 3706 per
529 3630 643 3685 unam
669 3596 981 3707 comparationem
1008 3611 1193 3706 propriam
1218 3608 1267 3683 ad
1291 3609 1530 3705 propositum.
1556 3608 1610 3682 Ad

441 3731 538 3826 quod
565 3742 621 3807 est
645 3730 924 3827 praenotandum
950 3730 1049 3826 qnod
1081 3736 1190 3804 autor
1220 3729 1323 3827 tingit
1350 3730 1479 3824 pulcre
1510 3730 1611 3824 quod

439 3850 571 3925 animae
592 3852 781 3946 justorum
806 3851 1010 3946 principum
1038 3857 1075 3925 et
1101 3869 1234 3945 regum
1260 3855 1298 3923 et
1323 3854 1511 3922 rectorum
1541 3868 1611 3945 ag·

440 3976 603 4066 gregatae
621 3970 680 4064 lbi,
696 3970 942 4045 movebantur
958 3991 1057 4045 nunc
1074 3968 1112 4043 in
1128 3969 1295 4065 longum,
1308 3987 1407 4042 nunc
1424 3968 1609 4065 ingyrum

439 4089 693 4185 diversimode,
719 4098 757 4166 et
783 4090 832 4165 ita
858 4090 1199 4165 transmutabantur
1225 4088 1320 4163 inter
1345 4108 1386 4163 se
1406 4082 1496 4181 etl⁵l
1519 4109 1609 4163 oon·

440 4209 682 4285 firmabantur
717 4210 817 4306 quod
848 4210 1009 4285 lormant
1037 4210 1200 4284 diversas
1233 4208 1372 4305 figuras
1404 4207 1608 4300 literarum,

437 4327 532 4404 sicut
556 4350 643 4405 ares
669 4332 834 4406 volantes
859 4351 925 4425 per
949 4350 1076 4405 aerem
1103 4328 1240 4404 iaciunt
1265 4348 1364 4402 nnnc
1393 4328 1540 4423 longam
1566 4329 1609 4402 li·

438 4468 558 4543 neam,
585 4470 684 4524 nunc
710 4450 919 4525 rotundam.
946 4449 999 4523 Ad
1020 4450 1161 4524 literam
1189 4468 1281 4545 ergo
1309 4446 1395 4521 dicit
1419 4455 1549 4523 autor:
1574 4454 1608 4523 Ε

436 4575 596 4642 creuuue
619 4577 732 4661 sonu,
757 4569 860 4664 idest,
885 4569 1019 4644 animae
1039 4574 1252 4643 sanctorum
1275 4573 1527 4663 regnatorum,
1544 4588 1611 4640 oo-·

494 4798 523 4861 (¹)
539 4770 639 4864 ηοω
655 4801 798 4865 signabant.

496 4875 523 4937 (¹)
539 4878 575 4927 Le
586 4878 676 4940 parole
688 4878 728 4928 tra
738 4880 746 4928 l
757 4878 808 4929 due
819 4878 952 4929 uterismi
963 4890 1010 4927 ron
1020 4877 1131 4940 suppllte
1141 4878 1183 4927 dai
1194 4876 1281 4927 Codici
1291 4876 1441 4927 Strozziano
1449 4889 1465 4926 e
1474 4876 1591 4931 Ειιωω.

497 4952 524 5014 (⁸)
541 4952 571 5002 ll.
588 4958 615 5003 et
630 4959 787 5005 ceterorum
803 4954 904 5005 talium.
935 4952 962 5017 (b
978 4954 1010 5003 n.
1026 4954 1210 5005 animosamm.
1241 4954 1270 5017 (¹)
1286 4954 1317 5005 ll.
1328 4959 1355 5004 et
1366 4953 1605 5007 consumebantur.
