4842 6642
802 808 873 875 t22
1192 817 1398 875 commovunt
1422 818 1589 873 nanaorsr
1709 797 1713 806 '

800 963 965 1061 placebat
983 963 1063 1037 talis
1080 963 1256 1039 coloratio
1272 963 1324 1038 sic
1340 962 1555 1060 tingit-E
1566 985 1613 1037 sc.
1634 962 1698 1038 llic
1720 962 1849 1039 ultimo
1874 963 1972 1038 Baa-

801 1085 873 1159 trin
899 1083 1119 1159 concludens
1144 1083 1345 1178 capitulum
1363 1084 1519 1159 ostendit
1534 1104 1654 1179 quare
1672 1085 1794 1181 opinio
1812 1083 1974 1181 Dionysii

802 1204 847 1279 sit
864 1204 997 1298 verior,
1018 1209 1055 1277 et
1072 1224 1137 1299 per
1157 1224 1387 1298 consequens
1403 1204 1672 1301 acceptabilior,
1689 1204 1834 1280 dicens:
1854 1209 1887 1277 Ε
1900 1224 1975 1277 oon

802 1327 918 1417 voello
937 1326 1141 1398 nn’amntn·
1163 1346 1201 1398 se
1227 1328 1376 1399 mortale
1399 1329 1437 1401 in
1462 1333 1573 1420 mmo,
1596 1326 1699 1421 idest,
1724 1327 1753 1401 si
1780 1326 1975 1423 Dionysius
2039 1338 2045 1347 ·

803 1444 923 1520 adhuc
949 1445 1076 1521 vivens
1101 1465 1188 1519 curn
1224 1445 1369 1521 mortali
1404 1467 1560 1543 corpore
1584 1447 1621 1521 in
1648 1448 1787 1523 mundo
1813 1447 1971 1540 mortali,

797 1571 973 1659 prosterne
998 1572 1093 1639 tanto
1118 1572 1255 1657 seoreto
1281 1586 1355 1659 ver,
1383 1565 1486 1660 idest,
1512 1566 1561 1641 ita
1598 1567 1840 1643 manifestavit
1875 1567 1974 1643 veri·

802 1691 916 1761 tatem
935 1676 1010 1759 ta'm
1028 1686 1223 1761 occultam.
1242 1686 1285 1759 Et
1305 1704 1393 1761 ecce
1410 1685 1589 1761 rationem
1608 1707 1725 1781 quare
1748 1708 1820 1763 non
1838 1687 1975 1763 debeas

803 1805 941 1898 mirari,
967 1800 1028 1879 cle*
1050 1808 1104 1879 cli
1121 1808 1147 1879 't
1170 1808 1248 1881 nida
1272 1800 1414 1897 comsit,
1440 1804 1544 1898 idest,
1570 1827 1688 1911 quare
1712 1808 1850 1883 Paulus
1883 1826 1975 1901 apo-

803 1927 916 2001 stolus
942 1926 1005 2021 qui
1031 1926 1118 2000 vidit
1142 1928 1213 2001 hoc
1238 1927 1275 2000 in
1300 1926 1406 2019 coelo,
1424 1926 1572 2022 quando
1598 1934 1725 2023 raptus
1748 1927 1796 2003 ad
1824 1928 1974 2003 tertium

803 2048 939 2123 coelum
958 2046 1045 2122 vidit
1062 2068 1106 2123 aa
1124 2068 1208 2141 quae
1233 2067 1307 2121 non
1333 2046 1416 2122 licet
1440 2047 1579 2121 homini
1599 2049 1776 2142 revelare,
1793 2050 1878 2138 atiel
1900 2050 1976 2123 dir-

774 2208 779 2218 ·
803 2188 957 2261 eopersc,
975 2167 1076 2262 idest,
1099 2166 1342 2242 manifestavit
1365 2166 1444 2241 sibi.
1471 2166 1514 2240 Et
1540 2166 1643 2243 dicit:
1669 2188 1736 2241 con
1760 2171 1855 2241 ottro
1879 2168 1978 2241 maai

803 2290 861 2363 oet
876 2310 937 2363 ver
956 2290 994 2361 di
1010 2290 1118 2380 quesn
1132 2290 1217 2379 oiri,
1230 2287 1332 2381 idest,
1350 2286 1534 2363 dictorum
1552 2286 1723 2363 ordinum
1743 2289 1975 2384 angelornm.

804 2408 847 2482 Et
878 2406 936 2481 hic
968 2412 1053 2483 nota
1085 2406 1303 2502 quodcum
1338 2406 1470 2481 (licitur
1504 2408 1641 2483 Paulus
1675 2415 1803 2504 raptus
1826 2407 1874 2482 ad
1900 2414 1976 2482 ter-

804 2529 896 2603 tium
922 2528 1059 2605 coelum
1085 2548 1159 2603 non
1184 2525 1292 2603 debet
1317 2526 1467 2624 intelligi
1492 2528 1771 2625 superficialiter
1793 2534 1863 2603 etc.
1882 2526 1974 2603 ltsm

805 2657 891 2724 nota
916 2648 1015 2743 quod
1039 2647 1157 2723 dictus
1174 2646 1367 2744 Dionysius
1384 2668 1543 2744 magnus
1563 2649 1798 2744 philosophus
1816 2666 1975 2722 conver·

804 2789 867 2844 sus
892 2768 938 2843 ad
964 2768 1258 2864 pradicationem
1285 2767 1388 2844 Pauli
1414 2768 1532 2843 iactus
1556 2768 1753 2865 discipulus
1777 2768 1858 2845 eius
1884 2766 1975 2841 didi·

805 2889 853 2965 cit
877 2890 925 2965 ab
951 2910 995 2965 eo
1021 2889 1143 2964 omnia
1170 2908 1255 2983 quoe
1279 2889 1420 2984 scripsit
1444 2888 1492 2965 de
1516 2889 1583 2964 ista
1597 2884 1635 2981 (¹)
1663 2888 1819 2965 materia
1842 2894 1911 2963 ete

1711 3052 1976 3068 —--——=—

868 3154 894 3214 (')
911 3153 941 3203 E.
959 3154 990 3203 dc
1006 3154 1054 3204 lrcc
1071 3112 1188 3203 materia.
