4842 6642
818 856 888 923 358
1209 867 1413 923 comnnrun
1440 868 1608 922 emaum

815 1020 892 1087 stru
917 1014 1075 1103 damma,
1100 1011 1203 1105 idest,
1230 1012 1393 1087 ecclesiae
1411 1010 1688 1112 triumphantis,
1714 1011 1850 1087 scilicet
1880 1032 1992 1106 para·

816 1133 894 1226 disi,
919 1135 951 1205 si
974 1135 1112 1225 scrisse,
1142 1131 1204 1204 ubi
1230 1131 1268 1205 in
1295 1138 1357 1205 tua
1383 1131 1536 1227 epistola
1559 1131 1698 1206 dixistis
1723 1152 1835 1207 omne
1859 1131 1987 1205 datum

816 1252 995 1349 optimum
1013 1245 1049 1343 (¹)
1077 1257 1145 1326 etc.
1173 1256 1210 1325 et
1236 1251 1389 1325 hilarem
1415 1252 1583 1327 datorem
1609 1251 1725 1349 diligit
1750 1252 1859 1347 Deus,
1875 1256 1918 1346 su
1938 1256 1990 1324 ri·

814 1393 926 1447 sertor
951 1376 987 1445 la
1011 1393 1126 1465 speram
1153 1375 1191 1445 in
1223 1379 1342 1470 questu
1373 1376 1522 1447 ultezza.
1549 1374 1593 1445 lit
1617 1372 1741 1447 subdit
1765 1372 1987 1448 confirmans

814 1514 920 1567 suam
947 1492 1171 1588 petitionem,
1189 1492 1288 1585 quod
1311 1493 1422 1588 possit
1449 1499 1488 1567 et
1517 1492 1650 1567 debeat
1675 1494 1743 1567 boc
1769 1492 1901 1587 lacere,
1931 1492 1988 1567 di·

814 1633 918 1689 cens:
946 1620 981 1685 tu
996 1615 1023 1685 'l
1044 1615 1111 1704 soi,
1130 1612 1199 1706 vel,
1218 1620 1253 1685 tu
1278 1617 1334 1687 sui
1356 1615 1417 1685 cte
1442 1620 1535 1686 tuum
1561 1614 1649 1686 volte
1667 1615 1704 1685 lu
1718 1614 1841 1705 pipam,
1857 1620 1985 1705 quante

817 1728 905 1807 uest
920 1736 956 1828 fe
967 1728 1030 1826 pto
1047 1736 1236 1819 ctiurezzu
1260 1737 1298 1809 at
1321 1742 1384 1807 tre.
1411 1735 1451 1807 ln
1477 1734 1610 1809 ellectu
1632 1735 1710 1807 vult
1735 1733 1859 1809 dicere
1883 1735 1983 1827 quod

815 1854 962 1948 quando
987 1854 1152 1929 Christus
1177 1854 1334 1929 ostendit
1360 1854 1538 1929 maiorem
1567 1853 1849 1928 familiaritatem
1871 1854 1989 1929 tribus

815 1975 997 2071 apostolis,
1032 1975 1178 2069 scilicet,
1213 1976 1335 2069 Petro,
1367 1976 1515 2070 lacobo,
1545 1976 1711 2070 lohanni,
1742 1996 1809 2071 per
1839 1976 1935 2071 ipsos
1948 1968 1987 2069 (²)

816 2100 891 2169 tres
917 2096 1100 2191 figurabat
1126 2104 1199 2171 tres
1227 2096 1393 2190 virtutes,
1418 2096 1565 2191 scilicet,
1591 2096 1700 2172 fidem
1728 2117 1794 2192 per
1820 2097 1984 2191 Petrum,

814 2235 917 2310 spem
944 2236 1011 2311 per
1035 2215 1214 2291 iacobum
1241 2224 1278 2291 et
1302 2215 1495 2290 caritatem
1521 2237 1588 2311 per
1605 2217 1819 2291 lobannem.
1840 2216 1876 2289 Si
1894 2237 1986 2315 ergo

815 2340 854 2407 tn
881 2334 1016 2409 Jacobe
1042 2334 1179 2431 figuras
1212 2356 1327 2431 spem,
1355 2336 1450 2411 bene
1479 2336 1647 2430 sequitur
1677 2336 1778 2430 quod
1811 2337 1924 2431 possis
1948 2345 1986 2412 et
2016 2342 2020 2348 ’

816 2453 951 2528 debeas
975 2453 1022 2528 de
1039 2475 1083 2529 ea
1103 2462 1273 2546 tractare,
1291 2463 1329 2530 et
1345 2463 1492 2551 ροθίειω
1510 2456 1620 2531 istum
1637 2456 1877 2531 christianum
1895 2477 1986 2533 era-

815 2574 969 2649 minare.
995 2576 1101 2663 Quod
1131 2583 1257 2651 autem
1294 2576 1371 2651 istae
1400 2583 1475 2651 tres
1505 2578 1659 2653 virtutes
1686 2578 1894 2674 figurentur
1918 2598 1986 2675 per

814 2694 900 2769 istos
935 2702 1009 2769 tres
1040 2696 1223 2791 apostolos
1253 2696 1546 2772 demonstratum
1563 2687 1601 2789 (³)
1636 2705 1691 2773 est
1729 2697 1766 2773 in
1804 2699 1985 2795 Purgato

815 2815 880 2889 rio.
897 2856 947 2869 -
969 2820 1071 2890 Lanu
1112 2816 1176 2891 llic
1213 2824 1324 2891 autor
1354 2818 1455 2912 ponit
1487 2817 1755 2893 exortationem
1785 2817 1909 2894 Jacobi
1939 2819 1987 2894 ad

816 2954 856 3008 se
885 2934 1046 3029 dicentis,
1075 2938 1152 3009 uva
1182 2939 1346 3027 luteola,
1376 2935 1479 3030 idest,
1510 2937 1796 3033 speculationem
1826 2944 1943 3032 tuam,
1968 2961 1988 3011 e

811 3057 863 3149 su'
876 3057 936 3128 ulte
960 3058 1164 3151 tussmurt;
1194 3058 1264 3131 hoc
1291 3056 1376 3133 dicit
1402 3057 1489 3151 quia
1519 3064 1600 3133 erat
1624 3059 1844 3135 terrefactus
1873 3060 1988 3135 nimio

814 3175 1006 3271 splendore
1041 3176 1223 3251 dictorum
1259 3178 1532 3274 apostolorum3
1566 3186 1604 3253 et
1634 3180 1794 3275 assignat
1835 3200 1985 3255 causam

814 3317 932 3391 quare
957 3297 1150 3392 oportebat
1164 3286 1202 3391 (⁴)
1229 3300 1299 3373 troc
1325 3299 1457 3394 lacere,
1483 3300 1626 3375 dicens:
1656 3303 1716 3373 cte
1747 3294 1801 3375 o'd
1825 3304 1895 3375 cte’
1909 3304 1989 3376 oieu

814 3413 956 3510 quassit,
982 3418 1128 3512 scilicet,
1154 3420 1191 3492 in
1217 3420 1365 3514 ooelum,
1386 3423 1444 3495 del
1467 3424 1598 3495 morlai
1621 3424 1763 3513 mondo,
1783 3422 1830 3498 de
1851 3428 1984 3517 quotu

815 3550 913 3612 nunc
939 3536 1052 3633 venis,
1077 3542 1223 3612 coneien
1246 3542 1362 3613 obesi
1392 3544 1533 3633 mmai,
1560 3542 1664 3635 idest,
1688 3562 1729 3617 se
1758 3543 1924 3639 disponat
1947 3550 1986 3619 et

814 3658 987 3751 habilitat,
1005 3662 1043 3731 ui
1058 3663 1172 3733 nostri
1186 3664 1306 3754 rappi,
1327 3661 1429 3756 idest,
1451 3662 1560 3737 radiis
1577 3664 1849 3739 llammantibus
1865 3666 1986 3759 splen·

812 3779 944 3854 dorum
972 3785 1205 3874 nostrorum3
1229 3788 1266 3855 et
1282 3781 1368 3856 dicit
1393 3804 1417 3857 a
1442 3803 1518 3876 quo
1536 3784 1705 3860 babuerit
1721 3784 1828 3858 istam
1848 3786 1986 3859 extror-

812 3899 999 3993 tationem,
1024 3900 1166 4005 dicens:
1193 3909 1311 3994 questo
1336 3906 1498 3998 conserto
1529 3907 1577 3978 mi
1600 3926 1708 3979 omne
1724 3908 1788 3979 dul
1799 3910 1905 4001 suom
1929 3929 1986 3979 se-

811 4023 938 4111 condo,
965 4020 1068 4115 idest,
1093 4043 1116 4095 a
1142 4022 1251 4097 beato
1276 4023 1424 4118 lacobo,
1450 4024 1515 4119 qui
1540 4026 1703 4101 secundo
1728 4034 1882 4103 venerat
1906 4037 1988 4123 post

813 4141 976 4217 Petrum.
1004 4143 1049 4215 llt
1078 4142 1200 4217 subdit
1234 4166 1339 4219 suam
1373 4145 1630 4240 obedientiam,
1670 4146 1818 4223 dicens:
1857 4153 1987 4225 ond'io

812 4264 903 4335 leuat
925 4266 977 4354 pli
1000 4265 1107 4353 ocuti,
1134 4262 1282 4358 scilicet,
1309 4264 1585 4361 intellectuales,
1610 4270 1649 4341 ui
1672 4272 1794 4360 monti,
1819 4268 1922 4365 idest,
1939 4271 1987 4346 ad

811 4382 891 4456 illos
916 4389 1060 4459 sanctos
1092 4385 1266 4474 excelsos,
1300 4385 1445 4480 scilicet,
1473 4388 1624 4462 Petrum
1657 4394 1695 4463 et
1726 4388 1924 4485 Jacobum;
1950 4397 1988 4467 et

812 4502 917 4576 dicit:
943 4505 1003 4575 ene
1026 4506 1073 4595 pt·
1086 4507 1305 4579 immemor
1320 4509 1407 4599 ptiu
1431 4511 1489 4581 col
1511 4516 1636 4601 troppo
1652 4512 1788 4601 pondo,
1809 4510 1895 4604 quia
1912 4511 1987 4586 scl-

814 4622 898 4696 licet
921 4622 1004 4697 dicti
1031 4624 1181 4719 apostoli
1206 4625 1393 4701 nimietate
1408 4627 1551 4702 ardoris
1568 4636 1606 4703 et
1625 4630 1827 4724 splendoris
1851 4652 1987 4728 grava·

1899 4790 1986 4803 ⁸-—

873 4851 901 4910 l¹l
917 4851 943 4902 S.
965 4853 1093 4916 optimum
1114 4860 1141 4905 et
1162 4868 1239 4905 omne
1260 4855 1358 4906 donum
1380 4856 1525 4919 perlectum
1547 4858 1704 4909 desursum
1725 4864 1773 4918 est,
1795 4860 1986 4913 despondens·

814 4932 887 4989 patre
904 4927 1033 4978 luminum
1049 4934 1100 4979 etc.
1519 4932 1546 4993 ε’)
1561 4934 1589 4985 S.
1605 4936 1676 4985 istos.

874 5002 942 5065 1⁸28,
960 5003 1098 5055 denotatur
1116 5004 1141 5055 in
1158 5005 1321 5070 Purpalorio.
1518 5009 1545 5071 (⁵)
1561 5009 1587 5061 S.
1603 5023 1618 5060 e
1635 5010 1666 5061 li.
1682 5016 1810 5075 oporteat.
