<?xml version="1.0" encoding="UTF-8"?>
<!DOCTYPE html PUBLIC "-//W3C//DTD XHTML 1.0 Transitional//EN"
    "http://www.w3.org/TR/xhtml1/DTD/xhtml1-transitional.dtd">
<html xmlns="http://www.w3.org/1999/xhtml" xml:lang="en" lang="en">
 <head>
  <title>
</title>
<meta http-equiv="Content-Type" content="text/html;charset=utf-8" />
  <meta name='ocr-system' content='tesseract 3.04.00' />
  <meta name='ocr-capabilities' content='ocr_page ocr_carea ocr_par ocr_line ocrx_word'/>
</head>
<body>
  <div class='ocr_page' id='page_1' title='image "./comentumsuperda02benvgoog_0161.png"; bbox 0 0 4842 6642; ppageno 0'>
   <div class='ocr_carea' id='block_1_1' title="bbox 799 905 1636 983">
    <p class='ocr_par' dir='ltr' id='par_1_1' title="bbox 799 905 1636 983">
     <span class='ocr_line' id='line_1_1' title="bbox 799 905 1636 983; baseline 0.004 -15"><span class='ocrx_word' id='word_1_1' title='bbox 799 913 938 970; x_wconf 73' lang='lat' dir='ltr'><strong>caurus</strong></span> <span class='ocrx_word' id='word_1_2' title='bbox 963 915 1120 972; x_wconf 83' lang='lat' dir='ltr'><strong>nncmus</strong></span> <span class='ocrx_word' id='word_1_3' title='bbox 1145 917 1311 983; x_wconf 80' lang='lat' dir='ltr'><strong>omarus.</strong></span> <span class='ocrx_word' id='word_1_4' title='bbox 1566 905 1636 971; x_wconf 79' lang='lat' dir='ltr'><strong>rm</strong></span> 
     </span>
    </p>
   </div>
   <div class='ocr_carea' id='block_1_2' title="bbox 464 1057 1702 2719">
    <p class='ocr_par' dir='ltr' id='par_1_2' title="bbox 464 1057 1702 2719">
     <span class='ocr_line' id='line_1_2' title="bbox 466 1057 1640 1158; baseline -0.001 -22"><span class='ocrx_word' id='word_1_5' title='bbox 466 1082 552 1158; x_wconf 74' lang='lat' dir='ltr'><strong>que</strong></span> <span class='ocrx_word' id='word_1_6' title='bbox 569 1060 693 1136; x_wconf 82' lang='lat' dir='ltr'><strong>audivi</strong></span> <span class='ocrx_word' id='word_1_7' title='bbox 718 1061 765 1134; x_wconf 89' lang='lat' dir='ltr'><strong>ab</strong></span> <span class='ocrx_word' id='word_1_8' title='bbox 785 1061 924 1156; x_wconf 86' lang='lat' dir='ltr'><strong>optimo</strong></span> <span class='ocrx_word' id='word_1_9' title='bbox 940 1069 1045 1156; x_wconf 82' lang='lat' dir='ltr'><strong>patre</strong></span> <span class='ocrx_word' id='word_1_10' title='bbox 1063 1082 1147 1136; x_wconf 93' lang='lat' dir='ltr'><strong>meo</strong></span> <span class='ocrx_word' id='word_1_11' title='bbox 1166 1062 1342 1158; x_wconf 82' lang='lat' dir='ltr'><strong>magistro</strong></span> <span class='ocrx_word' id='word_1_12' title='bbox 1357 1057 1393 1156; x_wconf 77' lang='lat'><strong>(¹)</strong></span> <span class='ocrx_word' id='word_1_13' title='bbox 1415 1062 1640 1158; x_wconf 82' lang='lat' dir='ltr'><strong>Compagno,</strong></span> 
     </span>
     <span class='ocr_line' id='line_1_3' title="bbox 464 1181 1641 1279; baseline 0.001 -22"><span class='ocrx_word' id='word_1_14' title='bbox 464 1183 528 1278; x_wconf 81' lang='lat' dir='ltr'><strong>qui</strong></span> <span class='ocrx_word' id='word_1_15' title='bbox 550 1182 617 1258; x_wconf 90' lang='lat' dir='ltr'><strong>diu</strong></span> <span class='ocrx_word' id='word_1_16' title='bbox 644 1181 730 1278; x_wconf 76' lang='lat' dir='ltr'><strong>legit</strong></span> <span class='ocrx_word' id='word_1_17' title='bbox 752 1187 831 1256; x_wconf 87' lang='lat' dir='ltr'><strong>tam</strong></span> <span class='ocrx_word' id='word_1_18' title='bbox 857 1182 1099 1276; x_wconf 86' lang='lat' dir='ltr'><strong>laudabiliter,</strong></span> <span class='ocrx_word' id='word_1_19' title='bbox 1133 1204 1246 1278; x_wconf 88' lang='lat' dir='ltr'><strong>quam</strong></span> <span class='ocrx_word' id='word_1_20' title='bbox 1279 1183 1415 1258; x_wconf 75' lang='lat' dir='ltr'><strong>ntifiter</strong></span> <span class='ocrx_word' id='word_1_21' title='bbox 1439 1185 1548 1279; x_wconf 83' lang='lat' dir='ltr'><strong>jnrta</strong></span> <span class='ocrx_word' id='word_1_22' title='bbox 1573 1183 1641 1258; x_wconf 90' lang='lat' dir='ltr'><strong>do·</strong></span> 
     </span>
     <span class='ocr_line' id='line_1_4' title="bbox 464 1300 1639 1398; baseline -0.002 -21"><span class='ocrx_word' id='word_1_23' title='bbox 464 1323 568 1377; x_wconf 88' lang='lat' dir='ltr'><strong>mum</strong></span> <span class='ocrx_word' id='word_1_24' title='bbox 601 1300 831 1376; x_wconf 76' lang='lat' dir='ltr'><strong>habitationis</strong></span> <span class='ocrx_word' id='word_1_25' title='bbox 862 1303 1044 1396; x_wconf 81' lang='lat' dir='ltr'><strong>praedictae</strong></span> <span class='ocrx_word' id='word_1_26' title='bbox 1077 1303 1246 1377; x_wconf 84' lang='lat' dir='ltr'><strong>dominae.</strong></span> <span class='ocrx_word' id='word_1_27' title='bbox 1282 1303 1380 1398; x_wconf 81' lang='lat' dir='ltr'><strong>Ergo</strong></span> <span class='ocrx_word' id='word_1_28' title='bbox 1411 1303 1497 1398; x_wconf 86' lang='lat' dir='ltr'><strong>quia</strong></span> <span class='ocrx_word' id='word_1_29' title='bbox 1530 1309 1639 1378; x_wconf 86' lang='lat' dir='ltr'><strong>autor</strong></span> 
     </span>
     <span class='ocr_line' id='line_1_5' title="bbox 465 1421 1702 1520; baseline 0 -24"><span class='ocrx_word' id='word_1_30' title='bbox 465 1422 565 1520; x_wconf 86' lang='lat' dir='ltr'><strong>ponit</strong></span> <span class='ocrx_word' id='word_1_31' title='bbox 590 1421 695 1496; x_wconf 85' lang='lat' dir='ltr'><strong>istam</strong></span> <span class='ocrx_word' id='word_1_32' title='bbox 723 1441 790 1516; x_wconf 87' lang='lat' dir='ltr'><strong>pro</strong></span> <span class='ocrx_word' id='word_1_33' title='bbox 815 1441 928 1516; x_wconf 81' lang='lat' dir='ltr'><strong>prava</strong></span> <span class='ocrx_word' id='word_1_34' title='bbox 961 1423 1127 1518; x_wconf 92' lang='lat' dir='ltr'><strong>muliere,</strong></span> <span class='ocrx_word' id='word_1_35' title='bbox 1153 1423 1272 1498; x_wconf 86' lang='lat' dir='ltr'><strong>dicam</strong></span> <span class='ocrx_word' id='word_1_36' title='bbox 1304 1422 1442 1517; x_wconf 87' lang='lat' dir='ltr'><strong>aliquid</strong></span> <span class='ocrx_word' id='word_1_37' title='bbox 1468 1424 1637 1520; x_wconf 86' lang='lat' dir='ltr'><strong>jocosum</strong></span> <span class='ocrx_word' id='word_1_38' title='bbox 1698 1437 1702 1444; x_wconf 81' lang='grc'>’</span> 
     </span>
     <span class='ocr_line' id='line_1_6' title="bbox 465 1540 1639 1639; baseline -0.001 -23"><span class='ocrx_word' id='word_1_39' title='bbox 465 1543 512 1617; x_wconf 93' lang='lat' dir='ltr'><strong>de</strong></span> <span class='ocrx_word' id='word_1_40' title='bbox 535 1561 592 1616; x_wconf 86' lang='lat' dir='ltr'><strong>ea.</strong></span> <span class='ocrx_word' id='word_1_41' title='bbox 617 1541 704 1615; x_wconf 75' lang='lat' dir='ltr'><strong>llaec</strong></span> <span class='ocrx_word' id='word_1_42' title='bbox 729 1540 908 1636; x_wconf 82' lang='lat' dir='ltr'><strong>siquidem</strong></span> <span class='ocrx_word' id='word_1_43' title='bbox 935 1543 1069 1618; x_wconf 93' lang='lat' dir='ltr'><strong>mulier</strong></span> <span class='ocrx_word' id='word_1_44' title='bbox 1094 1543 1161 1616; x_wconf 86' lang='lat' dir='ltr'><strong>luit</strong></span> <span class='ocrx_word' id='word_1_45' title='bbox 1188 1542 1486 1639; x_wconf 83' lang='lat' dir='ltr'><strong>arrogantissima</strong></span> <span class='ocrx_word' id='word_1_46' title='bbox 1518 1548 1558 1618; x_wconf 87' lang='lat' dir='ltr'><strong>et</strong></span> <span class='ocrx_word' id='word_1_47' title='bbox 1581 1542 1639 1616; x_wconf 93' lang='lat' dir='ltr'><strong>in-</strong></span> 
     </span>
     <span class='ocr_line' id='line_1_7' title="bbox 466 1661 1639 1759; baseline 0.001 -22"><span class='ocrx_word' id='word_1_48' title='bbox 466 1661 682 1756; x_wconf 85' lang='lat' dir='ltr'><strong>tolerabilis3</strong></span> <span class='ocrx_word' id='word_1_49' title='bbox 707 1661 783 1736; x_wconf 89' lang='lat' dir='ltr'><strong>ibat</strong></span> <span class='ocrx_word' id='word_1_50' title='bbox 808 1681 874 1757; x_wconf 85' lang='lat' dir='ltr'><strong>per</strong></span> <span class='ocrx_word' id='word_1_51' title='bbox 898 1663 1051 1737; x_wconf 90' lang='lat' dir='ltr'><strong>domum</strong></span> <span class='ocrx_word' id='word_1_52' title='bbox 1078 1683 1163 1738; x_wconf 89' lang='lat' dir='ltr'><strong>cum</strong></span> <span class='ocrx_word' id='word_1_53' title='bbox 1182 1664 1302 1737; x_wconf 88' lang='lat' dir='ltr'><strong>bireto</strong></span> <span class='ocrx_word' id='word_1_54' title='bbox 1325 1663 1363 1736; x_wconf 94' lang='lat' dir='ltr'><strong>in</strong></span> <span class='ocrx_word' id='word_1_55' title='bbox 1388 1664 1506 1759; x_wconf 85' lang='lat' dir='ltr'><strong>capite</strong></span> <span class='ocrx_word' id='word_1_56' title='bbox 1534 1683 1639 1738; x_wconf 90' lang='lat' dir='ltr'><strong>more</strong></span> 
     </span>
     <span class='ocr_line' id='line_1_8' title="bbox 467 1780 1639 1875; baseline 0 -17"><span class='ocrx_word' id='word_1_57' title='bbox 467 1781 744 1858; x_wconf 71' lang='lat' dir='ltr'><strong>tarentinarum</strong></span> <span class='ocrx_word' id='word_1_58' title='bbox 775 1788 813 1855; x_wconf 87' lang='lat' dir='ltr'><strong>et</strong></span> <span class='ocrx_word' id='word_1_59' title='bbox 842 1780 974 1856; x_wconf 88' lang='lat' dir='ltr'><strong>haculo</strong></span> <span class='ocrx_word' id='word_1_60' title='bbox 999 1782 1035 1856; x_wconf 92' lang='lat' dir='ltr'><strong>in</strong></span> <span class='ocrx_word' id='word_1_61' title='bbox 1062 1803 1185 1875; x_wconf 87' lang='lat' dir='ltr'><strong>manu,</strong></span> <span class='ocrx_word' id='word_1_62' title='bbox 1213 1803 1311 1857; x_wconf 91' lang='lat' dir='ltr'><strong>nunc</strong></span> <span class='ocrx_word' id='word_1_63' title='bbox 1337 1784 1558 1858; x_wconf 78' lang='lat' dir='ltr'>verberabat</span> <span class='ocrx_word' id='word_1_64' title='bbox 1583 1784 1639 1858; x_wconf 86' lang='lat' dir='ltr'><strong>la-</strong></span> 
     </span>
     <span class='ocr_line' id='line_1_9' title="bbox 469 1901 1637 1999; baseline 0.001 -23"><span class='ocrx_word' id='word_1_65' title='bbox 469 1903 626 1996; x_wconf 91' lang='lat' dir='ltr'><strong>mulnm,</strong></span> <span class='ocrx_word' id='word_1_66' title='bbox 652 1922 751 1978; x_wconf 91' lang='lat' dir='ltr'><strong>nunc</strong></span> <span class='ocrx_word' id='word_1_67' title='bbox 775 1921 950 1996; x_wconf 85' lang='lat' dir='ltr'><strong>coquum.</strong></span> <span class='ocrx_word' id='word_1_68' title='bbox 986 1901 1121 1978; x_wconf 81' lang='lat' dir='ltr'><strong>Accidit</strong></span> <span class='ocrx_word' id='word_1_69' title='bbox 1154 1923 1246 1999; x_wconf 82' lang='lat' dir='ltr'><strong>ergo</strong></span> <span class='ocrx_word' id='word_1_70' title='bbox 1275 1904 1390 1978; x_wconf 86' lang='lat' dir='ltr'><strong>semel</strong></span> <span class='ocrx_word' id='word_1_71' title='bbox 1422 1904 1637 1997; x_wconf 88' lang='lat' dir='ltr'><strong>quodcum</strong></span> 
     </span>
     <span class='ocr_line' id='line_1_10' title="bbox 466 2021 1639 2118; baseline 0.002 -22"><span class='ocrx_word' id='word_1_72' title='bbox 466 2022 591 2098; x_wconf 87' lang='lat' dir='ltr'><strong>ivisset</strong></span> <span class='ocrx_word' id='word_1_73' title='bbox 614 2021 661 2096; x_wconf 91' lang='lat' dir='ltr'><strong>ad</strong></span> <span class='ocrx_word' id='word_1_74' title='bbox 686 2021 833 2096; x_wconf 85' lang='lat' dir='ltr'><strong>missam</strong></span> <span class='ocrx_word' id='word_1_75' title='bbox 861 2022 908 2098; x_wconf 87' lang='lat' dir='ltr'><strong>ad</strong></span> <span class='ocrx_word' id='word_1_76' title='bbox 933 2023 1055 2097; x_wconf 90' lang='lat' dir='ltr'><strong>locum</strong></span> <span class='ocrx_word' id='word_1_77' title='bbox 1089 2022 1245 2097; x_wconf 88' lang='lat' dir='ltr'><strong>iratrum</strong></span> <span class='ocrx_word' id='word_1_78' title='bbox 1280 2023 1562 2118; x_wconf 78' lang='lat' dir='ltr'><strong>predicatorum</strong></span> <span class='ocrx_word' id='word_1_79' title='bbox 1592 2025 1639 2098; x_wconf 90' lang='lat' dir='ltr'><strong>de</strong></span> 
     </span>
     <span class='ocr_line' id='line_1_11' title="bbox 467 2142 1639 2239; baseline 0 -22"><span class='ocrx_word' id='word_1_80' title='bbox 467 2143 593 2236; x_wconf 80' lang='lat' dir='ltr'><strong>imola,</strong></span> <span class='ocrx_word' id='word_1_81' title='bbox 619 2162 692 2216; x_wconf 94' lang='lat' dir='ltr'><strong>non</strong></span> <span class='ocrx_word' id='word_1_82' title='bbox 718 2142 827 2239; x_wconf 81' lang='lat' dir='ltr'><strong>longe</strong></span> <span class='ocrx_word' id='word_1_83' title='bbox 851 2162 873 2217; x_wconf 87' lang='lat' dir='ltr'><strong>a</strong></span> <span class='ocrx_word' id='word_1_84' title='bbox 898 2143 1009 2216; x_wconf 90' lang='lat' dir='ltr'><strong>domo</strong></span> <span class='ocrx_word' id='word_1_85' title='bbox 1034 2142 1126 2236; x_wconf 93' lang='lat' dir='ltr'><strong>eins,</strong></span> <span class='ocrx_word' id='word_1_86' title='bbox 1152 2143 1301 2238; x_wconf 85' lang='lat' dir='ltr'><strong>quidam</strong></span> <span class='ocrx_word' id='word_1_87' title='bbox 1324 2144 1437 2218; x_wconf 87' lang='lat' dir='ltr'><strong>irater</strong></span> <span class='ocrx_word' id='word_1_88' title='bbox 1462 2143 1639 2238; x_wconf 78' lang='lat' dir='ltr'><strong>predica-</strong></span> 
     </span>
     <span class='ocr_line' id='line_1_12' title="bbox 468 2261 1639 2360; baseline -0.001 -22"><span class='ocrx_word' id='word_1_89' title='bbox 468 2263 530 2338; x_wconf 86' lang='lat' dir='ltr'><strong>bat</strong></span> <span class='ocrx_word' id='word_1_90' title='bbox 554 2281 576 2336; x_wconf 90' lang='lat' dir='ltr'><strong>a</strong></span> <span class='ocrx_word' id='word_1_91' title='bbox 602 2281 702 2336; x_wconf 88' lang='lat' dir='ltr'><strong>casu.</strong></span> <span class='ocrx_word' id='word_1_92' title='bbox 729 2261 773 2335; x_wconf 81' lang='lat' dir='ltr'><strong>m</strong></span> <span class='ocrx_word' id='word_1_93' title='bbox 797 2282 883 2336; x_wconf 89' lang='lat' dir='ltr'><strong>cum</strong></span> <span class='ocrx_word' id='word_1_94' title='bbox 911 2261 1009 2336; x_wconf 89' lang='lat' dir='ltr'><strong>nulla</strong></span> <span class='ocrx_word' id='word_1_95' title='bbox 1034 2261 1182 2341; x_wconf 89' lang='lat' dir='ltr'><strong>domina</strong></span> <span class='ocrx_word' id='word_1_96' title='bbox 1201 2271 1414 2360; x_wconf 81' lang='lat' dir='ltr'><strong>assurgeret</strong></span> <span class='ocrx_word' id='word_1_97' title='bbox 1431 2263 1509 2358; x_wconf 89' lang='lat' dir='ltr'><strong>sibi,</strong></span> <span class='ocrx_word' id='word_1_98' title='bbox 1530 2262 1639 2338; x_wconf 85' lang='lat' dir='ltr'><strong>Cian—</strong></span> 
     </span>
     <span class='ocr_line' id='line_1_13' title="bbox 467 2374 1641 2478; baseline -0.002 -20"><span class='ocrx_word' id='word_1_99' title='bbox 467 2383 582 2458; x_wconf 81' lang='lat' dir='ltr'><strong>chella</strong></span> <span class='ocrx_word' id='word_1_100' title='bbox 594 2374 631 2474; x_wconf 86' lang='lat'><strong>(¹)</strong></span> <span class='ocrx_word' id='word_1_101' title='bbox 648 2402 802 2457; x_wconf 89' lang='lat' dir='ltr'><strong>accensa</strong></span> <span class='ocrx_word' id='word_1_102' title='bbox 820 2381 1068 2478; x_wconf 86' lang='lat' dir='ltr'><strong>indignatione</strong></span> <span class='ocrx_word' id='word_1_103' title='bbox 1084 2388 1120 2457; x_wconf 89' lang='lat' dir='ltr'><strong>et</strong></span> <span class='ocrx_word' id='word_1_104' title='bbox 1138 2381 1191 2457; x_wconf 89' lang='lat' dir='ltr'><strong>ira</strong></span> <span class='ocrx_word' id='word_1_105' title='bbox 1209 2383 1320 2477; x_wconf 86' lang='lat' dir='ltr'><strong>coepit</strong></span> <span class='ocrx_word' id='word_1_106' title='bbox 1338 2383 1487 2458; x_wconf 91' lang='lat' dir='ltr'><strong>iniicere</strong></span> <span class='ocrx_word' id='word_1_107' title='bbox 1508 2402 1641 2458; x_wconf 89' lang='lat' dir='ltr'><strong>manus</strong></span> 
     </span>
     <span class='ocr_line' id='line_1_14' title="bbox 467 2503 1641 2599; baseline -0.003 -19"><span class='ocrx_word' id='word_1_108' title='bbox 467 2511 611 2580; x_wconf 82' lang='lat' dir='ltr'><strong>atroces</strong></span> <span class='ocrx_word' id='word_1_109' title='bbox 632 2503 784 2577; x_wconf 92' lang='lat' dir='ltr'><strong>nuncin</strong></span> <span class='ocrx_word' id='word_1_110' title='bbox 802 2503 921 2597; x_wconf 83' lang='lat' dir='ltr'><strong>istam,</strong></span> <span class='ocrx_word' id='word_1_111' title='bbox 939 2523 1038 2578; x_wconf 92' lang='lat' dir='ltr'><strong>nunc</strong></span> <span class='ocrx_word' id='word_1_112' title='bbox 1056 2503 1091 2576; x_wconf 93' lang='lat' dir='ltr'><strong>in</strong></span> <span class='ocrx_word' id='word_1_113' title='bbox 1110 2503 1207 2578; x_wconf 90' lang='lat' dir='ltr'><strong>illam</strong></span> <span class='ocrx_word' id='word_1_114' title='bbox 1227 2503 1426 2599; x_wconf 86' lang='lat' dir='ltr'><strong>dominam,</strong></span> <span class='ocrx_word' id='word_1_115' title='bbox 1444 2503 1641 2579; x_wconf 86' lang='lat' dir='ltr'><strong>lacerando</strong></span> 
     </span>
     <span class='ocr_line' id='line_1_15' title="bbox 469 2622 1641 2719; baseline -0.003 -20"><span class='ocrx_word' id='word_1_116' title='bbox 469 2624 529 2699; x_wconf 91' lang='lat' dir='ltr'><strong>nni</strong></span> <span class='ocrx_word' id='word_1_117' title='bbox 556 2623 677 2698; x_wconf 91' lang='lat' dir='ltr'><strong>crines</strong></span> <span class='ocrx_word' id='word_1_118' title='bbox 701 2630 739 2698; x_wconf 92' lang='lat' dir='ltr'><strong>et</strong></span> <span class='ocrx_word' id='word_1_119' title='bbox 767 2622 913 2718; x_wconf 88' lang='lat' dir='ltr'><strong>trichas,</strong></span> <span class='ocrx_word' id='word_1_120' title='bbox 931 2623 1033 2698; x_wconf 88' lang='lat' dir='ltr'><strong>alteri</strong></span> <span class='ocrx_word' id='word_1_121' title='bbox 1066 2623 1191 2698; x_wconf 87' lang='lat' dir='ltr'><strong>bindas</strong></span> <span class='ocrx_word' id='word_1_122' title='bbox 1216 2631 1253 2698; x_wconf 92' lang='lat' dir='ltr'><strong>et</strong></span> <span class='ocrx_word' id='word_1_123' title='bbox 1279 2623 1473 2698; x_wconf 83' lang='lat' dir='ltr'><strong>velamina.</strong></span> <span class='ocrx_word' id='word_1_124' title='bbox 1499 2623 1641 2719; x_wconf 76' lang='lat' dir='ltr'><strong>Aliquae</strong></span> 
     </span>
    </p>
   </div>
   <div class='ocr_carea' id='block_1_3' title="bbox 466 2742 1746 3314">
    <p class='ocr_par' dir='ltr' id='par_1_3' title="bbox 466 2742 1746 3314">
     <span class='ocr_line' id='line_1_16' title="bbox 469 2742 1637 2840; baseline -0.003 -21"><span class='ocrx_word' id='word_1_125' title='bbox 469 2765 542 2819; x_wconf 92' lang='lat' dir='ltr'><strong>non</strong></span> <span class='ocrx_word' id='word_1_126' title='bbox 567 2743 756 2840; x_wconf 84' lang='lat' dir='ltr'><strong>patientes,</strong></span> <span class='ocrx_word' id='word_1_127' title='bbox 782 2750 975 2838; x_wconf 86' lang='lat' dir='ltr'><strong>coeperunt</strong></span> <span class='ocrx_word' id='word_1_128' title='bbox 1000 2743 1153 2818; x_wconf 86' lang='lat' dir='ltr'><strong>reddere</strong></span> <span class='ocrx_word' id='word_1_129' title='bbox 1183 2743 1249 2816; x_wconf 88' lang='lat' dir='ltr'><strong>sibi</strong></span> <span class='ocrx_word' id='word_1_130' title='bbox 1280 2742 1398 2818; x_wconf 88' lang='lat' dir='ltr'><strong>vicem</strong></span> <span class='ocrx_word' id='word_1_131' title='bbox 1432 2764 1550 2817; x_wconf 87' lang='lat' dir='ltr'><strong>suam.</strong></span> <span class='ocrx_word' id='word_1_132' title='bbox 1586 2745 1637 2817; x_wconf 77' lang='lat' dir='ltr'><strong>Er</strong></span> 
     </span>
     <span class='ocr_line' id='line_1_17' title="bbox 466 2862 1640 2961; baseline 0 -23"><span class='ocrx_word' id='word_1_133' title='bbox 466 2885 545 2961; x_wconf 51' lang='lat' dir='ltr'><strong>¹quo</strong></span> <span class='ocrx_word' id='word_1_134' title='bbox 570 2871 652 2940; x_wconf 85' lang='lat' dir='ltr'><strong>orto</strong></span> <span class='ocrx_word' id='word_1_135' title='bbox 679 2885 814 2961; x_wconf 82' lang='lat' dir='ltr'><strong>magno</strong></span> <span class='ocrx_word' id='word_1_136' title='bbox 840 2863 992 2960; x_wconf 86' lang='lat' dir='ltr'><strong>strepitu</strong></span> <span class='ocrx_word' id='word_1_137' title='bbox 1018 2883 1103 2938; x_wconf 89' lang='lat' dir='ltr'><strong>cum</strong></span> <span class='ocrx_word' id='word_1_138' title='bbox 1130 2863 1295 2938; x_wconf 88' lang='lat' dir='ltr'><strong>clamore</strong></span> <span class='ocrx_word' id='word_1_139' title='bbox 1319 2862 1356 2936; x_wconf 95' lang='lat' dir='ltr'><strong>in</strong></span> <span class='ocrx_word' id='word_1_140' title='bbox 1381 2863 1545 2957; x_wconf 86' lang='lat' dir='ltr'><strong>ecclesia,</strong></span> <span class='ocrx_word' id='word_1_141' title='bbox 1571 2864 1640 2938; x_wconf 82' lang='lat' dir='ltr'><strong>viri</strong></span> 
     </span>
     <span class='ocr_line' id='line_1_18' title="bbox 469 2981 1641 3079; baseline -0.001 -18"><span class='ocrx_word' id='word_1_142' title='bbox 469 2987 751 3062; x_wconf 85' lang='lat' dir='ltr'><strong>circumstantes</strong></span> <span class='ocrx_word' id='word_1_143' title='bbox 775 2983 965 3058; x_wconf 88' lang='lat' dir='ltr'><strong>audientes</strong></span> <span class='ocrx_word' id='word_1_144' title='bbox 990 2981 1283 3079; x_wconf 78' lang='lat' dir='ltr'><strong>predicationem</strong></span> <span class='ocrx_word' id='word_1_145' title='bbox 1301 2991 1495 3078; x_wconf 86' lang='lat' dir='ltr'><strong>coeperunt</strong></span> <span class='ocrx_word' id='word_1_146' title='bbox 1511 3005 1641 3060; x_wconf 80' lang='lat' dir='ltr'><strong>omnes</strong></span> 
     </span>
     <span class='ocr_line' id='line_1_19' title="bbox 470 3102 1641 3198; baseline -0.003 -18"><span class='ocrx_word' id='word_1_147' title='bbox 470 3105 668 3182; x_wconf 78' lang='lat' dir='ltr'><strong>fortissime</strong></span> <span class='ocrx_word' id='word_1_148' title='bbox 686 3103 816 3198; x_wconf 91' lang='lat' dir='ltr'><strong>ridere,</strong></span> <span class='ocrx_word' id='word_1_149' title='bbox 834 3111 871 3176; x_wconf 89' lang='lat' dir='ltr'><strong>et</strong></span> <span class='ocrx_word' id='word_1_150' title='bbox 890 3103 967 3198; x_wconf 86' lang='lat' dir='ltr'><strong>ipse</strong></span> <span class='ocrx_word' id='word_1_151' title='bbox 987 3102 1203 3197; x_wconf 73' lang='lat' dir='ltr'><strong>predicator</strong></span> <span class='ocrx_word' id='word_1_152' title='bbox 1221 3103 1401 3197; x_wconf 89' lang='lat' dir='ltr'><strong>similiter;</strong></span> <span class='ocrx_word' id='word_1_153' title='bbox 1418 3109 1456 3178; x_wconf 89' lang='lat' dir='ltr'><strong>et</strong></span> <span class='ocrx_word' id='word_1_154' title='bbox 1476 3103 1527 3177; x_wconf 91' lang='lat' dir='ltr'><strong>sic</strong></span> <span class='ocrx_word' id='word_1_155' title='bbox 1546 3123 1641 3198; x_wconf 82' lang='lat' dir='ltr'><strong>prae-</strong></span> 
     </span>
     <span class='ocr_line' id='line_1_20' title="bbox 472 3206 1746 3314; baseline -0.007 -12"><span class='ocrx_word' id='word_1_156' title='bbox 472 3225 603 3302; x_wconf 87' lang='lat' dir='ltr'><strong>dicatio</strong></span> <span class='ocrx_word' id='word_1_157' title='bbox 628 3224 696 3298; x_wconf 87' lang='lat' dir='ltr'><strong>lnit</strong></span> <span class='ocrx_word' id='word_1_158' title='bbox 720 3206 857 3314; x_wconf 85' lang='lat' dir='ltr'><strong>soluta,¹</strong></span> <span class='ocrx_word' id='word_1_159' title='bbox 872 3228 909 3296; x_wconf 90' lang='lat' dir='ltr'><strong>et</strong></span> <span class='ocrx_word' id='word_1_160' title='bbox 929 3220 1003 3296; x_wconf 88' lang='lat' dir='ltr'><strong>risu</strong></span> <span class='ocrx_word' id='word_1_161' title='bbox 1022 3221 1133 3296; x_wconf 89' lang='lat' dir='ltr'><strong>linita.</strong></span> <span class='ocrx_word' id='word_1_162' title='bbox 1151 3223 1246 3311; x_wconf 82' lang='lat' dir='ltr'><strong>Quid</strong></span> <span class='ocrx_word' id='word_1_163' title='bbox 1265 3223 1386 3297; x_wconf 76' lang='lat' dir='ltr'><strong>ultra?</strong></span> <span class='ocrx_word' id='word_1_164' title='bbox 1402 3223 1488 3296; x_wconf 75' lang='lat' dir='ltr'><strong>Hac</strong></span> <span class='ocrx_word' id='word_1_165' title='bbox 1508 3222 1642 3297; x_wconf 89' lang='lat' dir='ltr'><strong>mulier</strong></span> <span class='ocrx_word' id='word_1_166' title='bbox 1742 3287 1746 3293; x_wconf 81' lang='grc'><em>,</em></span> 
     </span>
    </p>
   </div>
   <div class='ocr_carea' id='block_1_4' title="bbox 468 3343 1645 4879">
    <p class='ocr_par' dir='ltr' id='par_1_4' title="bbox 468 3343 1645 4879">
     <span class='ocr_line' id='line_1_21' title="bbox 471 3343 1643 3438; baseline -0.007 -13"><span class='ocrx_word' id='word_1_167' title='bbox 471 3347 644 3426; x_wconf 74' lang='lat' dir='ltr'><strong>daturam</strong></span> <span class='ocrx_word' id='word_1_168' title='bbox 672 3345 802 3418; x_wconf 89' lang='lat' dir='ltr'><strong>marito</strong></span> <span class='ocrx_word' id='word_1_169' title='bbox 829 3364 978 3418; x_wconf 89' lang='lat' dir='ltr'><strong>reversa</strong></span> <span class='ocrx_word' id='word_1_170' title='bbox 1003 3350 1058 3418; x_wconf 85' lang='lat' dir='ltr'><strong>est</strong></span> <span class='ocrx_word' id='word_1_171' title='bbox 1083 3344 1318 3438; x_wconf 84' lang='lat' dir='ltr'><strong>Florentiam,</strong></span> <span class='ocrx_word' id='word_1_172' title='bbox 1343 3351 1382 3418; x_wconf 89' lang='lat' dir='ltr'><strong>et</strong></span> <span class='ocrx_word' id='word_1_173' title='bbox 1408 3343 1454 3417; x_wconf 85' lang='lat' dir='ltr'><strong>ibi</strong></span> <span class='ocrx_word' id='word_1_174' title='bbox 1486 3343 1553 3416; x_wconf 87' lang='lat' dir='ltr'><strong>luit</strong></span> <span class='ocrx_word' id='word_1_175' title='bbox 1578 3364 1643 3417; x_wconf 90' lang='lat' dir='ltr'><strong>va-</strong></span> 
     </span>
     <span class='ocr_line' id='line_1_22' title="bbox 468 3462 1641 3560; baseline -0.006 -18"><span class='ocrx_word' id='word_1_176' title='bbox 468 3467 629 3560; x_wconf 88' lang='lat' dir='ltr'><strong>nissima,</strong></span> <span class='ocrx_word' id='word_1_177' title='bbox 655 3471 692 3539; x_wconf 86' lang='lat' dir='ltr'><strong>et</strong></span> <span class='ocrx_word' id='word_1_178' title='bbox 717 3463 852 3539; x_wconf 90' lang='lat' dir='ltr'><strong>multos</strong></span> <span class='ocrx_word' id='word_1_179' title='bbox 876 3464 1004 3538; x_wconf 89' lang='lat' dir='ltr'><strong>habuit</strong></span> <span class='ocrx_word' id='word_1_180' title='bbox 1031 3485 1160 3558; x_wconf 86' lang='lat' dir='ltr'><strong>procos</strong></span> <span class='ocrx_word' id='word_1_181' title='bbox 1185 3471 1223 3539; x_wconf 88' lang='lat' dir='ltr'><strong>et</strong></span> <span class='ocrx_word' id='word_1_182' title='bbox 1250 3466 1408 3538; x_wconf 91' lang='lat' dir='ltr'><strong>multum</strong></span> <span class='ocrx_word' id='word_1_183' title='bbox 1425 3463 1568 3538; x_wconf 85' lang='lat' dir='ltr'><strong>lubrice</strong></span> <span class='ocrx_word' id='word_1_184' title='bbox 1584 3462 1641 3536; x_wconf 88' lang='lat' dir='ltr'><strong>vi·</strong></span> 
     </span>
     <span class='ocr_line' id='line_1_23' title="bbox 472 3573 1645 3681; baseline -0.007 -19"><span class='ocrx_word' id='word_1_185' title='bbox 472 3589 533 3663; x_wconf 85' lang='lat' dir='ltr'><strong>xit</strong></span> <span class='ocrx_word' id='word_1_186' title='bbox 560 3585 663 3662; x_wconf 89' lang='lat' dir='ltr'><strong>Unde</strong></span> <span class='ocrx_word' id='word_1_187' title='bbox 687 3586 764 3681; x_wconf 88' lang='lat' dir='ltr'><strong>ipsa</strong></span> <span class='ocrx_word' id='word_1_188' title='bbox 791 3591 950 3678; x_wconf 87' lang='lat' dir='ltr'><strong>mortua,</strong></span> <span class='ocrx_word' id='word_1_189' title='bbox 977 3584 1124 3678; x_wconf 86' lang='lat' dir='ltr'><strong>quidam</strong></span> <span class='ocrx_word' id='word_1_190' title='bbox 1140 3573 1178 3676; x_wconf 80' lang='lat'><strong>(³)</strong></span> <span class='ocrx_word' id='word_1_191' title='bbox 1205 3585 1319 3658; x_wconf 89' lang='lat' dir='ltr'><strong>lrater</strong></span> <span class='ocrx_word' id='word_1_192' title='bbox 1339 3582 1491 3679; x_wconf 84' lang='lat' dir='ltr'><strong>simplex</strong></span> <span class='ocrx_word' id='word_1_193' title='bbox 1511 3581 1645 3677; x_wconf 79' lang='lat' dir='ltr'><strong>pradi-</strong></span> 
     </span>
     <span class='ocr_line' id='line_1_24' title="bbox 469 3702 1642 3806; baseline -0.005 -23"><span class='ocrx_word' id='word_1_194' title='bbox 469 3729 557 3783; x_wconf 89' lang='lat' dir='ltr'><strong>cans</strong></span> <span class='ocrx_word' id='word_1_195' title='bbox 589 3725 701 3806; x_wconf 84' lang='lat' dir='ltr'><strong>super</strong></span> <span class='ocrx_word' id='word_1_196' title='bbox 729 3703 866 3778; x_wconf 83' lang='lat' dir='ltr'><strong>&#39;lunare</strong></span> <span class='ocrx_word' id='word_1_197' title='bbox 896 3703 988 3799; x_wconf 91' lang='lat' dir='ltr'><strong>eius,</strong></span> <span class='ocrx_word' id='word_1_198' title='bbox 1019 3703 1118 3796; x_wconf 86' lang='lat' dir='ltr'><strong>dirit,</strong></span> <span class='ocrx_word' id='word_1_199' title='bbox 1149 3704 1249 3798; x_wconf 86' lang='lat' dir='ltr'><strong>quod</strong></span> <span class='ocrx_word' id='word_1_200' title='bbox 1278 3705 1469 3778; x_wconf 84' lang='lat' dir='ltr'><strong>invenerat</strong></span> <span class='ocrx_word' id='word_1_201' title='bbox 1503 3703 1541 3776; x_wconf 93' lang='lat' dir='ltr'><strong>in</strong></span> <span class='ocrx_word' id='word_1_202' title='bbox 1575 3702 1642 3777; x_wconf 88' lang='lat' dir='ltr'><strong>ista</strong></span> 
     </span>
     <span class='ocr_line' id='line_1_25' title="bbox 470 3822 1642 3919; baseline -0.004 -18"><span class='ocrx_word' id='word_1_203' title='bbox 470 3825 619 3902; x_wconf 85' lang='lat' dir='ltr'><strong>ioemina</strong></span> <span class='ocrx_word' id='word_1_204' title='bbox 645 3844 762 3902; x_wconf 90' lang='lat' dir='ltr'><strong>unum</strong></span> <span class='ocrx_word' id='word_1_205' title='bbox 788 3824 907 3897; x_wconf 87' lang='lat' dir='ltr'><strong>solum</strong></span> <span class='ocrx_word' id='word_1_206' title='bbox 930 3829 1133 3918; x_wconf 82' lang='lat' dir='ltr'><strong>peccatum,</strong></span> <span class='ocrx_word' id='word_1_207' title='bbox 1152 3822 1297 3917; x_wconf 88' lang='lat' dir='ltr'><strong>scilicet,</strong></span> <span class='ocrx_word' id='word_1_208' title='bbox 1315 3823 1414 3919; x_wconf 87' lang='lat' dir='ltr'><strong>quod</strong></span> <span class='ocrx_word' id='word_1_209' title='bbox 1432 3823 1559 3897; x_wconf 88' lang='lat' dir='ltr'><strong>oderat</strong></span> <span class='ocrx_word' id='word_1_210' title='bbox 1576 3843 1642 3917; x_wconf 88' lang='lat' dir='ltr'><strong>po-</strong></span> 
     </span>
     <span class='ocr_line' id='line_1_26' title="bbox 470 3941 1640 4043; baseline -0.006 -22"><span class='ocrx_word' id='word_1_211' title='bbox 470 3947 600 4043; x_wconf 91' lang='lat' dir='ltr'><strong>pulum</strong></span> <span class='ocrx_word' id='word_1_212' title='bbox 635 3943 838 4020; x_wconf 83' lang='lat' dir='ltr'><strong>Florentiae.</strong></span> <span class='ocrx_word' id='word_1_213' title='bbox 865 3943 970 4017; x_wconf 88' lang='lat' dir='ltr'><strong>Nunc</strong></span> <span class='ocrx_word' id='word_1_214' title='bbox 1003 3943 1048 4016; x_wconf 88' lang='lat' dir='ltr'><strong>ad</strong></span> <span class='ocrx_word' id='word_1_215' title='bbox 1080 3943 1236 4037; x_wconf 82' lang='lat' dir='ltr'><strong>literam,</strong></span> <span class='ocrx_word' id='word_1_216' title='bbox 1267 3943 1353 4017; x_wconf 86' lang='lat' dir='ltr'><strong>dicit</strong></span> <span class='ocrx_word' id='word_1_217' title='bbox 1381 3941 1640 4038; x_wconf 81' lang='lat' dir='ltr'><strong>Cacciaguida:</strong></span> 
     </span>
     <span class='ocr_line' id='line_1_27' title="bbox 475 4061 1642 4158; baseline -0.004 -19"><span class='ocrx_word' id='word_1_218' title='bbox 475 4071 553 4139; x_wconf 74' lang='lat' dir='ltr'><strong>linc</strong></span> <span class='ocrx_word' id='word_1_219' title='bbox 580 4065 792 4156; x_wconf 63' lang='lat' dir='ltr'><strong>eamean,</strong></span> <span class='ocrx_word' id='word_1_220' title='bbox 825 4061 926 4155; x_wconf 81' lang='lat' dir='ltr'><strong>idest,</strong></span> <span class='ocrx_word' id='word_1_221' title='bbox 953 4081 1027 4136; x_wconf 89' lang='lat' dir='ltr'><strong>una</strong></span> <span class='ocrx_word' id='word_1_222' title='bbox 1062 4070 1137 4136; x_wconf 85' lang='lat' dir='ltr'><strong>tam</strong></span> <span class='ocrx_word' id='word_1_223' title='bbox 1171 4083 1285 4158; x_wconf 83' lang='lat' dir='ltr'><strong>prava</strong></span> <span class='ocrx_word' id='word_1_224' title='bbox 1314 4069 1352 4138; x_wconf 90' lang='lat' dir='ltr'><strong>et</strong></span> <span class='ocrx_word' id='word_1_225' title='bbox 1382 4083 1476 4136; x_wconf 87' lang='lat' dir='ltr'><strong>vana</strong></span> <span class='ocrx_word' id='word_1_226' title='bbox 1507 4062 1642 4136; x_wconf 91' lang='lat' dir='ltr'><strong>mulier</strong></span> 
     </span>
     <span class='ocr_line' id='line_1_28' title="bbox 472 4183 1642 4280; baseline -0.004 -19"><span class='ocrx_word' id='word_1_227' title='bbox 472 4185 597 4262; x_wconf 87' lang='lat' dir='ltr'><strong>similis</strong></span> <span class='ocrx_word' id='word_1_228' title='bbox 626 4184 673 4276; x_wconf 89' lang='lat' dir='ltr'><strong>ei,</strong></span> <span class='ocrx_word' id='word_1_229' title='bbox 697 4205 746 4256; x_wconf 82' lang='lat' dir='ltr'><strong>cn</strong></span> <span class='ocrx_word' id='word_1_230' title='bbox 772 4187 869 4280; x_wconf 78' lang='lat' dir='ltr'><strong>capo</strong></span> <span class='ocrx_word' id='word_1_231' title='bbox 894 4185 1097 4274; x_wconf 75' lang='lat' dir='ltr'><strong>Sclterello,</strong></span> <span class='ocrx_word' id='word_1_232' title='bbox 1117 4183 1220 4278; x_wconf 89' lang='lat' dir='ltr'><strong>idest,</strong></span> <span class='ocrx_word' id='word_1_233' title='bbox 1247 4189 1322 4258; x_wconf 88' lang='lat' dir='ltr'><strong>tam</strong></span> <span class='ocrx_word' id='word_1_234' title='bbox 1352 4185 1572 4259; x_wconf 85' lang='lat' dir='ltr'><strong>temerarius</strong></span> <span class='ocrx_word' id='word_1_235' title='bbox 1605 4189 1642 4257; x_wconf 92' lang='lat' dir='ltr'><strong>et</strong></span> 
     </span>
     <span class='ocr_line' id='line_1_29' title="bbox 471 4303 1643 4401; baseline -0.003 -19"><span class='ocrx_word' id='word_1_236' title='bbox 471 4327 608 4401; x_wconf 78' lang='lat' dir='ltr'><strong>pravas</strong></span> <span class='ocrx_word' id='word_1_237' title='bbox 633 4305 732 4397; x_wconf 90' lang='lat' dir='ltr'><strong>civis,</strong></span> <span class='ocrx_word' id='word_1_238' title='bbox 758 4303 853 4382; x_wconf 85' lang='lat' dir='ltr'><strong>sicut</strong></span> <span class='ocrx_word' id='word_1_239' title='bbox 878 4303 944 4376; x_wconf 86' lang='lat' dir='ltr'><strong>init</strong></span> <span class='ocrx_word' id='word_1_240' title='bbox 969 4303 1138 4377; x_wconf 88' lang='lat' dir='ltr'><strong>dominns</strong></span> <span class='ocrx_word' id='word_1_241' title='bbox 1163 4305 1284 4398; x_wconf 76' lang='lat' dir='ltr'><strong>Lepus</strong></span> <span class='ocrx_word' id='word_1_242' title='bbox 1308 4304 1355 4379; x_wconf 90' lang='lat' dir='ltr'><strong>de</strong></span> <span class='ocrx_word' id='word_1_243' title='bbox 1380 4304 1576 4378; x_wconf 85' lang='lat' dir='ltr'><strong>Saltarellis</strong></span> <span class='ocrx_word' id='word_1_244' title='bbox 1596 4304 1643 4378; x_wconf 89' lang='lat' dir='ltr'><strong>de</strong></span> 
     </span>
     <span class='ocr_line' id='line_1_30' title="bbox 472 4423 1643 4521; baseline -0.003 -20"><span class='ocrx_word' id='word_1_245' title='bbox 472 4426 664 4503; x_wconf 81' lang='lat' dir='ltr'><strong>Florentia.</strong></span> <span class='ocrx_word' id='word_1_246' title='bbox 691 4426 762 4500; x_wconf 90' lang='lat' dir='ltr'><strong>lste</strong></span> <span class='ocrx_word' id='word_1_247' title='bbox 786 4425 965 4520; x_wconf 85' lang='lat' dir='ltr'><strong>siqnidem</strong></span> <span class='ocrx_word' id='word_1_248' title='bbox 992 4423 1059 4497; x_wconf 86' lang='lat' dir='ltr'><strong>luit</strong></span> <span class='ocrx_word' id='word_1_249' title='bbox 1074 4424 1219 4520; x_wconf 85' lang='lat' dir='ltr'><strong>jurista,</strong></span> <span class='ocrx_word' id='word_1_250' title='bbox 1237 4425 1293 4498; x_wconf 83' lang='lat' dir='ltr'><strong>vir</strong></span> <span class='ocrx_word' id='word_1_251' title='bbox 1312 4425 1489 4521; x_wconf 80' lang='lat' dir='ltr'><strong>litigiosus</strong></span> <span class='ocrx_word' id='word_1_252' title='bbox 1510 4433 1547 4500; x_wconf 88' lang='lat' dir='ltr'><strong>et</strong></span> <span class='ocrx_word' id='word_1_253' title='bbox 1573 4425 1643 4499; x_wconf 89' lang='lat' dir='ltr'><strong>lin-</strong></span> 
     </span>
     <span class='ocr_line' id='line_1_31' title="bbox 471 4543 1644 4644; baseline -0.004 -23"><span class='ocrx_word' id='word_1_254' title='bbox 471 4567 623 4644; x_wconf 79' lang='lat' dir='ltr'><strong>guosus,</strong></span> <span class='ocrx_word' id='word_1_255' title='bbox 649 4546 809 4620; x_wconf 91' lang='lat' dir='ltr'><strong>multum</strong></span> <span class='ocrx_word' id='word_1_256' title='bbox 835 4544 987 4622; x_wconf 77' lang='lat' dir='ltr'><strong>inlectus</strong></span> <span class='ocrx_word' id='word_1_257' title='bbox 1011 4543 1133 4618; x_wconf 89' lang='lat' dir='ltr'><strong>autori</strong></span> <span class='ocrx_word' id='word_1_258' title='bbox 1158 4551 1326 4638; x_wconf 86' lang='lat' dir='ltr'><strong>tempore</strong></span> <span class='ocrx_word' id='word_1_259' title='bbox 1342 4546 1399 4619; x_wconf 90' lang='lat' dir='ltr'><strong>sui</strong></span> <span class='ocrx_word' id='word_1_260' title='bbox 1417 4545 1526 4638; x_wconf 83' lang='lat' dir='ltr'><strong>exilii,</strong></span> <span class='ocrx_word' id='word_1_261' title='bbox 1543 4549 1644 4618; x_wconf 82' lang='lat' dir='ltr'><strong>sorio</strong></span> 
     </span>
     <span class='ocr_line' id='line_1_32' title="bbox 472 4663 1644 4760; baseline -0.001 -18"><span class='ocrx_word' id='word_1_262' title='bbox 472 4675 585 4742; x_wconf 79' lang='lat' dir='ltr'><strong>lanuto</strong></span> <span class='ocrx_word' id='word_1_263' title='bbox 611 4669 661 4740; x_wconf 85' lang='lat' dir='ltr'><strong>tal</strong></span> <span class='ocrx_word' id='word_1_264' title='bbox 684 4669 897 4757; x_wconf 62' lang='lat' dir='ltr'><strong>maeviam</strong></span> <span class='ocrx_word' id='word_1_265' title='bbox 923 4666 1029 4755; x_wconf 81' lang='lat' dir='ltr'><strong>ullor,</strong></span> <span class='ocrx_word' id='word_1_266' title='bbox 1056 4663 1158 4759; x_wconf 91' lang='lat' dir='ltr'><strong>idest,</strong></span> <span class='ocrx_word' id='word_1_267' title='bbox 1180 4665 1275 4740; x_wconf 90' lang='lat' dir='ltr'><strong>inter</strong></span> <span class='ocrx_word' id='word_1_268' title='bbox 1291 4671 1346 4740; x_wconf 88' lang='lat' dir='ltr'><strong>tot</strong></span> <span class='ocrx_word' id='word_1_269' title='bbox 1366 4671 1588 4760; x_wconf 83' lang='lat' dir='ltr'><strong>temperatos</strong></span> <span class='ocrx_word' id='word_1_270' title='bbox 1608 4675 1644 4741; x_wconf 90' lang='lat' dir='ltr'><strong>et</strong></span> 
     </span>
     <span class='ocr_line' id='line_1_33' title="bbox 471 4787 1643 4879; baseline -0.004 -16"><span class='ocrx_word' id='word_1_271' title='bbox 471 4789 708 4879; x_wconf 85' lang='lat' dir='ltr'><strong>continentes,</strong></span> <span class='ocrx_word' id='word_1_272' title='bbox 734 4789 820 4878; x_wconf 82' lang='lat' dir='ltr'><strong>qual</strong></span> <span class='ocrx_word' id='word_1_273' title='bbox 842 4807 886 4858; x_wconf 86' lang='lat' dir='ltr'><strong>or</strong></span> <span class='ocrx_word' id='word_1_274' title='bbox 911 4789 1013 4858; x_wconf 70' lang='lat' dir='ltr'><strong>scria</strong></span> <span class='ocrx_word' id='word_1_275' title='bbox 1042 4789 1244 4859; x_wconf 73' lang='lat' dir='ltr'><strong>Cincinnato</strong></span> <span class='ocrx_word' id='word_1_276' title='bbox 1270 4808 1290 4859; x_wconf 83' lang='lat' dir='ltr'><strong>e</strong></span> <span class='ocrx_word' id='word_1_277' title='bbox 1321 4789 1512 4877; x_wconf 64' lang='lat' dir='ltr'><strong>Condalio.</strong></span> <span class='ocrx_word' id='word_1_278' title='bbox 1530 4787 1643 4874; x_wconf 84' lang='lat' dir='ltr'><strong>Quasi</strong></span> 
     </span>
    </p>
   </div>
   <div class='ocr_carea' id='block_1_5' title="bbox 536 4973 1377 5114">
    <p class='ocr_par' dir='ltr' id='par_1_5' title="bbox 536 4973 1377 5114">
     <span class='ocr_line' id='line_1_34' title="bbox 537 4973 1377 5038; baseline -0.001 -13"><span class='ocrx_word' id='word_1_279' title='bbox 537 4974 564 5038; x_wconf 74' lang='lat'><strong>(¹)</strong></span> <span class='ocrx_word' id='word_1_280' title='bbox 580 4975 612 5024; x_wconf 84' lang='lat' dir='ltr'><strong>E.</strong></span> <span class='ocrx_word' id='word_1_281' title='bbox 628 4988 723 5038; x_wconf 82' lang='lat' dir='ltr'><strong>magno</strong></span> <span class='ocrx_word' id='word_1_282' title='bbox 738 4973 893 5038; x_wconf 72' lang='lat' dir='ltr'><strong>eorumne.</strong></span> <span class='ocrx_word' id='word_1_283' title='bbox 1068 4973 1094 5036; x_wconf 75' lang='lat'><strong>(¹)</strong></span> <span class='ocrx_word' id='word_1_284' title='bbox 1111 4973 1142 5023; x_wconf 84' lang='lat' dir='ltr'><strong>E.</strong></span> <span class='ocrx_word' id='word_1_285' title='bbox 1158 4973 1205 5024; x_wconf 82' lang='lat' dir='ltr'><strong>lsla</strong></span> <span class='ocrx_word' id='word_1_286' title='bbox 1222 4973 1377 5024; x_wconf 76' lang='lat' dir='ltr'><strong>Cianclrcila.</strong></span> 
     </span>
     <span class='ocr_line' id='line_1_35' title="bbox 536 5049 990 5114; baseline -0.004 -13"><span class='ocrx_word' id='word_1_287' title='bbox 536 5050 563 5114; x_wconf 61' lang='grc' dir='ltr'><strong>Γ)</strong></span> <span class='ocrx_word' id='word_1_288' title='bbox 579 5051 610 5100; x_wconf 82' lang='grc' dir='ltr'><strong>Ε.</strong></span> <span class='ocrx_word' id='word_1_289' title='bbox 626 5049 731 5114; x_wconf 83' lang='lat' dir='ltr'><strong>qnidam</strong></span> <span class='ocrx_word' id='word_1_290' title='bbox 748 5050 884 5114; x_wconf 67' lang='lat' dir='ltr'><strong>religiosas</strong></span> <span class='ocrx_word' id='word_1_291' title='bbox 899 5049 990 5102; x_wconf 74' lang='lat' dir='ltr'><strong>irater.</strong></span> 
     </span>
    </p>
   </div>
   <div class='ocr_carea' id='block_1_6' title="bbox 0 0 2437 6642">
    <p class='ocr_par' dir='ltr' id='par_1_6' title="bbox 0 0 2437 6642">
     <span class='ocr_line' id='line_1_36' title="bbox 0 0 2437 6642; baseline 0 0"><span class='ocrx_word' id='word_1_292' title='bbox 0 0 2437 6642; x_wconf 95' lang='lat' dir='ltr'><strong> </strong></span> 
     </span>
    </p>
   </div>
  </div>
 </body>
</html>
