4842 6642
845 849 918 917 Μ
1233 861 1437 918 counuruu
1462 861 1634 916 rnannrsr

844 1007 965 1082 lerens
990 1006 1026 1080 iu
1052 1005 1129 1081 istis
1154 1005 1323 1102 provenit
1348 1007 1395 1081 ab
1413 1005 1593 1080 infusione
1609 1003 1743 1079 divinae
1759 1003 1898 1100 gratim.
1918 1001 2020 1078 Unde

844 1125 947 1201 dicit:
974 1129 1009 1201 lo
1033 1147 1129 1221 repe,
1156 1125 1304 1221 scilicet,
1330 1125 1441 1220 Deus,
1454 1147 1523 1220 per
1546 1127 1602 1199 cui
1626 1131 1743 1218 questo
1758 1144 1870 1215 repon
1884 1143 2016 1218 pauso,

845 1251 932 1347 quia
957 1252 1095 1327 coelum
1121 1271 1341 1348 empyreum
1368 1258 1423 1326 est
1448 1249 1485 1325 iu
1511 1248 1684 1324 continua
1707 1249 1842 1345 quiete,
1863 1249 1927 1324 ubi
1945 1271 2019 1325 cae·

847 1370 914 1445 teri
941 1371 1024 1444 ooeli
1050 1390 1197 1467 semper
1224 1377 1432 1466 moventur,
1457 1373 1496 1444 to
1521 1377 1617 1445 lanto
1648 1391 1772 1443 aurore
1802 1375 1836 1443 et
1856 1373 1895 1444 in
1921 1379 2016 1446 tuoto

844 1493 972 1583 diletlo,
999 1489 1086 1586 quia
1111 1497 1230 1565 totum
1264 1492 1412 1585 coelom,
1440 1491 1512 1566 tale
1542 1497 1597 1565 est
1625 1490 1689 1564 lux
1715 1496 1753 1565 et
1777 1511 1896 1586 amor,
1922 1492 2017 1566 sicut

847 1613 978 1686 totiens
1002 1611 1140 1687 dictum
1167 1617 1241 1706 est;
1268 1617 1305 1686 et
1329 1611 1434 1686 dicit:
1460 1614 1520 1685 cte
1544 1614 1642 1685 nulla
1662 1613 1847 1686 volontode
1865 1609 1887 1687 e*
1902 1615 1941 1685 di
1952 1607 2014 1705 piri

847 1754 949 1825 auso,
964 1733 1066 1828 idest,
1086 1731 1235 1807 maioris
1259 1731 1434 1827 audacior,
1455 1731 1560 1826 quasi
1585 1730 1808 1826 dicat,'quod
1827 1733 1926 1807 nulla
1948 1753 2014 1807 vo·

847 1855 968 1927 luntas
1005 1854 1168 1928 bumana
1203 1853 1262 1927 vel
1294 1851 1458 1949 angelica
1492 1851 1647 1927 auderet
1681 1853 1774 1928 velle
1808 1853 2017 1929 desiderare

847 1974 1024 2048 maiorem
1042 1972 1335 2066 delectationem,
1345 1965 1432 2066 quia
1447 1978 1534 2046 tunc
1547 1972 1668 2047 statim
1683 1981 1904 2066 sequeretur
1918 1974 2017 2070 quod

847 2113 919 2166 non
944 2099 1065 2168 essent
1090 2092 1127 2166 in
1153 2112 1243 2170 vcra
1269 2091 1505 2186 beatitudine,
1522 2090 1683 2187 et'quod
1708 2091 1796 2167 illud
1824 2114 1896 2168 non
1923 2100 2018 2168 esset
2097 2171 2100 2178 ,

846 2233 1035 2286 summum
1069 2211 1230 2306 bonum;
1260 2215 1344 2286 doto
1375 2215 1406 2285 le
1435 2214 1552 2303 menti,
1578 2211 1681 2306 idest,
1707 2211 1809 2286 dotat
1839 2219 1875 2287 et
1907 2213 2019 2288 donat

847 2333 1000 2428 animas,
1025 2335 1064 2407 di
1092 2337 1236 2426 pruzia,
1263 2333 1398 2409 scilicet
1428 2354 1507 2428 sua,
1533 2354 1557 2406 a
1580 2354 1645 2406 suu
1667 2335 1804 2426 placer,
1830 2332 1934 2428 idest,
1960 2355 2020 2410 se·

846 2451 1009 2526 cundum
1036 2453 1135 2548 quod
1162 2452 1228 2528 sibi
1251 2454 1380 2548 placet,
1399 2455 1675 2548 diversumentc3
1691 2459 1729 2529 et
1749 2452 1845 2547 dicit,
1863 2456 2018 2528 creando

847 2580 939 2667 tutte,
974 2572 1127 2668 scilicet,
1160 2572 1302 2648 animas
1340 2573 1470 2668 dictas,
1503 2577 1540 2648 io
1573 2594 1637 2648 suo
1669 2575 1747 2647 tiele
1781 2581 1952 2667 cospetto;
1981 2580 2017 2648 et

846 2692 953 2767 dicit:
981 2713 999 2764 e
1024 2695 1088 2785 qud
1116 2693 1206 2766 busti
1231 2696 1397 2786 tassello,
1429 2691 1532 2788 idest,
1563 2693 1731 2768 voluntas
1763 2693 1827 2768 Dei
1860 2693 2018 2769 sufficiat

851 2813 909 2886 bic
934 2834 1002 2908 pro
1027 2833 1156 2907 causa3
1183 2833 1268 2888 nam
1296 2813 1499 2888 secundum
1516 2814 1718 2908 Platonem,
1736 2819 1779 2887 ut
1804 2813 1918 2889 relert
1937 2813 2013 2888 du-

846 2933 1027 3031 gustinus,
1054 2935 1223 3009 voluntas
1248 2933 1313 3008 Dei
1340 2939 1395 3008 ert
1418 2933 1495 3029 ipsa
1522 2941 1674 3029 natura;
1702 2935 1759 3010 vel
1788 2934 1846 3010 dic
1876 2941 1914 3010 et
1940 2953 2018 3010 me·

845 3053 935 3126 lius:
961 3077 981 3129 c
1005 3058 1064 3147 qui
1083 3055 1172 3128 barb·
1190 3057 1345 3148 l’effetto,
1367 3041 1469 3149 idest,
1486 3053 1646 3152 cognitio
1663 3076 1747 3150 quae
1764 3055 1804 3130 lit
1820 3056 1867 3130 ab
1885 3055 2017 3131 ellectu

847 3194 921 3248 non
941 3195 1007 3270 per
1030 3196 1193 3270 causam,
1213 3181 1255 3250 ut
1278 3175 1434 3251 ostendit
1454 3174 1687 3271 philosophus
1711 3175 1829 3272 primo
1848 3175 2019 3272 Physico

847 3314 943 3367 rum.
978 3295 1022 3368 Et
1053 3295 1111 3372 bic
1145 3302 1231 3371 nota
1263 3295 1358 3370 bene
1391 3295 1489 3389 quod
1524 3295 1604 3370 talis
1633 3295 1801 3391 probatio
1834 3279 2019 3371 inducitur

847 3415 1028 3491 subtiliter
1048 3417 1096 3491 ab
1112 3424 1256 3510 autore,
1274 3415 1373 3511 quia,
1391 3435 1438 3490 ex
1459 3437 1535 3510 quo
1555 3415 1703 3513 probari
1722 3436 1795 3491 non
1818 3415 1939 3512 potest
1955 3437 2019 3512 per

846 3535 1071 3611 intellectum
1091 3537 1298 3610 humanum
1317 3535 1416 3631 qood
1433 3536 1531 3610 Deus
1549 3537 1781 3632 praedestinet
1801 3557 1919 3611 unum
1938 3536 2019 3632 plus

847 3677 960 3751 quam
992 3655 1120 3751 alium,
1146 3662 1183 3731 et
1209 3656 1381 3752 reprobet
1407 3677 1523 3729 unum
1551 3657 1632 3752 plus
1658 3678 1770 3752 quam
1802 3655 1937 3750 alium;
1971 3655 2019 3731 ita

848 3797 920 3850 non
946 3781 1065 3870 potest
1090 3774 1237 3870 probari
1264 3795 1329 3872 per
1356 3777 1581 3852 intellectum
1607 3777 1812 3852 humanum
1841 3777 1939 3874 quod
1964 3777 2019 3851 di·

846 3894 990 3969 stinotio
1016 3896 1073 3970 vel
1099 3895 1304 3971 dillerentia
1325 3896 1371 3970 sit
1391 3896 1427 3970 in
1449 3896 1534 3992 ipsis
1558 3896 1832 3991 praedestinatis,
1853 3897 1902 3971 ita
1920 3897 2018 3993 quod

847 4015 923 4090 sola
949 4015 1119 4089 voluntas
1144 4015 1265 4090 divina
1292 4035 1376 4110 quae
1401 4015 1634 4111 praedestinat
1651 4024 1706 4093 est
1726 4039 1836 4093 causa
1863 4025 1900 4093 et
1926 4019 2018 4093 ratio

850 4155 935 4229 quae
960 4135 1045 4210 lacit
1068 4135 1278 4219 differentes
1304 4136 1399 4231 ipsos
1425 4136 1719 4234 praedestinat0s3
1745 4139 1832 4234 quia
1848 4140 2019 4214 voluutas

847 4257 912 4331 Dei
947 4277 1019 4330 non
1054 4254 1179 4330 similis
1205 4265 1359 4350 nostrae3
1386 4264 1423 4333 et
1457 4257 1538 4333 ideo
1572 4277 1743 4353 querere
1773 4259 1854 4354 quis
1884 4243 2019 4354 moret,

849 4397 1013 4471 causam,
1031 4378 1090 4452 vel
1115 4399 1233 4473 quare
1258 4361 1337 4452 vult
1363 4379 1444 4472 boc,
1472 4379 1651 4472 quaeritur
1668 4380 1705 4454 in
1723 4401 1873 4476 vanum,
1893 4381 1979 4477 qula
1997 4403 2019 4457 a

849 4499 950 4573 nullo
976 4504 1161 4594 movetur,
1187 4519 1256 4574 nec
1280 4497 1359 4573 vult
1386 4519 1452 4574 nec
1478 4498 1574 4574 velle
1589 4507 1716 4596 ¹potest
1741 4501 1808 4576 nisi
1835 4493 1934 4596 quod
1957 4502 2021 4597 ju-

846 4626 946 4692 stum
973 4625 1046 4712 est;
1072 4619 1135 4695 sed
1162 4641 1234 4694 non
1261 4626 1380 4716 potest
1406 4621 1488 4714 quis
1513 4605 1695 4718 attingere
1724 4622 1770 4699 ad
1798 4629 1935 4698 tanum
1955 4643 2021 4698 ex·

847 4726 1052 4813 cedentium
1081 4739 1147 4814 nisi
1173 4761 1240 4835 per
1267 4740 1542 4837 revelationem,
1570 4743 1673 4816 utin
1699 4734 2019 4818 Paulo-liciti.

848 4858 913 4933 llic
937 4858 1147 4934 bernardus
1169 4859 1255 4954 quia
1274 4859 1436 4935 dixerat:
1464 4859 1522 4944 bic
1547 4861 1701 4937 edoctus
1726 4862 1894 4956 sufficiat,
1921 4882 2020 4937 nunc

850 4977 970 5052 statim
996 4977 1144 5054 adducit
1169 5001 1288 5054 unum
1314 4980 1511 5054 notabilem
1544 4988 1582 5057 et
1614 4981 1818 5058 mirabilem
1845 4982 2017 5058 ellectum
