4842 6642
794 817 865 883 200
1120 909 1125 917 .
1187 827 1392 885 GGMENTUH
1417 830 1585 885 rnnmtst

796 972 832 1047 iu
867 971 971 1048 brevi
1002 972 1072 1047 erit
1103 973 1149 1049 de
1183 973 1291 1070 iacto,
1319 997 1389 1069 per
1425 978 1547 1051 dornci
1577 978 1692 1069 colpo,
1721 974 1824 1069 idest,
1853 973 1968 1048 ictum

793 1099 829 1168 et
856 1092 1035 1189 impetum
1061 1093 1230 1191 sortunae,
1250 1104 1287 1171 et
1309 1117 1383 1171 non
1408 1096 1550 1191 levem3
1577 1096 1675 1171 unde
1700 1095 1796 1189 dicit,
1814 1098 1866 1168 tot
1887 1089 1972 1168 crte*

787 1209 852 1309 piri
876 1202 1001 1307 mooe,
1027 1215 1173 1312 scilicet,
1200 1224 1339 1311 quanto
1365 1218 1528 1293 velocius
1555 1218 1663 1312 venit,
1690 1216 1777 1312 quia
1804 1235 1877 1291 non
1902 1235 1969 1311 po-

795 1342 866 1409 test
891 1334 940 1409 ita
967 1335 1120 1411 faciliter
1145 1336 1341 1432 provideri,
1358 1338 1453 1412 sicut
1478 1338 1507 1412 si
1532 1336 1653 1413 adbuc
1672 1336 1969 1432 prestolaretur,

794 1460 831 1529 ct
855 1454 952 1549 dicit,
977 1476 1001 1528 c
1026 1458 1081 1530 cti
1106 1450 1171 1550 pici
1202 1459 1465 1551 s’abboodono,
1498 1458 1637 1553 supple,
1663 1463 1701 1531 et
1733 1456 1829 1531 bene
1861 1455 1969 1530 video

795 1574 892 1668 qnod
919 1576 991 1651 tale
1016 1583 1162 1673 tempus
1187 1578 1436 1674 impetuosum
1462 1579 1537 1653 ruit
1570 1579 1608 1652 in
1641 1599 1722 1673 mo;
1747 1584 1865 1656 etesi
1891 1598 1971 1653 me-

796 1696 948 1789 tupbore
975 1697 1103 1790 pulcra
1120 1704 1157 1773 et
1174 1698 1322 1794 propria
1345 1706 1531 1795 sumptae
1549 1699 1715 1793 feriente,
1732 1699 1795 1794 qui
1821 1696 1969 1793 quando

795 1819 893 1889 totus
918 1816 1096 1891 incumbit
1112 1811 1147 1911 (¹)
1172 1820 1207 1892 in
1226 1819 1360 1893 vuinus
1387 1819 1471 1894 totis
1496 1820 1635 1895 viribus
1652 1827 1689 1895 et
1706 1826 1784 1895 toto
1801 1838 1970 1913 corpore,

710 1981 712 1985 -
795 1938 911 2035 magis
936 1938 1032 2012 laedit
1058 1945 1095 2014 ct
1119 1939 1250 2014 durius
1275 1942 1473 2035 prosternit
1504 1941 1712 2036 inimicum;
1739 1941 1789 2016 ita
1813 1962 1837 2015 a
1862 1938 1969 2013 simili

794 2059 872 2132 vult
897 2059 1020 2135 dicere
1044 2066 1165 2155 autor,
1191 2060 1339 2136 fortuna
1369 2061 1498 2136 laxatis
1529 2061 1694 2156 habenis,
1720 2047 1815 2136 toto'
1831 2064 1980 2134 conatu

795 2179 949 2254 incurrit
975 2181 1011 2255 in
1038 2202 1110 2276 mc,
1135 2188 1173 2256 et
1199 2180 1352 2257 intentat
1376 2181 1500 2257 omniu
1530 2202 1598 2256 sue
1628 2201 1745 2275 arma,
1771 2180 1876 2274 idest,
1902 2199 1970 2253 uo-

795 2308 968 2377 cumente
999 2308 1126 2377 contre
1153 2322 1230 2396 me,
1256 2307 1294 2378 et
1319 2308 1420 2376 tento
1450 2301 1591 2397 fortius,
1616 2309 1756 2396 quanto
1787 2300 1885 2375 videt
1909 2320 1970 2373 me

794 2420 984 2497 fortiorem
1010 2429 1047 2497 et
1071 2422 1369 2517 constantiorem,
1388 2422 1505 2517 etqui
1524 2444 1596 2497 non
1615 2422 1788 2497 cuderem
1806 2421 1852 2495 de
1875 2403 1970 2495 incili

793 2542 840 2619 ad
867 2543 986 2617 levem
1013 2542 1126 2617 ictum
1160 2543 1250 2618 eins.
1285 2543 1389 2618 Unde
1417 2543 1556 2617 subdit:
1578 2539 1732 2637 pcrcb’e*
1753 2543 1845 2616 buon
1869 2542 1969 2615 ct'io

797 2666 842 2737 m'
855 2667 951 2738 ormi
974 2665 1012 2737 di
1033 2666 1269 2758 prouidenzo,
1296 2664 1402 2757 quasi
1427 2663 1539 2753 dicut:
1567 2669 1715 2759 propter
1749 2662 1848 2757 quod
1881 2659 1971 2735 utile

799 2790 855 2859 cst
886 2783 985 2877 quod
1022 2802 1092 2879 ego
1121 2784 1364 2879 praemuniem
1400 2804 1462 2858 me
1493 2784 1700 2879 provisione
1729 2788 1858 2858 contra
1888 2782 1969 2854 boc.

795 2902 839 2977 itt
864 2903 1020 2978 ostendit
1044 2903 1091 2978 de
1116 2925 1191 2997 quo
1217 2903 1262 2978 sit
1287 2902 1354 2978 sibi
1379 2904 1542 2978 maxime
1559 2903 1776 2997 timendum,
1794 2908 1831 2976 et
1848 2898 1971 2997 arguit

795 3024 865 3098 sic:
893 3024 923 3097 si
948 3044 1018 3121 ego
1044 3025 1170 3119 pulsus
1194 3046 1218 3100 e
1243 3024 1384 3099 civibus
1399 3024 1502 3100 meis
1526 3025 1573 3099 de
1598 3025 1715 3119 patrie
1740 3021 1889 3119 proprio
1916 3019 1971 3095 ie·

795 3143 890 3218 cium
925 3143 1012 3217 mibi
1047 3150 1242 3219 extraneos
1275 3144 1433 3237 infestos,
1466 3143 1658 3219 scribendo
1690 3143 1833 3237 decis,
1869 3147 1971 3216 certe

796 3282 869 3338 non
894 3262 1075 3338 inveniam
1102 3265 1227 3339 iocum
1244 3264 1282 3337 in
1299 3265 1425 3358 terris3
1448 3264 1546 3339 unde
1563 3263 1667 3339 dicit:
1685 3257 1715 3337 si
1731 3265 1793 3338 cte
1811 3285 1851 3337 se
1866 3266 1970 3351 tuopo

791 3378 853 3476 pid
878 3404 965 3456 curo
991 3380 1070 3459 m'e'
1093 3388 1188 3477 totto,
1213 3385 1361 3480 scilicet,
1386 3386 1504 3481 patria
1531 3406 1625 3480 mee,
1651 3389 1686 3458 io
1709 3406 1783 3459 oon
1811 3382 1972 3477 perdessi

794 3505 845 3595 pti
870 3508 966 3598 altit,
995 3504 1098 3599 idest,
1123 3505 1243 3581 aliena
1268 3506 1362 3599 tom,
1375 3528 1442 3599 per
1460 3509 1540 3579 unici
1555 3508 1682 3597 carmi,
1699 3505 1804 3597 idest,
1822 3507 1970 3598 propter

796 3644 898 3699 meos
924 3644 1053 3699 versus
1080 3624 1276 3699 maledicos
1302 3633 1339 3701 et
1363 3625 1632 3722 infamatorios3
1658 3623 1763 3720 quasi
1783 3624 1881 3698 dicat
1900 3641 1969 3697 au-

795 3863 884 3941 dere
909 3864 1045 3939 alienas
1070 3865 1190 3941 dando
1216 3886 1365 3941 causam
1396 3865 1651 3963 indignationis
1680 3872 1717 3939 et
1750 3866 1814 3939 ime
1845 3861 1970 3937 multis

795 3986 1004 4081 potentibus
1030 3986 1127 4061 male
1156 3986 1348 4062 scribendo
1373 3986 1420 4062 de
1444 3988 1507 4062 eis.
1522 4028 1572 4043 -
1588 3982 1653 4061 Gid
1676 4008 1745 4081 per
1770 3990 1805 4060 to
1830 3986 1969 4059 ruendo.

795 4106 860 4181 Hic
885 4112 993 4181 autor
1020 4106 1168 4201 exponit
1193 4128 1304 4181 suum
1331 4127 1458 4201 cusum
1477 4114 1522 4182 et
1546 4108 1722 4204 partitum
1740 4108 1969 4203 perplexum,

796 4232 834 4303 et
850 4228 974 4324 arguit
986 4248 1010 4303 a
1022 4227 1217 4302 sufficienti
1230 4227 1416 4323 divisione,
1429 4227 1508 4303 sive
1526 4228 1609 4303 iacit
1625 4228 1817 4321 dilemma;
1832 4236 1871 4303 et
1887 4228 1972 4301 bre-

796 4346 891 4421 viter
916 4348 994 4422 vult
1019 4346 1160 4422 dicere:
1188 4347 1217 4421 si
1243 4368 1314 4443 ego
1341 4347 1461 4423 reiero
1487 4354 1524 4423 et
1548 4348 1715 4423 describo
1737 4348 1865 4442 mutto,
1886 4366 1972 4441 quae

796 4468 921 4544 audivi
945 4468 1185 4544 discurrendo
1198 4459 1236 4559 (²)
1257 4488 1329 4563 per
1354 4467 1552 4564 infernum,
1578 4469 1834 4565 purgatorium
1853 4474 1890 4543 et
1908 4486 1974 4562 pa·

798 4587 974 4680 radisum,
1001 4589 1112 4662 timeo
1140 4588 1294 4662 reddere
1321 4609 1382 4662 me
1406 4588 1575 4663 odiosum
1611 4589 1754 4681 multis3
1785 4594 1822 4663 et
1852 4588 1881 4661 si
1913 4606 1975 4661 re-

798 4706 894 4781 ticeo
920 4709 977 4783 vet
1003 4713 1195 4803 praetereo,
1214 4708 1326 4782 timeo
1343 4708 1499 4803 perdere
1516 4708 1652 4783 temam
1674 4708 1773 4804 apud
1795 4714 1972 4804 posteros,

862 4962 890 5026 (¹)
906 4964 932 5015 S.
949 4964 1074 5019 incubuit.
1386 4968 1414 5031 (¹)
1430 4968 1462 5019 lt
1479 4968 1635 5021 discmcus.
