4842 6642
779 821 920 877 caurus
944 823 1135 878 vrassrnus
1159 824 1320 878 ruamus.
1363 883 1365 888 ,
1560 810 1628 878 331

461 974 651 1062 tamquam
675 987 773 1042 arcae
797 971 884 1041 sunt
907 967 1003 1062 pleni
1030 987 1164 1063 magno
1190 968 1366 1042 thesauro
1391 966 1519 1065 gloriae
1536 967 1632 1042 illius

459 1087 612 1182 tructus,
630 1108 744 1183 quem
761 1088 902 1183 peperit
920 1108 1048 1164 semen
1064 1108 1213 1182 eurum;
1235 1089 1332 1164 unde
1347 1088 1452 1164 dicit:
1475 1093 1535 1164 cite
1548 1094 1633 1185 soro

458 1209 569 1282 tumre
593 1208 752 1303 luteum
777 1214 832 1285 est
856 1209 955 1284 euim
977 1209 1160 1284 bubulcus
1185 1210 1245 1286 ille
1267 1211 1330 1304 qui
1347 1211 1448 1286 ducit
1465 1205 1629 1306 bovesl¹l

458 1337 496 1405 et
521 1331 571 1405 ita
596 1330 757 1406 bubulco
782 1330 842 1405 illa
867 1350 951 1424 quae
969 1329 1067 1405 ducit
1093 1331 1225 1424 boves3
1251 1331 1355 1426 idest,
1373 1332 1480 1407 bonae
1502 1331 1632 1407 cultri·

410 1484 416 1492 ·
458 1471 532 1544 ces,
557 1471 583 1524 o
606 1455 762 1525 semmor
786 1447 952 1544 paeanii,
981 1451 1083 1545 idest,
1108 1451 1154 1526 ad
1180 1452 1433 1528 seminandam
1460 1453 1567 1529 fidam
1593 1452 1629 1528 iu

459 1570 673 1646 mundo-
689 1575 799 1660 Quini.
826 1571 891 1644 Hie
923 1579 1033 1646 autor
1062 1571 1233 1647 describit
1263 1572 1424 1647 fructum
1458 1573 1628 1648 laborum

458 1691 718 1787 predictorum
735 1692 943 1783 beatorum,
957 1697 995 1766 et
1011 1692 1274 1768 sententialiter
1288 1692 1367 1766 vult
1382 1691 1516 1786 dicere,
1530 1693 1628 1788 quud

459 1812 514 1886 isti
541 1832 640 1887 nuuc
665 1812 828 1909 gaudent
854 1813 1027 1888 thesauro
1052 1813 1192 1889 coelesti
1217 1833 1330 1907 quern
1352 1813 1629 1906 acquisiverunt

458 1935 643 2029 plorantes
667 1935 706 2007 in
731 1934 799 2008 isto
825 1929 962 2007 mundo
993 1933 1134 2029 inquo
1165 1939 1271 2008 erant
1301 1934 1497 2030 peregrini,
1534 1935 1630 2008 sieut

457 2053 596 2148 antiqui
623 2061 744 2149 patres
769 2053 806 2127 in
836 2053 944 2128 exilio
970 2053 1189 2149 Babyloniae‚
1224 2060 1261 2128 et
1295 2054 1379 2128 novi
1418 2055 1454 2128 in
1490 2061 1630 2151 marty-

458 2175 514 2249 rio
531 2181 568 2250 et
585 2176 770 2270 supplicio.
787 2174 879 2249 Dicit
895 2195 1007 2271 ergo:
1029 2177 1130 2263 Quini
1146 2178 1178 2248 si
1194 2178 1269 2248 vive
1285 2198 1304 2249 e
1320 2179 1410 2267 pode
1427 2179 1485 2249 del
1501 2182 1630 2265 tesoro,

364 2364 367 2370 .
459 2296 567 2392 idest,
602 2297 761 2392 pretioso
794 2297 947 2391 praemio
980 2296 1138 2371 coelestis
1172 2297 1311 2392 gloriae,
1345 2300 1404 2370 alte
1435 2288 1629 2388 s’acquisal

357 2501 368 2512 „
454 2420 658 2510 piunpendo
673 2420 752 2490 nelt’
758 2419 854 2490 esitio
870 2419 909 2490 di
922 2419 1120 2508 Bobilonia,
1135 2417 1236 2512 idest,
1251 2418 1288 2491 iu
1306 2417 1627 2514 transmigratione

457 2539 662 2636 Babylonis,
689 2538 735 2612 de
762 2559 835 2632 qua
862 2539 997 2635 legitur
1028 2539 1198 2614 teremiae
1235 2539 1363 2613 ultimo
1395 2537 1564 2633 capitulo,
1592 2543 1629 2611 et

457 2658 550 2733 libro
575 2666 709 2752 quarto
734 2659 904 2754 Regum3
931 2679 997 2753 per
1022 2659 1120 2752 quod
1147 2658 1296 2753 quidem
1316 2659 1466 2734 exilium
1490 2657 1627 2753 ligura-

458 2779 540 2853 liter
564 2776 777 2874 desiguatur
802 2779 1047 2874 peregrinatio
1073 2780 1181 2853 huius
1203 2780 1329 2854 mundi
1348 2781 1385 2854 in
1405 2800 1480 2874 quo
1497 2799 1627 2853 sumus

456 2901 596 2993 exules,
614 2899 708 2974 sicut
724 2898 857 2974 dieitur
870 2891 907 2992 (²)
927 2900 964 2973 iu
985 2901 1150 2975 oratione
1169 2901 1336 2975 Dominae
1354 2909 1507 2976 nostrae:
1525 2901 1570 2975 ad
1589 2908 1626 2976 te

455 3022 659 3097 clamamus
684 3021 812 3094 exules
837 3026 905 3095 ete.
933 3021 977 3092 Et
1001 3020 1107 3095 dicit:
1131 3025 1202 3095 oue
1216 3025 1247 3096 si
1265 3021 1371 3096 tassio
1390 3026 1501 3115 l’oro,
1522 3021 1626 3116 quasi

454 3142 568 3218 dicat:
596 3141 658 3214 ubi
682 3139 900 3214 dimiserunt
928 3160 1065 3214 aurum
1099 3147 1136 3216 et
1165 3142 1441 3236 acquisiverunt
1474 3142 1626 3216 thesau-

455 3284 557 3355 rum;
571 3262 658 3356 quia
669 3251 705 3354 (³)
720 3261 867 3354 seilicet,
880 3259 1099 3334 dimiserunt
1113 3268 1278 3337 terrenas
1295 3262 1437 3336 divitias
1451 3269 1488 3337 et
1500 3248 1627 3357 acqui·

454 3383 619 3457 siverunt
652 3388 820 3474 aeternas,
860 3380 966 3473 quasi
1000 3380 1120 3454 dicat:
1151 3402 1284 3476 parum
1319 3380 1555 3477 perdiderunt
1590 3387 1627 3456 et

455 3503 612 3579 multum
640 3502 910 3577 lucrifecerunt.
938 3502 981 3574 Et
1006 3501 1127 3576 subdit
1151 3502 1298 3598 ducem,
1325 3502 1403 3576 sive
1438 3502 1626 3576 mariscal-

454 3626 565 3700 clrum
592 3623 702 3697 totius
736 3622 931 3715 exereitus,
963 3620 1109 3715 scilieet,
1142 3622 1305 3696 Petrum.
1341 3623 1520 3696 Construe
1554 3621 1624 3696 sic:

453 3748 545 3820 colui
569 3747 628 3818 rte
652 3746 719 3817 ten
744 3746 774 3816 le
799 3745 911 3816 atiani
935 3744 973 3815 di
997 3744 1049 3815 tal
1069 3745 1201 3834 pluria,
1228 3743 1374 3837 seilicet,
1402 3743 1532 3816 Petrus
1561 3743 1624 3835 qui

455 3873 554 3941 tenet
578 3861 699 3940 claues
731 3864 834 3961 regni
868 3863 1036 3956 celestis,
1071 3863 1157 3959 quia
1189 3863 1324 3940 scilicet
1356 3865 1477 3938 nullus
1506 3871 1625 3960 potest

453 3987 592 4061 intrare
617 3985 712 4059 istud
737 4004 894 4081 reguum
922 3983 989 4056 nisi
1014 4003 1080 4078 per
1113 4004 1246 4058 manus
1278 3983 1442 4058 ecclesiae
1474 3991 1625 4077 sanctae,

452 4107 559 4184 ouius
576 4107 707 4181 Petrus
723 4105 790 4179 luit
803 4110 919 4200 petra,
934 4124 1045 4198 super
1059 4124 1170 4201 quam
1185 4105 1334 4179 fundata
1350 4104 1417 4179 luit
1427 4093 1477 4199 (⁴),
1491 4109 1624 4200 titonia

451 4230 546 4322 putot
569 4230 606 4301 di
629 4247 695 4300 sua
720 4229 873 4317 vittono,
899 4223 1002 4318 idest,
1029 4224 1163 4298 fruitur
1195 4225 1312 4321 gloria
1343 4225 1516 4320 victoriae,
1547 4247 1622 4322 qua

452 4347 537 4422 vicit
552 4345 783 4421 adversarios
802 4345 838 4418 in
856 4353 957 4419 terra
975 4344 1044 4417 sub
1061 4364 1209 4418 summo
1224 4344 1446 4440 imperatore
1459 4337 1498 4437 (⁵)
1519 4346 1624 4420 Chri·

510 4585 538 4646 (¹)
556 4585 586 4634 Ε.
603 4585 698 4646 boren
714 4590 741 4635 et
757 4585 794 4634 sle
811 4584 864 4634 illre
881 4583 989 4632 luerunt
1006 4583 1080 4631 boue
1097 4581 1226 4642 bubulcas,
1243 4580 1316 4640 idest,
1334 4580 1408 4632 boum
1425 4581 1558 4633 cultrices.

511 4657 540 4722 (Ἴ
557 4660 588 4709 lt.
604 4660 713 4710 uicimus
728 4661 756 4709 iu
771 4660 888 4709 oratioue
904 4657 1021 4708 Dominae
1039 4661 1150 4707 nostre:
1167 4657 1238 4706 solra
1264 4657 1296 4706 erl
1319 4661 1345 4708 te
1369 4657 1511 4709 clamamus
1534 4659 1625 4711 exules

451 4737 496 4788 mn
511 4737 661 4877 &Regia
681 4813 744 4865 lieet
764 4813 909 4864 dimiserint
929 4818 1047 4863 terrenas
1063 4810 1173 4871 divilias,
1191 4812 1385 4875 acquisiverunt
1400 4816 1527 4875 uternam
1543 4817 1570 4864 et
1586 4813 1624 4865 sie

450 4903 543 4952 parum
560 4890 737 4952 perdiderunt.
925 4888 952 4950 (¹)
968 4889 998 4938 Ε.
1015 4888 1065 4938 l'uit
1081 4888 1136 4951 ipsa
1151 4889 1262 4939 ecelesia
1279 4893 1366 4940 saneta
1383 4889 1441 4949 Dei,
1460 4889 1566 4954 nivosa.

514 4966 543 5030 (⁸)
558 4967 589 5017 a.
605 4969 762 5030 imperatore
778 4968 890 5020 Domino
905 4967 966 5017 lesu
982 4966 1091 5017 Christo.
