4842 6642
793 875 864 944 324
1185 883 1391 938 consanum
1418 884 1584 938 nnnnursr

791 1033 827 1107 in
845 1033 919 1107 lilio
938 1032 1035 1107 euim
1054 1032 1123 1106 tria
1141 1036 1247 1104 sunt:
1266 1030 1396 1104 albedo
1408 1022 1444 1122 (¹)
1460 1034 1565 1104 entra
1585 1034 1623 1104 el
1641 1028 1782 1104 rubedo
1804 1029 1911 1120 intra,
1929 1032 1966 1100 et

793 1155 885 1229 odor
911 1153 1112 1249 procedens
1136 1152 1184 1224 ab
1213 1158 1392 1244 utroque3
1418 1149 1548 1225 albedo
1574 1149 1738 1247 designat
1768 1149 1968 1245 puritatem

795 1274 893 1368 lidei,
930 1273 1072 1348 rubedo
1107 1271 1280 1354 ardorem
1314 1271 1491 1365 caritatis,
1524 1271 1615 1346 odor
1649 1271 1782 1345 bonam
1821 1272 1967 1344 lamam.

706 1388 710 1395 ’
793 1395 896 1469 Unde
920 1394 1022 1469 dicit:
1048 1395 1087 1466 ol
1110 1394 1166 1465 cui
1189 1395 1295 1483 odor,
1321 1392 1423 1484 idest,
1449 1391 1495 1466 ad
1522 1411 1682 1485 quorum
1701 1391 1854 1466 odorem
1875 1410 1968 1485 prae-

793 1515 1029 1608 dicationem,
1055 1514 1324 1609 operationum,
1352 1513 1633 1607 miraculorum,
1656 1515 1689 1586 si
1708 1533 1812 1606 prese
1831 1515 1860 1585 il
1878 1513 1968 1586 buon

794 1637 982 1726 camarino,
1009 1634 1096 1729 quia
1121 1640 1267 1708 ostensa
1294 1639 1349 1709 est
1382 1654 1448 1729 per
1481 1653 1544 1708 eas
1578 1634 1636 1708 via
1672 1633 1841 1730 paradisi,
1874 1633 1968 1707 sicut

793 1757 969 1852 scriptum
1000 1761 1056 1830 est
1087 1755 1294 1851 Purgatorii
1326 1755 1485 1850 capitulo
1519 1755 1614 1828 Xllll
1647 1754 1715 1828 ibi:
1751 1745 1818 1828 aad
1850 1775 1914 1828 ero
1942 1757 1970 1827 il

794 1881 924 1950 mondo
949 1884 1031 1950 lullo
1057 1883 1186 1968 quanto
1207 1896 1346 1967 prepao
1373 1883 1441 1951 etc.
1456 1913 1506 1928 -
1522 1868 1609 1948 oosl.
1628 1874 1693 1950 llic
1709 1883 1819 1951 auter
1843 1875 1968 1950 voleus

794 1997 1004 2072 describere
1036 1997 1202 2071 militiam
1234 1996 1506 2092 triumphalem,
1534 1996 1652 2090 primo
1682 1997 1839 2073 ostendit
1874 2017 1968 2091 qaro-

796 2117 907 2192 modo
930 2117 1150 2212 disposuerit
1174 2137 1215 2192 se
1239 2117 1286 2190 ad
1311 2116 1392 2191 boc.
1419 2117 1462 2190 Et
1488 2116 1705 2192 continuans
1730 2117 1824 2192 dicta
1843 2117 1971 2192 dicen-¹

795 2237 860 2332 dis,
886 2237 992 2312 dicit:
1023 2229 1100 2310 cosi
1125 2239 1298 2326 Beobtce,
1324 2237 1452 2331 supple
1482 2236 1593 2310 dixit:
1625 2245 1658 2310 el
1688 2241 1723 2311 io
1756 2239 1807 2312 clr'
1821 2241 1859 2311 ai
1891 2240 1969 2310 suoi

794 2361 942 2448 coasipli
966 2365 1049 2431 lullo
1073 2379 1138 2430 cro
1160 2366 1304 2450 monto,
1319 2378 1455 2431 ancora
1481 2359 1529 2430 mi
1553 2361 1674 2432 raudai
1698 2361 1770 2432 allo
1797 2359 1968 2449 bancalia

797 2480 850 2551 de’
868 2478 980 2550 deboli
1008 2479 1101 2567 cipli,
1128 2475 1231 2570 quasi
1258 2475 1370 2550 dicat:
1405 2475 1540 2550 iterum
1573 2477 1736 2552 converti
1766 2478 1894 2552 oculos
1923 2475 1969 2551 ad

796 2596 991 2671 videndum
1024 2597 1206 2690 apostolos
1232 2605 1269 2671 et
1294 2602 1450 2689 sauctae,
1468 2596 1531 2691 qui
1549 2597 1650 2692 prius
1667 2605 1773 2672 erant
1791 2596 1966 2671 debilitati

797 2716 953 2791 videndo
967 2707 1004 2808 d)
1020 2716 1226 2809 Christum3
1246 2737 1329 2791 nam
1349 2717 1443 2791 sicut
1459 2737 1557 2813 saepe
1574 2717 1880 2813 exemplificatum
1900 2727 1965 2812 est,

796 2838 945 2934 quando
975 2840 1106 2914 oculus
1137 2841 1322 2914 humanus
1354 2841 1514 2934 respexit
1545 2841 1673 2935 solem,
1707 2841 1756 2916 ila
1788 2847 1967 2939 gravatur

796 2941 1013 3034 excellentia
1040 2959 1197 3052 luminis,
1224 2959 1322 3053 quod
1356 2959 1521 3034 redditur
1551 2959 1716 3035 inbabilis
1741 2961 1786 3036 ad
1813 2961 1967 3037 videnda

696 3082 698 3085 ’
796 3078 867 3153 alia
896 3078 1038 3152 minora
1064 3079 1245 3152 sensibilia
1262 3068 1312 3171 (³),
1330 3085 1368 3154 et
1389 3078 1437 3152 ita
1459 3085 1539 3154 erat
1564 3101 1662 3154 nunc
1687 3079 1734 3156 da
1758 3088 1900 3156 autore.
1916 3121 1965 3134 —

799 3201 911 3270 dome.
939 3199 1003 3271 llic
1027 3207 1137 3273 autor
1161 3198 1333 3274 describit
1357 3198 1472 3273 dictos
1498 3201 1606 3275 liores
1631 3219 1697 3295 per
1724 3221 1836 3276 unam
1863 3222 1967 3276 com·

797 3319 1026 3414 parationem
1039 3319 1318 3396 convenientem
1338 3319 1515 3414 materiae,
1529 3341 1614 3415 quae
1631 3327 1702 3394 stat
1719 3321 1755 3394 in
1774 3323 1856 3415 boc,
1869 3322 1968 3415 quod

796 3439 873 3535 ipse
899 3440 987 3515 vidit
1013 3460 1112 3514 nunc
1137 3441 1224 3514 istos
1250 3441 1377 3516 beatos
1403 3439 1439 3515 in
1466 3461 1510 3516 ea
1536 3440 1654 3515 forma
1681 3463 1753 3536 qua
1772 3442 1969 3537 aliquando

795 3560 885 3635 vidit
900 3561 937 3633 in
956 3550 1096 3635 mundo
1115 3582 1230 3634 unum
1250 3567 1398 3656 pratum
1427 3561 1595 3635 floridum
1613 3567 1831 3656 coopertum
1858 3563 1969 3654 nube,

797 3701 864 3775 per
890 3701 1003 3775 quam
1034 3680 1122 3756 radii
1144 3681 1282 3756 solares
1300 3682 1542 3776 penetrabant
1559 3689 1596 3756 et
1617 3680 1839 3758 irradiabant
1856 3681 1969 3756 dictos

795 3801 915 3876 liores.
942 3800 1034 3875 llicit
1059 3821 1170 3897 ergo:
1205 3804 1324 3876 Vid'io
1350 3796 1413 3894 piri
1443 3802 1540 3876 turbe
1572 3803 1611 3875 di
1640 3803 1840 3894 splendori„
1867 3801 1969 3893 idest,

794 3921 893 3996 acies
927 3920 1194 4016 splendentium
1228 3921 1452 4015 animarum,
1484 3921 1668 4015 (adparari,
1703 3920 1805 4013 idest,
1833 3921 1968 3994 illumi-

796 4043 882 4135 nati,
908 4045 946 4116 di
969 4063 1024 4134 su,
1050 4041 1143 4117 idest
1159 4042 1317 4138 desuper
1342 4042 1390 4116 ab
1420 4043 1507 4135 allo,
1525 4043 1574 4116 do
1598 4045 1706 4134 rappl
1729 4043 1881 4133 ordonii,
1899 4043 1969 4117 sci-

796 4160 890 4255 licet,
911 4160 996 4236 dicti
1022 4162 1107 4236 solis
1133 4161 1285 4257 Christi;
1303 4167 1340 4238 et
1357 4161 1462 4237 dicit:
1483 4182 1599 4236 sanzo
1616 4165 1720 4236 aeder
1736 4165 1912 4255 principio
1932 4165 1970 4236 di

791 4284 939 4376 salporl,
960 4281 1049 4376 quia
1074 4303 1148 4356 non
1166 4282 1312 4358 videbat
1336 4302 1359 4357 a
1386 4303 1460 4377 quo
1486 4281 1702 4356 oriebantur
1727 4281 1792 4376 ipsi
1807 4269 1844 4374 (⁸)
1865 4281 1968 4373 radii,

795 4423 817 4476 a
842 4403 962 4497 simili,
988 4396 1060 4477 cosi
1084 4407 1257 4495 concepti
1281 4407 1377 4478 occdi
1401 4406 1480 4476 miei
1505 4405 1604 4477 vider
1627 4393 1689 4495 pra
1704 4409 1812 4496 proto
1829 4405 1868 4477 di
1875 4407 1971 4496 'fiori
2000 4485 2004 4492 ,

795 4531 934 4598 cocerlo
958 4527 993 4598 d’
1006 4525 1145 4615 embra,
1165 4525 1312 4618 scilicet,
1332 4524 1450 4618 nubis,
1477 4545 1500 4596 o
1525 4526 1654 4615 rapoto
1671 4526 1709 4598 dt
1724 4526 1797 4596 sole
1812 4525 1872 4596 circ
1888 4527 1968 4616 mel,

796 4645 898 4739 idest,
914 4645 1107 4739 discurrat,
1122 4647 1180 4720 rel
1200 4652 1371 4740 transeat,
1381 4667 1489 4739 puro,
1505 4645 1607 4738 idest,
1623 4643 1767 4736 nitidus,
1778 4665 1845 4737 pcr
1856 4648 1970 4739 frodo

858 4876 885 4938 (¹)
900 4876 926 4926 S.
942 4891 958 4927 o
975 4877 1005 4926 E.
1021 4877 1130 4935 scilicet,
1147 4877 1240 4928 albedo
1256 4881 1338 4926 extro.

858 4953 885 5013 (¹)
901 4953 931 5002 E.
949 4953 1060 5002 ridendo
1075 4954 1213 5020 meatim
1228 4953 1290 5002 Josu
1306 4952 1416 5014 cirris-113
1432 4966 1502 5004 nom.

857 5027 885 5092 ι’)
903 5027 934 5079 E·
951 5029 1114 5080 taenaron.
1397 5035 1399 5041 ·
1428 5030 1455 5094 ρ)
1471 5029 1496 5080 s.
1512 5030 1575 5082 aren
1592 5030 1667 5081 roura
