4842 6642
930 787 976 852 62
1321 797 1529 853 COHBNTUH
1551 797 1718 852 rmuntst

927 941 1163 1036 paupertatis,
1188 940 1336 1016 dicens:
1361 944 1515 1016 scuizusi
1530 943 1678 1036 Epidio,·
1699 940 1769 1016 iste
1788 940 1856 1015 fuit
1874 941 1969 1016 alius
1985 941 2099 1016 frater

926 1062 973 1139 da
999 1063 1126 1160 primis
1151 1062 1215 1158 qui
1240 1062 1308 1137 fuit
1332 1068 1416 1158 etc,
1436 1086 1456 1137 e
1478 1065 1632 1138 scoizusi
1647 1065 1825 1157 silvestro,
1854 1063 1949 1137 alius
1973 1062 2097 1156 frater,

928 1183 991 1279 qui
1018 1182 1084 1258 fuit
1109 1188 1177 1258 etc.
1205 1183 1270 1279 qui
1294 1183 1434 1279 expulit
1457 1183 1564 1259 civile
1588 1183 1727 1258 bellum
1752 1183 1800 1258 de
1823 1181 1969 1279 hssisio,
1990 1188 2028 1258 et
2044 1181 2100 1258 vi·

928 1303 981 1378 dit
1005 1304 1043 1377 in
1068 1303 1210 1380 somnio
1224 1296 1262 1396 (¹)
1289 1323 1440 1379 crucem
1467 1303 1571 1380 exire
1595 1325 1642 1380 ex
1672 1324 1741 1380 ore
1768 1303 1963 1400 Francisci,
1988 1307 2101 1379 dieiro

930 1427 1002 1498 uilo
1030 1447 1147 1520 sporo,
1181 1424 1284 1519 idest,
1316 1431 1398 1520 post
1429 1425 1666 1500 Franciscum
1697 1424 1818 1498 virum
1853 1424 2102 1519 paupertatis,

930 1538 1021 1618 silo
1053 1567 1159 1638 sporo
1182 1548 1299 1638 proco,
1331 1543 1433 1639 idest,
1467 1550 1675 1641 paupertas.
1689 1546 1834 1618 -lndi
1855 1565 1916 1618 sen
1945 1565 2002 1618 oo.
2038 1543 2104 1618 llic

930 1666 1087 1739 Thomas
1113 1670 1263 1739 narrato
1288 1663 1389 1738 initio
1416 1664 1499 1739 vttae
1524 1670 1562 1740 et
1583 1664 1724 1762 regulae
1739 1663 1921 1739 Francisci
1935 1655 1987 1757 (¹),
2004 1684 2105 1738 nuuc

930 1784 1052 1881 incipit
1078 1804 1234 1859 narrare
1259 1805 1473 1879 processum
1491 1791 1528 1859 et
1544 1791 1788 1882 augmentum
1812 1785 1902 1860 eius.
1922 1785 1965 1858 Et
1984 1785 2105 1880 primo

930 1905 1014 1981 dicit
1039 1905 1226 2001 quomodo
1251 1906 1362 2001 coepit
1377 1906 1594 1980 Franciscus
1618 1926 1704 1981 cum
1731 1905 1858 2001 paucis
1881 1905 2104 2001 discurrere,

930 2026 1076 2101 dicens:
1105 2027 1192 2120 indi,
1222 2025 1359 2101 scilicet
1382 2025 1592 2122 aggregatis
1616 2024 1741 2122 paucis
1767 2026 2001 2121 pauperculis
2030 2025 2105 2100 fra-

932 2146 1070 2239 ticellis,
1097 2150 1176 2239 puel
1194 2149 1323 2240 padre,
1348 2145 1485 2222 scilicet
1503 2145 1731 2239 franciscus,
1749 2145 1813 2241 qui
1830 2145 1898 2219 fuit
1920 2146 2104 2220 maximus

933 2267 1204 2363 paterfamilias,
1229 2289 1249 2340 c
1273 2269 1353 2359 quei
1371 2275 1538 2359 maestro,
1564 2266 1627 2362 qui
1649 2266 1771 2342 docuit
1796 2286 1883 2344 suos
1908 2265 2104 2363 discipulos

934 2395 1203 2483 paupertatem,
1230 2388 1487 2482 humilitatem,
1503 2387 1776 2481 continentiam,
1797 2387 2042 2463 obedientiam
2069 2394 2107 2464 et

933 2506 1156 2603 patientiam,
1182 2531 1251 2583 con
1276 2512 1312 2582 ia
1336 2530 1402 2582 suo
1426 2511 1561 2600 donna,
1587 2507 1724 2582 scilicet
1743 2527 1829 2582 cum
1848 2506 1995 2581 domina
2012 2529 2106 2604 pau-

933 2632 1085 2722 pertate,
1105 2649 1190 2722 quae
1214 2629 1441 2724 sequebatur
1466 2633 1504 2704 et
1527 2626 1689 2702 sociabat
1713 2647 1801 2702 eum
1828 2627 1977 2723 ubique,
2003 2650 2106 2703 econ

933 2750 1045 2839 puelia
1067 2752 1244 2843 samiphn,
1270 2748 1406 2824 scilicet
1435 2748 1582 2823 illorum
1618 2747 1789 2839 fratrum,
1815 2749 1876 2820 cie
1898 2737 1960 2838 piri
1980 2750 2107 2841 lepoou

933 2871 1068 2942 lumiie
1092 2877 1276 2963 οαρεεενος
1293 2869 1380 2964 quia
1407 2868 1539 2944 fratres
1556 2868 1719 2942 minores
1735 2872 1881 2962 portant
1893 2857 1932 2960 (³)
1949 2868 2105 2944 cinctam

934 2987 1085 3063 cordam
1112 2988 1181 3062 sub
1206 3010 1282 3083 qua
1307 2989 1474 3063 solebant
1497 2989 1584 3063 olim
1610 3008 1692 3062 esse
1717 2987 1887 3080 humiles,
1912 3009 2012 3064 nuuc
2040 3011 2108 3064 au-

934 3116 1010 3184 tem
1044 3108 1126 3184 facti
1157 3114 1243 3182 sunt
1267 3109 1427 3204 superbi.
1440 3150 1490 3164 —
1504 3106 1558 3182 No*
1578 3112 1629 3201 pit
1651 3099 1777 3201 pavo.
1804 3109 1870 3184 llic
1894 3110 2052 3185 Thomas
2068 3100 2107 3204 (⁵)

932 3228 1104 3304 describit
1130 3228 1378 3304 fundationem
1410 3237 1448 3304 et
1478 3227 1795 3304 confirmationem
1827 3229 1964 3304 ordinis
1987 3230 2106 3304 Fran-

932 3347 1035 3442 cisci3
1062 3353 1099 3423 et
1123 3346 1219 3441 dicit,
1246 3349 1344 3443 quod
1371 3369 1444 3422 non
1469 3349 1638 3424 obstante
1657 3348 1756 3443 quod
1773 3355 1870 3424 esset
1884 3340 1921 3441 (⁵)
1941 3349 2036 3424 lilius
2052 3348 2110 3425 di-

932 3467 1070 3562 tissimi,
1096 3474 1247 3563 propter
1264 3467 1364 3562 qnod
1385 3467 1578 3543 videbatur
1595 3469 1732 3544 dehere
1748 3469 1803 3544 ire
1819 3490 1867 3544 ex
1884 3470 2107 3547 verecundia

932 3608 1018 3663 cum
1047 3588 1152 3662 bassa
1178 3587 1309 3687 fronte,
1328 3608 1460 3663 secure
1485 3586 1550 3662 ivit
1574 3588 1621 3663 ad
1638 3589 1891 3664 Innocentium
1908 3612 2040 3686 papam
2067 3597 2110 3666 ut

933 3710 1154 3806 approbaret
1188 3708 1268 3783 eius
1293 3710 1472 3805 regulam.
1500 3708 1592 3783 Dicit
1621 3731 1737 3806 ergo:
1769 3707 1815 3785 nd
1837 3703 1922 3785 oiltd
1945 3715 1985 3786 di
2007 3733 2107 3805 cuor,

817 3881 822 3891 -
935 3830 1022 3923 quia
1041 3829 1234 3904 videbatur
1250 3829 1504 3925 pusillanimus
1521 3819 1558 3922 (⁸)
1578 3849 1624 3906 er
1639 3832 1721 3925 hoc,
1737 3833 1790 3922 pii
1803 3823 1920 3922 pram
1936 3835 1968 3905 ie
1986 3817 2103 3926 opta,

776 4029 781 4040 ,
934 3950 1037 4044 idest,
1064 3969 1138 4023 uon
1162 3948 1347 4023 inclinavit
1372 3948 1531 4024 frontem
1555 3949 1707 4025 eiusad
1732 3956 1871 4025 terram
1897 3973 1974 4047 prae
1999 3972 2108 4027 vere-

934 4069 1078 4164 cundia,
1100 4091 1168 4163 pcr
1192 4091 1287 4143 esser
1308 4072 1407 4162 figito
1423 4073 1462 4144 di
1477 4074 1560 4143 Pier
1580 4073 1827 4164 Bernmdone,
1844 4073 1947 4169 idest,
1973 4095 2108 4168 quam·

934 4189 988 4264 vis
1013 4196 1109 4265 esset
1133 4190 1230 4264 lilius
1254 4189 1419 4265 ditissimi
1443 4190 1611 4286 hominis,
1638 4189 1684 4266 nc*
1701 4213 1770 4285 per
1782 4214 1896 4286 purcr
1912 4197 2057 4287 dispctlo
2085 4215 2111 4267 o

934 4313 1161 4406 morooipiiu,
1197 4310 1300 4405 idest,
1332 4311 1502 4406 quamvis
1533 4311 1722 4387 videretur
1753 4313 1845 4407 vilis,
1876 4313 2041 4390 abiectus
2072 4322 2110 4390 ct

934 4428 1126 4524 despectus
1164 4430 1404 4526 mirabiliter3
1430 4452 1491 4504 mo
1519 4435 1745 4526 reprimente,
1782 4432 1888 4526 idest,
1918 4433 2110 4532 magnani-

936 4549 1055 4645 miter,
1082 4571 1206 4643 upersc
1230 4573 1297 4624 sua
1321 4553 1415 4625 dura
1439 4554 1648 4645 monzione,
1673 4553 1760 4648 quia
1776 4543 1814 4646 (¹)
1839 4552 1977 4627 durum
2002 4553 2111 4629 nimis

997 4779 1024 4844 (¹)
1041 4780 1073 4831 B.
1089 4781 1221 4833 insomnis.
1382 4779 1411 4845 (¹)
1427 4781 1459 4833 Ε.
1476 4783 1544 4834 buti
1559 4784 1699 4837 Fnuciscl.
1771 4785 1841 4850 (Ἡ.
1857 4788 2002 4852 portabant.

998 4855 1026 4917 (⁸)
1041 4855 1072 4907 E.
1089 4858 1203 4908 Thomas
1219 4866 1316 4912 namot.
1384 4860 1412 4921 (¹)
1428 4859 1460 4911 ll.
1475 4865 1544 4911 ornei
1558 4860 1612 4924 lprc
1628 4862 1783 4914 limniscus
1798 4863 1874 4915 lilius.

999 4933 1026 4998 (⁸)
1042 4935 1073 4986 E·
1090 4935 1269 4998 pusillanimis
1384 4937 1411 5000 (¹)
1428 4937 1459 4989 li.
1474 4951 1536 4988 nam
1551 4939 1657 4992 tumn.
