4842 6642
855 805 926 873 tra
1247 817 1450 874 cousnruu
1474 819 1640 873 nannum

858 961 989 1058 gnifice
1016 967 1119 1058 gesta
1152 983 1175 1038 a
1209 963 1393 1058 Romanis,
1424 983 1508 1058 qrrae
1541 968 1646 1038 erant
1677 961 1786 1058 picta,
1816 964 1957 1060 sculpta
1988 971 2028 1040 et

858 1083 990 1179 scripta
1022 1083 1058 1156 in
1089 1079 1300 1177 edificiis&
1328 1085 1395 1160 illis
1421 1091 1458 1162 et
1482 1084 1519 1158 in
1545 1084 1706 1159 arcubus
1733 1083 2025 1179 triumphalibus.

858 1204 959 1278 Unde
984 1203 1169 1280 Sidonius:
1196 1204 1312 1281 Roma
1337 1204 1562 1280 domicilium
1579 1204 1704 1303 legum
1726 1210 1764 1278 et
1783 1211 1935 1298 castera3
1954 1211 2027 1278 ctu·

852 1317 1064 1419 pesariensi,
1092 1325 1194 1419 idest,
1221 1325 1461 1402 mirabantur.
1484 1325 1533 1432 lit
1559 1325 1673 1422 tangit
1700 1333 1855 1421 tempus,
1880 1325 2025 1402 dicens:

854 1447 996 1536 mando
1020 1450 1197 1520 Laterum
1223 1449 1291 1520 alle
1313 1467 1391 1521 cose
1416 1449 1559 1520 mortali
1582 1438 1678 1522 codd
1702 1449 1741 1521 di
1764 1465 1888 1540 sopra,
1919 1446 2022 1540 quasi

852 1564 966 1642 dicat:
993 1567 1141 1661 quando
1165 1568 1283 1643 Roma
1310 1573 1389 1645 erat
1415 1568 1451 1642 in
1477 1567 1578 1660 llore,
1606 1566 1692 1662 quia
1720 1573 1807 1641 tunc
1838 1566 2027 1662 superarit

851 1685 975 1760 omnia
1005 1687 1156 1761 aedilicia
1186 1686 1330 1782 muudi;
1366 1687 1463 1762 unde
1495 1688 1652 1762 Thomas
1687 1687 1734 1762 de
1766 1685 1910 1781 Aquino
1944 1692 2027 1761 erat

851 1807 977 1882 solitus
997 1807 1132 1902 dicere,
1149 1807 1249 1902 quod
1267 1808 1335 1883 tria
1352 1807 1613 1904 concupiverat
1631 1807 1756 1884 anima
1780 1826 1849 1882 sua
1876 1805 2046 1900 uidisse·

850 1927 985 2004 scilicet
1010 1928 1164 2004 Romam
1191 1930 1228 2003 in
1254 1931 1354 2024 lione,
1388 1928 1572 2005 Christum
1598 1928 1636 2002 in
1661 1947 1785 2022 carne,
1806 1933 1844 2005 et
1869 1928 2025 2024 Aposto-

850 2049 930 2123 lum
955 2049 1211 2144 dispntantem.
1233 2050 1277 2125 Et
1300 2055 1387 2125 nota
1404 2049 1503 2144 qnod
1520 2055 1628 2124 autor
1647 2069 1713 2143 per
1730 2050 1799 2123 boc
1819 2046 1918 2143 quod
1934 2046 2022 2122 dicit

853 2176 1028 2245 Lubrcno
1053 2169 1170 2265 tangit
1195 2192 1312 2245 unum
1335 2169 1645 2245 mirabilissimum
1666 2168 1859 2246 aedilicium
1879 2169 2017 2244 Romae.

852 2290 1035 2364 Palatium
1058 2289 1155 2364 enirn
1176 2290 1400 2365 lateranum
1426 2290 1525 2384 qnod
1550 2297 1606 2366 est
1631 2310 1745 2386 prope
1764 2297 1909 2364 sanctos
1925 2289 2022 2364 llar-

851 2411 1022 2487 cellinnm
1040 2416 1078 2482 et
1100 2410 1265 2504 Petrum,
1278 2430 1408 2485 versus
1428 2409 1745 2506 septemtrionem,
1759 2409 1828 2484 fuit
1845 2408 2024 2504 palatium

849 2529 1015 2622 Neronis,
1046 2534 1085 2603 ut
1116 2529 1203 2604 dicit
1231 2530 1415 2605 Martinus.
1442 2529 1525 2605 Fuit
1558 2538 1684 2609 autem
1718 2528 1813 2605 istud
1845 2527 2021 2625 palatium

849 2653 1219 2750 sumptuosissimam,
1237 2653 1330 2729 sicut
1351 2654 1475 2730 scribit
1499 2653 1693 2730 Suetonius
1717 2658 1786 2728 etc.
1814 2651 1915 2727 Unde
1940 2651 2016 2725 du-

852 2781 982 2870 gustcs
1019 2774 1246 2872 gloriabatur
1277 2795 1317 2850 se
1350 2773 1528 2850 invenisse
1561 2774 1692 2850 urbem
1723 2771 1941 2848 Latericiam
1980 2778 2018 2846 et

849 2893 978 2970 iecisse
1004 2915 1264 2970 marmoream.
1283 2895 1327 2970 dt
1346 2894 1467 2970 subdit
1491 2897 1599 2969 autor
1625 2893 1800 2969 virtutem
1827 2898 1864 2968 ct
1889 2897 2018 2987 poten·

850 3013 938 3087 tiam
965 3013 1053 3088 tanti
1078 3014 1237 3110 stuporis
1261 3015 1329 3109 sui,
1355 3015 1478 3090 dicens
1503 3014 1734 3108 affirmative,
1752 3021 1847 3088 certo
1872 3015 1899 3086 tt
1922 3007 2014 3105 pouss

847 3136 920 3227 dio,
948 3133 1093 3227 scilicet,
1121 3154 1299 3231 magnum
1321 3134 1420 3230 quod
1446 3134 1695 3231 concipiebam
1721 3153 1769 3210 ex
1796 3132 2018 3229 inspectione

847 3251 941 3326 idios
966 3252 1123 3328 coelestis
1146 3254 1286 3348 Romae,
1312 3259 1360 3328 mi
1380 3257 1484 3348 focca
1513 3255 1621 3345 libito,
1647 3254 1750 3348 idest,
1778 3253 1956 3350 placitum
1981 3259 2018 3328 et

847 3380 1008 3467 gratum,
1035 3393 1107 3446 non
1131 3375 1231 3448 aduc
1256 3381 1290 3448 ct
1310 3377 1436 3448 rmrmi
1459 3382 1567 3465 muto,
1592 3373 1695 3469 idest,
1721 3393 1795 3450 non
1825 3372 1925 3467 loqui
1961 3372 2018 3448 vel

845 3491 968 3568 dicere
993 3492 1130 3587 aliquid
1146 3512 1232 3567 cum
1251 3493 1416 3570 Beatrice
1436 3495 1493 3570 vel
1511 3495 1582 3569 alio
1600 3495 1719 3590 beato,
1737 3494 1831 3569 sicut
1858 3492 2019 3587 solebat3

847 3618 884 3688 et
902 3611 1006 3688 dicit:
1024 3620 1083 3687 tra
1099 3635 1189 3707 csso,
1209 3614 1313 3708 idest,
1330 3613 1426 3691 intra
1446 3613 1565 3711 ipsum
1585 3622 1786 3712 stuporem.
1798 3618 1888 3688 -Ε
1901 3615 2013 3707 quod.

845 3733 909 3808 liic
931 3739 1042 3809 autor
1065 3733 1237 3829 exprimit
1255 3734 1406 3811 modum
1423 3755 1503 3810 sure
1522 3733 1709 3832 gaudiosae
1730 3741 1766 3810 et
1787 3733 1906 3808 tacitae
1924 3751 2014 3808 con·

844 3854 1086 3949 templationis
1103 3874 1169 3949 per
1187 3875 1300 3930 unam
1317 3856 1630 3950 comparationem
1652 3854 1950 3952 propriissimam.
1971 3853 2016 3926 Et

845 3975 1005 4052 breviter
1030 3975 1108 4050 rull
1134 3973 1270 4068 dicere,
1295 3976 1394 4070 qnod
1419 3975 1469 4052 ita
1498 3975 1747 4054 desideranter
1780 3981 1817 4052 ct
1849 3975 2016 4050 letanter
2064 4005 2069 4018 ·

844 4096 1098 4173 considerabat
1123 4095 1332 4191 paradisum
1359 4096 1531 4172 ultimum
1556 4097 1727 4173 bravium
1755 4103 1791 4172 et
1816 4094 2011 4191 praemium

844 4216 901 4292 sni
915 4237 1059 4308 cursus,
1071 4237 1222 4312 sperans
1240 4217 1380 4294 reterre
1398 4217 1602 4294 mirabilem
1617 4217 1900 4314 pulcritudinem
1917 4214 2012 4290 illius

844 4337 969 4435 templi
1001 4336 1170 4430 coelestis,
1196 4336 1292 4411 sicut
1319 4337 1537 4436 peregrinus
1567 4340 1630 4434 qui
1661 4339 1799 4435 appulit
1823 4337 1870 4415 ad
1900 4336 2010 4412 linem
2103 4439 2107 4444 ι

842 4479 919 4533 snae
945 4457 1246 4554 peregrinationis
1271 4459 1476 4536 considerat
1500 4459 1691 4558 diligenter
1722 4467 1759 4536 et
1790 4463 2014 4534 veneranter

841 4578 1032 4654 ecclesiam
1059 4578 1122 4653 nbi
1147 4579 1254 4655 solvit
1279 4600 1390 4656 suum
1416 4585 1557 4675 votum,
1575 4587 1612 4657 et
1633 4585 1757 4676 sperat
1777 4578 1919 4654 relerre
1937 4578 2014 4652 lor-

842 4719 939 4772 mam
953 4706 990 4772 et
1003 4698 1275 4794 proportionem
1291 4699 1384 4774 illius
1401 4699 1574 4775 ecclesie.
1590 4700 1695 4774 Nunc
1708 4698 1836 4774 ordina
1854 4697 1906 4773 sic
1925 4697 2008 4774 lite·

904 4961 932 5025 t'l
948 4963 979 5013 B·
995 4962 1118 5018 oedtdclls.
1135 4961 1177 5014 rel
1192 4962 1270 5012 attam
1287 4962 1322 5012 ln.
