4842 6642
788 884 926 940 caurus
950 886 1108 941 uroruus
1133 883 1263 941 nonus.
1523 845 1615 939 ’235

446 1028 598 1125 aquilae3
617 1039 652 1107 et
670 1032 740 1107 boc
757 1028 843 1108 dicit
865 1036 973 1106 autor
990 1038 1140 1129 propter
1163 1029 1417 1127 loquutionem
1435 1029 1472 1105 iu
1489 1032 1615 1127 singu·

443 1150 510 1225 lari
525 1172 694 1227 numero.
710 1148 752 1227 Et
766 1153 817 1227 sic
831 1152 924 1248 vide,
940 1152 1126 1247 quomodo
1140 1152 1367 1248 comparatio
1384 1159 1440 1227 est
1457 1151 1614 1247 propria.

444 1268 546 1346 Siout
570 1271 667 1347 enim
696 1294 741 1348 er
769 1271 893 1347 multis
909 1272 1036 1368 prunis
1050 1266 1087 1366 (¹)
1109 1272 1322 1348 ardentibus
1345 1273 1498 1346 resultat
1519 1293 1616 1346 unus

445 1388 557 1486 calor,
578 1391 628 1468 ita
654 1414 700 1469 ex
721 1390 842 1467 multis
859 1392 1042 1489 spiritibus
1063 1392 1335 1489 splendentibus
1353 1392 1473 1490 ignitis
1492 1391 1616 1466 exibat

447 1533 543 1587 unus
567 1532 675 1588 amor
700 1513 873 1607 caritatis,
899 1510 962 1609 qui
990 1513 1129 1609 ubique
1154 1513 1337 1611 liguratur
1363 1534 1430 1608 per
1455 1512 1590 1608 ignem.

523 1636 613 1707 Ond’
625 1638 661 1707 io
677 1656 856 1728 oppresso.
871 1634 943 1710 Ista
955 1641 1010 1709 est
1022 1634 1182 1709 mcuuda
1199 1656 1284 1729 pars
1296 1633 1477 1731 generalis
1491 1634 1528 1705 in
1541 1648 1615 1726 qua

445 1757 553 1826 autor
578 1760 705 1827 movet
728 1754 881 1828 arduam
909 1754 1148 1850 questionem
1174 1753 1271 1830 dioto
1284 1745 1322 1846 (²)
1342 1752 1445 1850 signo
1460 1752 1613 1847 aquilae3

445 1879 571 1946 utrum
599 1872 751 1947 salvatio
778 1873 977 1949 infidelium
994 1866 1031 1966 (³)
1059 1873 1104 1948 sit
1129 1872 1316 1969 possibilis.
1335 1872 1380 1947 lit
1403 1872 1526 1966 aquila
1555 1890 1614 1947 re—

445 1994 625 2087 spondens
651 1994 835 2089 percurrit
859 1994 1029 2089 quaedam
1054 1993 1283 2071 evidentialia
1316 1994 1362 2067 ad
1394 1992 1612 2068 solutionem

442 2114 553 2188 dubii.
580 2114 624 2188 Et
649 2114 768 2210 primo
794 2122 903 2189 autor
928 2114 1013 2190 lacit
1038 2116 1245 2208 exordium,
1279 2113 1442 2189 secundo
1472 2110 1616 2209 petitio—

443 2253 542 2328 nem,
570 2234 677 2309 tertio
704 2234 1031 2311 confirmationem.
1059 2236 1151 2311 Dicit
1183 2256 1274 2333 ergo
1307 2234 1448 2332 primo:
1479 2238 1616 2309 Ond’io

442 2374 625 2447 oppresso,
651 2357 779 2453 supple
804 2356 895 2430 diri:
923 2378 945 2430 o
965 2360 1124 2451 perpetui
1145 2360 1243 2451 fiori,
1271 2355 1418 2452 spiritus
1435 2354 1616 2431 llorentis·

443 2472 541 2567 simi,
560 2475 622 2568 qui
650 2472 820 2549 lloruistis
846 2475 882 2550 in
910 2476 981 2551 vita
1002 2476 1145 2551 mortali
1171 2478 1207 2551 in
1233 2484 1345 2569 terra,
1371 2482 1409 2552 et
1435 2496 1533 2550 nuno
1549 2474 1616 2550 tlo-

444 2592 532 2668 relis
558 2595 594 2669 in
622 2596 694 2670 vita
721 2604 896 2691 perpetua
929 2596 967 2670 in
998 2598 1116 2691 ooelo;
1144 2597 1243 2672 uude
1273 2596 1375 2672 dicit:
1401 2598 1613 2670 delleoerna

444 2716 571 2805 letitia,
598 2714 685 2809 quia
717 2714 827 2789 laetati
861 2716 975 2791 fuistis
1009 2717 1272 2812 temporaliter,
1305 2736 1403 2792 nunc
1438 2716 1611 2791 laetamini

444 2836 686 2929 aeternaliler5
725 2844 762 2911 et
798 2836 902 2911 dicit:
941 2840 1001 2911 obe
1038 2840 1086 2911 mi
1114 2842 1188 2933 sate
1215 2839 1324 2912 ambr
1355 2844 1429 2912 atui
1459 2842 1473 2912 i
1506 2842 1616 2911 bostri

442 2958 547 3029 odori
561 2978 633 3049 pur
652 2978 733 3030 uno.
753 2958 828 3031 lioo
846 2956 931 3032 dicit
947 2965 1095 3054 propter
1109 2958 1394 3034 uniformitatem
1409 2958 1513 3055 signi,
1528 2957 1614 3054 quia

444 3075 548 3149 multi
574 3076 707 3151 odores
733 3076 840 3151 ia'mae
871 3080 1049 3152 resultant
1084 3098 1128 3153 ex
1165 3077 1252 3171 istis,
1287 3085 1481 3154 ettamen
1514 3074 1616 3154 vide-

444 3200 504 3269 tur
544 3217 662 3269 unum
697 3204 819 3291 eaput,
853 3196 989 3272 seilicet
1024 3216 1199 3272 romanus
1233 3198 1412 3293 princeps.
1428 3237 1479 3250 —
1495 3200 1616 3273 Solve-

443 3319 532 3388 temi.
568 3316 634 3391 Hic
667 3324 778 3390 autor
812 3316 896 3391 lacit
933 3338 1039 3391 suam
1075 3318 1285 3413 petitionem
1320 3317 1463 3392 diceus:
1498 3320 1617 3391 Soloe-

443 3438 535 3527 temt,
563 3438 748 3529 mirando,
778 3436 879 3530 idest,
911 3436 1104 3531 loquendo,
1138 3442 1166 3512 il
1195 3460 1292 3529 pron
1324 3440 1480 3530 dimano,
1513 3438 1615 3530 idest,
1654 3510 1658 3517 .

439 3554 609 3650 dubium,
636 3564 677 3629 ut
702 3556 750 3630 ibi
776 3556 923 3651 patebit,
949 3561 1009 3631 cte
1042 3562 1262 3649 monumento
1296 3560 1400 3631 m'lzu
1434 3564 1548 3631 bauto
1576 3560 1615 3632 in

439 3678 549 3771 fanu,
576 3675 678 3771 idest,
705 3676 742 3750 in
767 3672 947 3752 desiderio
973 3678 1106 3753 sciendi
1133 3679 1344 3771 veritatem3
1368 3685 1405 3753 et
1426 3679 1523 3772 dicit,
1543 3698 1616 3751 non

442 3799 643 3871 booaudoti
666 3798 741 3871 ribo
773 3798 898 3871 ulduno
930 3804 966 3873 tn
995 3806 1106 3890 terra,
1136 3798 1240 3893 idest,
1275 3798 1495 3874 solutionem
1527 3814 1611 3893 quae

442 3917 627 3991 satiaverit
641 3905 679 4009 ζ’)
705 3918 871 3992 animum
900 3939 1024 3992 meum
1046 3918 1297 3993 satisfaciendo
1313 3918 1409 3993 dioto
1428 3917 1551 3992 dubio.
1570 3912 1615 3991 Et

442 4018 1622 4134 utcnotaquodperbocautorinuubquoddubtumproponeu-'

442 4157 529 4231 dum
559 4178 631 4233 non
657 4165 775 4253 potest
801 4157 890 4232 solvi
910 4158 1050 4233 ratione
1069 4158 1245 4251 naturali3
1263 4164 1300 4231 et
1321 4156 1407 4252 quia
1427 4156 1506 4231 talis
1523 4176 1613 4231 oon·

304 4344 309 4353 .
441 4278 612 4354 sideratio
638 4286 693 4353 est
719 4299 830 4374 super
857 4285 1041 4373 naturam,
1068 4279 1149 4353 ideo
1173 4279 1262 4373 petit
1284 4276 1332 4352 ab
1350 4279 1392 4351 iis
1409 4278 1472 4372 qui
1491 4270 1615 4351 vident

440 4406 580 4474 seurota
606 4398 682 4473 liei.
697 4404 833 4471 —Beu
849 4419 889 4471 so
905 4402 951 4472 io.
977 4398 1042 4473 Hic
1063 4407 1174 4473 autor
1188 4399 1275 4474 iacit
1295 4397 1610 4473 confirmationem

440 4520 497 4593 sui
522 4518 606 4594 dicti
632 4518 790 4613 probans
805 4498 913 4614 'quod
935 4520 1035 4613 iuste
1062 4526 1186 4593 moret
1211 4516 1452 4613 quaestionem
1472 4514 1548 4590 istis
1567 4510 1613 4590 de

438 4638 577 4735 iustitia
602 4638 678 4714 Dei.
706 4639 749 4712 Et
774 4639 820 4713 ad
838 4639 1112 4736 intelligentiam
1131 4639 1241 4712 huius
1257 4638 1372 4712 literae
1393 4643 1449 4713 est
1469 4656 1614 4733 praeuo·

440 4760 606 4853 landum,
624 4758 724 4853 quod
745 4766 855 4832 autor
882 4760 1014 4833 merito
1040 4758 1128 4853 petit
1152 4758 1200 4832 ab
1226 4756 1302 4832 istis
1318 4757 1365 4831 de
1375 4756 1516 4853 justitia
1533 4753 1611 4849 Dei,

501 4941 528 5007 Ρ)
545 4946 576 4997 Ε.
593 4901 682 5010 prunis
698 4948 796 5010 pariter
811 4944 968 4996 ardentibus.
1125 4944 1154 5007 (Ἴ
1169 4944 1195 4996 S.
1212 4945 1245 4995 de
1261 4944 1331 4996 dicto
1346 4946 1429 5009 siguo.

501 5024 529 5086 (⁸)
544 5024 570 5075 S.
587 5023 704 5075 inbdolts.
1128 5020 1155 5086 (¹)
1171 5020 1201 5074 B.
1217 5022 1381 5073 salutaverit.
