4842 6642
765 845 902 900 caurus
927 847 1117 904 vrorsruus
1142 849 1337 904 sucuuuus.
1561 841 1631 908 297

463 989 757 1083 persuasionem
779 993 805 1064 ii
829 994 900 1064 moi
923 996 1067 1066 concctti
1084 994 1274 1066 sarebbono
1291 999 1451 1087 repressi,
1471 995 1575 1090 idest,
1593 1003 1630 1071 tu

457 1108 535 1203 jam
562 1111 802 1206 expressisses
827 1111 942 1185 verbo
969 1131 1014 1186 ea
1039 1133 1123 1206 quae
1155 1119 1278 1188 niente
1307 1115 1514 1211 concepisti,
1538 1138 1575 1190 sc
1600 1124 1634 1190 tn

464 1232 608 1321 oedem,
629 1233 778 1324 com'io,
807 1232 945 1328 supple,
972 1231 1090 1326 rideo,
1116 1235 1153 1307 io
1176 1223 1304 1324 coritd,
1330 1233 1431 1330 idest,
1459 1257 1630 1333 magnam

463 1348 692 1426 allectionem
720 1351 961 1426 caritativam.
982 1353 1025 1426 Et
1049 1353 1170 1427 subdit
1192 1352 1352 1430 ullerens
1376 1375 1417 1429 se
1441 1354 1488 1430 ad
1513 1355 1634 1430 decla-

464 1471 658 1565 rationem‚
677 1494 738 1546 mo
761 1476 797 1546 io
822 1477 848 1546 n·
868 1466 953 1567 [ord
977 1479 1130 1567 lisposto
1143 1495 1234 1567 pure
1251 1476 1290 1547 ui
1307 1478 1450 1566 pensier
1468 1477 1506 1548 di
1525 1470 1631 1550 cleri

465 1598 491 1668 n·
514 1595 699 1685 riquardo,
718 1593 822 1688 quasi
844 1594 958 1668 dicat:
979 1595 1096 1668 dicam
1119 1595 1201 1688 quis
1218 1593 1298 1688 sim,
1320 1595 1417 1689 quod
1437 1603 1474 1669 lu
1493 1595 1634 1671 deside-

466 1733 526 1788 ras
551 1712 657 1807 scine,
684 1733 752 1788 nec
776 1712 890 1788 audes
917 1722 1116 1809 petere-
1132 1717 1219 1803 onec
1241 1723 1364 1788 monte.
1392 1716 1455 1790 llic
1481 1715 1634 1791 Benedi-

465 1839 546 1906 ctus
575 1832 728 1906 intendit
753 1833 986 1908 manitestare
1017 1854 1076 1922 se;
1102 1840 1140 1909 et
1166 1834 1284 1929 primo
1309 1835 1480 1909 describit
1510 1835 1631 1910 locum
1742 1814 1745 1822 ’

465 1953 528 2026 ubi
554 1953 760 2028 eminenter
784 1953 914 2028 enituit
939 1954 1057 2027 virtus
1086 1955 1177 2029 eius.
1204 1953 1275 2030 Sed
1305 1953 1351 2028 ad
1386 1954 1523 2030 claram
1558 1955 1635 2030 eri-

464 2072 624 2148 dentiam
639 2065 677 2166 (¹)
705 2073 995 2168 subscriptorum
1023 2080 1079 2148 est
1104 2073 1368 2168 praesciendum
1390 2074 1488 2169 quud
1506 2074 1634 2150 beatus

463 2193 664 2288 Gregorius
681 2192 808 2268 doctor
825 2194 909 2267 iecit
933 2193 1011 2268 lere
1037 2200 1156 2268 totum
1175 2194 1308 2268 librum
1329 2194 1564 2290 dialogorum
1583 2195 1629 2270 de

464 2314 537 2387 vita
559 2322 596 2388 et
615 2313 812 2387 virtutibus
829 2313 932 2387 istius
949 2313 1144 2407 Benedicti,
1162 2315 1299 2410 dequo
1325 2315 1493 2420 quaedam
1515 2335 1629 2411 pauca

463 2442 502 2509 et
527 2434 627 2508 utilia
652 2429 792 2530 collegi.
824 2433 916 2507 Dicit
946 2435 1071 2528 itaque
1101 2435 1195 2508 inter
1221 2435 1291 2508 alia
1323 2436 1455 2510 multa:
1483 2435 1549 2508 luit
1576 2435 1631 2508 vir
1718 2487 1724 2502 .

465 2552 683 2627 venerabilis
710 2553 858 2628 nomine
875 2553 1092 2628 Benedictus
1108 2561 1177 2628 etc.
1196 2554 1257 2627 Bis
1274 2554 1468 2650 praemissis
1486 2555 1531 2628 ad
1554 2555 1633 2629 lite·

370 2685 376 2696 '
466 2693 546 2746 ram
583 2671 789 2746 redeamus.
820 2672 912 2746 Dicit
947 2671 1181 2748 Benedictus:
1222 2677 1308 2762 Quot
1335 2684 1461 2765 monte,
1487 2675 1633 2767 scilicet,

466 2794 648 2886 cassinus,
665 2814 689 2865 α
705 2797 761 2866 cni
780 2797 924 2866 cossino
940 2787 962 2868 c*
976 2797 1069 2866 nella
1084 2803 1194 2888 costa,
1214 2795 1317 2888 idest,
1334 2795 1370 2869 in
1393 2795 1498 2870 cuius
1519 2795 1633 2870 latere

466 2915 642 2988 situatum
661 2922 715 2988 est
736 2893 898 2988 castrum
925 2915 1023 3009 quod
1044 2914 1176 2989 dicitur
1194 2916 1396 3009 Cassinum,
1414 2923 1451 2990 et
1469 2916 1633 2990 denomi-

468 3042 577 3109 natur
601 3034 650 3109 ab
675 3033 753 3130 ipso
781 3039 980 3128 monteio
1003 3026 1318 3129 pidsrequentoto,
1346 3036 1447 3129 idest,
1474 3035 1540 3109 init
1565 3056 1632 3109 an-

466 3155 619 3250 tiquitus
644 3154 860 3248 habitatum,
879 3159 916 3228 in
941 3176 983 3228 sn
1008 3157 1045 3228 lo
1069 3158 1161 3228 mmo
1185 3157 1284 3228 dolia
1302 3164 1401 3246 pente
1425 3159 1635 3246 inponente,

466 3275 614 3370 scilicet,
639 3295 793 3372 pagana,
819 3297 838 3347 e
863 3278 938 3348 mol
959 3276 1127 3366 disposta,
1156 3274 1301 3368 scilicet,
1328 3273 1375 3350 ad
1402 3275 1634 3349 serviendum
1666 3365 1672 3384 ἱ

466 3395 714 3472 idolatriae.-
726 3397 782 3468 Ed
797 3398 832 3468 io
848 3415 913 3468 son
930 3396 1017 3486 puel.
1036 3394 1101 3468 llic
1119 3393 1335 3468 Benedictus
1353 3393 1524 3469 describit
1548 3413 1587 3468 se
1615 3414 1636 3468 a

466 3517 643 3614 singulari
661 3535 774 3610 opere
791 3514 890 3609 quod
911 3515 994 3588 tecit
1020 3514 1079 3609 ibi,
1098 3515 1184 3609 quia
1203 3515 1307 3610 pulso
1328 3515 1489 3609 Apolline
1516 3513 1632 3588 mani·

407 3660 412 3667 ·
468 3637 611 3712 lestavit
640 3636 765 3710 incolis
792 3655 921 3710 verum
948 3635 1163 3730 Apollinem,
1189 3635 1325 3710 scilicet
1350 3635 1545 3728 Christum,
1573 3635 1635 3729 qui

468 3764 524 3833 est
548 3778 637 3833 vera
663 3755 837 3852 sapientia
865 3755 987 3850 putris.
1014 3754 1106 3830 Dicit
1130 3775 1241 3851 ergo:
1268 3757 1402 3846 Eque!
1424 3775 1489 3827 son
1516 3757 1552 3827 io
1576 3756 1637 3828 cite

469 3882 503 3952 ui
532 3881 654 3971 portui
681 3880 802 3970 prima
835 3895 877 3948 sn
909 3879 944 3950 lo
977 3895 1079 3948 nome
1108 3876 1147 3948 di
1177 3878 1279 3965 colui,
1314 3873 1460 3966 scilicet,
1494 3873 1636 3967 Cbristi,

467 3999 529 4070 cite
549 4000 587 4070 in
613 4004 711 4070 terra
736 3997 886 4069 addressc
910 3999 947 4068 in
973 3986 1096 4086 veritd,
1113 3995 1259 4089 scilicet,
1278 3994 1449 4086 divinam,
1467 3996 1526 4066 cite
1543 4001 1638 4067 tanto

468 4118 501 4188 ci
524 4116 684 4208 sublimo,
704 4114 807 4207 idest,
826 4135 893 4189 nos
909 4115 1045 4191 exaltat
1061 4115 1099 4188 in
1117 4115 1245 4189 ultima
1263 4136 1369 4210 spera
1387 4114 1616 4210 planetarum
1626 4137 1637 4207 3

467 4235 685 4312 sicutenim
712 4235 821 4309 altius
847 4227 1055 4327 vidimust²l
1083 4235 1363 4331 contemplando
1389 4235 1425 4309 in
1451 4242 1562 4327 terra,
1588 4233 1635 4308 ita

469 4375 569 4430 nuuc
595 4362 764 4430 tenemus
790 4355 956 4430 altiorem
982 4356 1139 4450 gradum
1168 4355 1409 4430 beatitudinis.
1444 4355 1486 4428 Et
1518 4353 1639 4430 subdit

469 4474 656 4571 quomodo
670 4476 804 4571 repulit
817 4475 900 4549 inde
912 4475 1127 4570 Apollinem,
1140 4475 1205 4550 Bei
1219 4475 1338 4572 gratia
1348 4466 1383 4568 (³)
1396 4474 1635 4570 precedente,

468 4597 610 4672 dicens:
637 4617 656 4668 e
681 4603 780 4670 tanto
805 4599 937 4686 grazia
962 4616 1072 4670 soemo
1096 4616 1151 4668 mc
1173 4598 1310 4686 litasse,
1328 4598 1426 4668 cb'io
1442 4597 1584 4668 ritrossi
1608 4596 1639 4668 lc

467 4718 545 4790 ville
568 4718 770 4789 nrcmtentt
793 4718 878 4790 dull'
890 4718 1002 4807 empiu
1026 4717 1130 4804 ndu,
1156 4715 1302 4808 scilicet,
1330 4714 1523 4805 idolorum,
1540 4715 1640 4787 ctic’l

530 4903 558 4963 (¹)
575 4901 605 4953 ΙΞ.
621 4903 776 4954 evidentium
791 4903 1027 4967 mprrrcrtptorum
1043 4909 1070 4950 ct
1086 4903 1292 4964 subscriptorum
1309 4907 1349 4952 est
1365 4901 1560 4965 praesriundum.

531 4981 558 5038 ε’)
575 4978 606 5030 tt.
623 4979 748 5030 ridemus.
996 4976 1025 5040 (⁸)
1041 4977 1070 5027 li.
1086 4977 1133 5028 Bel
1148 4980 1230 5042 gratu
1250 4991 1302 5040 pru
1319 4978 1429 5038 ceteris,
1446 4978 1539 5028 dicens.
