4842 6642
920 783 966 855 ab
1312 797 1518 854 connmuu
1543 800 1712 854 runtmsr
1800 766 1805 775 ’

916 941 1179 1038 prehensibilis
1205 943 1326 1038 primo
1350 946 1598 1040 praesupponit
1623 945 1722 1040 quod
1748 947 1865 1021 multa
1891 953 1978 1021 sunt
2006 967 2093 1043 pre-
2243 1025 2249 1032 ,

917 1061 1007 1137 tiosa
1041 1063 1076 1136 in
1108 1064 1215 1158 coelo,
1250 1085 1335 1158 quae
1367 1084 1440 1137 uon
1472 1072 1625 1159 possunt
1653 1063 1810 1140 describi
1843 1087 1912 1142 nec
1939 1067 2093 1144 manile-

913 1183 1006 1258 stari
1021 1176 1070 1275 (¹).
1104 1182 1207 1259 Unde
1238 1183 1344 1258 dicit:
1378 1188 1484 1259 ltolte
1515 1188 1621 1277 pioic,
1654 1185 1791 1261 scilicet
1821 1186 2031 1264 differentes
2056 1188 2093 1262 in

917 1303 1045 1400 gloria,
1072 1305 1159 1398 quia
1184 1306 1267 1400 plus
1292 1311 1330 1380 et
1354 1306 1478 1380 minus
1502 1314 1614 1401 prout
1638 1313 1724 1380 suut
1749 1329 1902 1402 capaces
1928 1310 2033 1403 illius,
2063 1313 2095 1382 si

917 1433 1045 1498 tropon
1070 1445 1153 1496 core
1177 1446 1196 1497 e
1221 1427 1317 1516 belle,
1342 1425 1436 1500 sicut
1461 1432 1561 1521 patet
1585 1426 1767 1523 sigillatim
1795 1429 1830 1502 in
1855 1451 1976 1524 spera,
1998 1433 2092 1504 nella

917 1553 1011 1620 corle
1036 1548 1094 1619 dcl
1116 1549 1180 1620 ciel
1202 1548 1356 1620 dond'io
1380 1550 1539 1639 rioepno‚
1566 1547 1669 1641 idest,
1694 1547 1741 1624 de
1766 1571 1839 1643 qua
1865 1569 1937 1647 ego
1964 1571 2092 1625 rever·

916 1673 986 1762 tor,
1007 1672 1103 1740 tanto
1127 1669 1188 1740 cle
1211 1687 1284 1739 non
1309 1670 1341 1740 si
1360 1687 1494 1760 poison
1510 1675 1591 1742 tror
1606 1670 1665 1742 del
1678 1689 1803 1762 repca,
1822 1669 1960 1745 scilicet
1975 1671 2090 1746 coele·

915 1789 971 1878 sti,
998 1787 1100 1881 idest,
1127 1787 1222 1862 adeo
1247 1787 1347 1882 quod
1372 1809 1448 1862 uon
1481 1795 1635 1884 possunt
1667 1790 1892 1864 manifestari
1918 1790 1976 1864 bic
2000 1789 2093 1865 inle-

915 1907 992 1982 rius
1011 1907 1189 1983 relatione
1205 1909 1340 2005 linguae
1355 1907 1413 1984 vel
1425 1907 1669 2003 descriptione
1685 1929 1826 2004 penuoe.
1837 1914 1965 1985 -ltil
1975 1918 2091 1984 moto.

916 2029 980 2103 llic
1012 2034 1121 2102 autor
1147 2028 1336 2123 praemissa
1367 2027 1463 2103 dicta
1496 2029 1684 2123 positione,
1711 2029 1797 2104 dicit
1827 2029 1927 2123 quod
1960 2038 2092 2106 cantus

916 2149 1064 2224 illarum
1090 2149 1300 2223 animarum
1327 2155 1382 2223 est
1407 2170 1482 2224 uua
1507 2148 1554 2225 de
1582 2148 1649 2222 illis
1680 2151 1793 2224 rebus
1817 2151 1913 2225 caris
1941 2157 1978 2226 et
2007 2171 2091 2246 pre·

916 2271 1027 2364 tiosis,
1054 2287 1138 2365 quae
1165 2290 1240 2343 non
1265 2276 1416 2365 possunt
1433 2270 1492 2345 bic
1513 2271 1755 2365 manifestari3
1773 2277 1811 2346 et
1831 2271 1913 2347 ideo
1930 2272 1994 2367 qui
2011 2271 2090 2347 vult

916 2391 1011 2464 scire
1036 2389 1083 2463 de
1107 2396 1219 2464 cantu
1244 2390 1306 2463 illo
1331 2391 1541 2465 dulcissimo
1566 2391 1665 2465 volet
1690 2392 1728 2465 in
1752 2393 1891 2466 coelum
1909 2393 2004 2466 sicut
2020 2413 2092 2488 ego

916 2511 997 2606 leci,
1023 2510 1130 2584 aliter
1159 2531 1351 2604 nunquam
1380 2517 1500 2606 posset
1525 2512 1619 2588 scire
1644 2513 1725 2586 boc.
1752 2512 1844 2586 Dicit
1868 2533 1983 2610 ergo:
2010 2515 2092 2586 llil

915 2639 1018 2704 canto
1044 2634 1083 2704 di
1098 2633 1173 2724 que’
1191 2633 1288 2722 lumi,
1305 2631 1408 2726 idest,
1429 2631 1576 2705 illorum
1594 2631 1788 2707 doctorum
1808 2632 2090 2725 luminosorum,

914 2776 979 2830 ero
994 2757 1033 2828 di
1053 2757 1174 2846 poetic,
1202 2753 1305 2846 idest,
1322 2753 1369 2827 de
1385 2752 1454 2826 illis
1465 2753 1647 2848 jocalibus
1663 2754 1758 2828 caris
1775 2761 1813 2828 et
1838 2753 1984 2849 pulcris,
2005 2773 2089 2848 quae

915 2896 987 2948 non
1014 2880 1167 2969 possunt
1191 2873 1286 2947 trabi
1312 2894 1360 2949 ex
1385 2874 1447 2947 illo
1473 2894 1606 2970 regno:
1633 2879 1671 2948 et
1696 2873 1791 2968 ideo,
1808 2877 1862 2947 obi
1884 2896 1958 2948 non
1981 2877 2088 2948 s'im-

909 3017 1044 3088 penno,
1070 2995 1172 3088 idest,
1200 2995 1427 3087 quicumque
1446 3015 1518 3067 non
1540 2994 1732 3088 implumat
1748 3014 1800 3087 se,
1818 2993 1920 3088 idest,
1938 3014 2012 3069 non
2033 2991 2089 3066 in-

914 3115 992 3190 duit
1022 3114 1087 3189 sibi
1119 3135 1258 3209 pennas
1295 3119 1332 3188 et
1369 3114 1446 3188 alas
1482 3113 1749 3209 speculationis,
1781 3115 1877 3189 sicut
1908 3134 1979 3210 ego
2008 3113 2088 3208 leci,

914 3237 1038 3329 aspecti
1062 3237 1093 3308 lc
1117 3237 1250 3307 novelle
1279 3236 1400 3324 quincti
1429 3237 1493 3307 dol
1519 3241 1627 3326 mum,
1658 3236 1763 3329 quasi
1792 3235 1888 3311 dicat
1922 3241 2090 3330 expectet

913 3357 1044 3433 audire
1069 3377 1165 3430 nova
1191 3355 1237 3429 de
1263 3355 1324 3428 illo
1349 3362 1459 3430 cantu
1478 3356 1514 3430 in
1535 3357 1675 3430 mundo
1701 3349 1820 3449 istol')
1847 3363 2004 3449 amulo,
2026 3355 2089 3448 qui

913 3498 1106 3571 uunquam
1132 3475 1229 3550 dicet
1253 3475 1331 3568 sibi,
1358 3477 1461 3569 quasi
1492 3476 1611 3550 dicat:
1643 3477 1679 3551 in
1713 3498 1852 3552 vanum
1886 3475 2090 3571 expectabit

912 3599 1009 3673 scire
1035 3603 1185 3671 cantum
1215 3597 1325 3670 talem
1353 3596 1566 3690 inmundo,
1594 3597 1624 3670 si
1655 3618 1729 3671 nou
1755 3598 1852 3672 volet
1879 3596 2085 3671 mentaliter

912 3721 959 3797 ad
986 3719 1121 3795 coelum
1149 3718 1243 3791 sicut
1260 3738 1330 3813 ego
1350 3717 1478 3791 volavi.
1499 3717 1542 3790 Et
1560 3726 1646 3792 nota
1663 3718 1761 3812 quod
1779 3723 1891 3793 autor
1906 3718 2002 3792 bene
2019 3715 2089 3793 liu-

912 3843 1073 3938 gilboe,
1100 3839 1186 3934 quia
1214 3837 1403 3912 moraliter
1433 3839 1616 3933 loquendo
1642 3841 1730 3913 satis
1755 3846 1873 3935 potest
1898 3838 2087 3934 praedicari

913 3969 950 4040 et
964 3961 1033 4036 dici
1050 3960 1097 4035 de
1115 3959 1306 4034 dulcedine
1323 3966 1464 4053 cantus,
1483 3958 1574 4034 idest
1589 3959 1636 4035 de
1656 3959 1899 4036 delectatione
1914 3958 2088 4034 doctrine

910 4084 1065 4158 istorum
1093 4081 1300 4172 doctorum,
1326 4079 1426 4172 quod
1450 4079 1563 4152 bomo
1587 4079 1706 4175 capiat
1732 4079 1832 4154 illam
1857 4080 1887 4154 si
1915 4101 1988 4154 uon
2014 4100 2086 4175 gu·

910 4210 981 4279 stet
1007 4223 1071 4298 per
1097 4200 1364 4296 experientiam
1389 4206 1427 4275 et
1452 4200 1639 4275 scientiam
1664 4201 1712 4276 de
1737 4201 1820 4295 itta3
1855 4202 1955 4277 unde
1979 4202 2085 4298 igno*

912 4330 1035 4398 rantes
1060 4343 1133 4397 non
1159 4327 1311 4416 possunt
1335 4321 1488 4396 credere
1521 4341 1588 4396 nec
1618 4341 1754 4416 capere
1785 4323 1885 4417 quod
1914 4323 1961 4398 sit
1985 4328 2085 4398 tanta

909 4443 1102 4518 delectatio
1128 4443 1165 4515 in
1191 4441 1441 4537 speculatione
1457 4441 1628 4534 scientim,
1650 4448 1790 4536 quanta
1814 4448 1871 4517 est
1895 4442 1992 4537 apud
2019 4462 2086 4517 ox·

880 4573 882 4580 '
911 4569 1046 4660 portos.
1061 4603 1109 4616 —
1123 4567 1188 4635 Pot
1211 4555 1242 4636 si
1265 4565 1453 4637 conando.
1479 4563 1545 4636 llic
1569 4568 1680 4637 autor
1704 4563 1885 4659 descripto
1915 4569 2019 4638 motu
2049 4569 2088 4638 et

910 4689 1022 4758 cantu
1049 4683 1193 4757 illarum
1220 4684 1442 4776 animarum,
1474 4703 1573 4758 nunc
1600 4682 1772 4758 describit
1805 4683 2083 4760 arrestatiouem

972 4945 1000 5010 (¹)
1016 4944 1042 4996 S.
1060 4944 1194 4997 manifeste
1211 4946 1281 4997 sciri.
1468 4944 1496 5006 (³)
1512 4945 1544 4995 Ε.
1559 4946 1609 4996 lato
1625 4944 1657 4994 ab
1673 4944 1779 4995 bomine
1794 4945 1878 4994 muto.
