4842 6642
813 859 884 927 420
1198 867 1403 923 oouuruu
1429 866 1594 921 rnuaorsr

812 1015 896 1091 dicit
921 1022 1096 1089 nodurno.
1123 1012 1177 1089 Ad
1202 1012 1303 1107 quod
1328 1011 1517 1085 sciendum
1549 1010 1648 1105 quod
1679 1010 1854 1108 astrologi
1880 1012 1986 1087 attri-

813 1136 932 1211 buunt
951 1135 1071 1209 varias
1089 1133 1329 1230 proprietates
1346 1132 1457 1228 signis
1474 1132 1717 1227 planetarum.
1734 1132 1867 1227 Aliqua
1885 1133 1985 1209 enim

813 1262 945 1330 vocant
966 1253 1180 1343 masculina,
1193 1252 1315 1347 aliqua
1333 1251 1533 1345 ioeminina,
1550 1251 1674 1346 aliqua
1693 1251 1838 1346 diurna,
1858 1253 1984 1348 aliqua

813 1382 1004 1467 nocturna,
1031 1376 1154 1469 aliqua
1181 1376 1355 1466 humana,
1381 1372 1503 1467 aliqua
1527 1372 1701 1467 bestiaiia,
1718 1372 1793 1449 alia
1809 1373 1894 1466 dra,
1912 1374 1983 1449 alia

813 1496 958 1571 mobilia
986 1503 1054 1571 etc.
1076 1495 1181 1571 Modo
1198 1493 1246 1569 ad
1263 1493 1511 1589 propositum:
1528 1492 1626 1569 aries
1641 1498 1698 1568 est
1713 1494 1861 1589 signum
1879 1494 1984 1569 diur-

811 1638 913 1711 num,
940 1617 1031 1693 libra
1057 1637 1148 1691 vero
1175 1622 1420 1708 nocturnum;
1438 1614 1521 1689 ideo
1537 1615 1633 1689 bene
1652 1620 1761 1689 vorat
1780 1636 1864 1689 eam
1885 1615 1984 1691 arie-

811 1744 885 1813 tem
913 1744 1134 1813 nocturnum
1162 1742 1312 1832 propter
1336 1735 1628 1811 convenientiam
1655 1756 1768 1830 quam
1788 1737 1899 1811 habet
1922 1757 1984 1811 se·

810 1880 896 1935 cum
919 1860 953 1933 in
972 1859 1209 1953 aequinocti03
1225 1878 1356 1931 sverm
1373 1862 1533 1947 Osanna,
1548 1856 1651 1949 idest,
1664 1862 1788 1931 cantat
1807 1858 1982 1952 hosanna,

810 1980 903 2055 sicut
929 1986 966 2055 et
991 1980 1051 2053 aiii
1065 1971 1100 2071 (¹)
1127 1978 1174 2053 do
1199 1977 1278 2053 aliis
1302 1976 1433 2069 choris,
1453 1982 1496 2049 ut
1514 1975 1652 2049 dictum
1671 1983 1728 2051 est
1743 1978 1866 2071 pautio
1884 1986 1982 2073 ante,

805 2102 1130 2194 perpetualemcnte,
1156 2097 1249 2173 idest
1281 2096 1529 2190 aeternaliter3
1555 2104 1592 2172 et
1616 2095 1713 2189 dicit,
1738 2118 1805 2170 con
1828 2104 1883 2171 tre
1908 2120 1984 2173 me·

811 2222 901 2309 todo,
919 2220 1065 2311 scilicet,
1084 2218 1195 2291 trium
1213 2226 1405 2309 cantuum,
1420 2215 1506 2310 quia
1523 2217 1642 2291 omnis
1659 2216 1751 2292 ordo
1768 2218 1853 2293 iacit
1869 2240 1982 2295 suum

810 2346 960 2415 cantum
995 2339 1201 2413 distinctum
1237 2336 1441 2412 secuudum
1475 2335 1724 2411 diversitatem
1761 2338 1982 2435 officiorum,

810 2459 872 2554 qui
909 2465 1032 2533 tamen
1068 2478 1197 2533 omnes
1232 2456 1387 2532 mirabili
1423 2456 1659 2551 proportione
1688 2458 1913 2533 conveniunt
1945 2468 1984 2535 et

809 2585 1031 2672 consonant3
1051 2576 1149 2653 unde
1165 2577 1268 2653 dicit:
1286 2580 1324 2651 in
1343 2584 1398 2651 tre
1412 2579 1533 2651 ordiri
1550 2578 1589 2650 di
1604 2580 1735 2668 odric,
1756 2577 1859 2673 idest,
1876 2579 1983 2654 exul-

810 2698 967 2774 tantium
985 2698 1217 2795 angelorum,
1234 2699 1325 2771 unda
1340 2699 1532 2789 sinuum,
1549 2696 1653 2790 idest,
1670 2717 1717 2773 ex
1735 2697 1870 2792 quibus
1893 2720 1984 2775 oon-

809 2818 972 2893 stituitur
997 2818 1073 2913 ipse
1099 2817 1292 2893 ternarius.
1305 2820 1413 2890 -Io
1435 2800 1618 2891 cornilio
1634 2817 1781 2892 Beatrix
1798 2817 1983 2913 specificat

809 2938 1024 3015 nominatim
1050 2939 1146 3033 ipsos
1173 2945 1247 3013 tres
1271 2936 1430 3031 ordines,
1450 2957 1497 3012 ex
1521 2937 1657 3031 quibus
1681 2944 1738 3012 est
1762 2939 1982 3015 constitutus

809 3060 876 3135 iste
910 3058 1093 3136 secundus
1124 3057 1318 3151 ternarius,
1344 3056 1488 3133 dicens:
1519 3062 1565 3131 La
1594 3065 1647 3132 tre
1670 3061 1744 3150 doe,
1770 3058 1875 3153 idest,
1902 3060 1983 3135 dei-

809 3186 1006 3275 latescunt
1035 3183 1072 3253 in
1097 3200 1175 3253 esso
1202 3181 1405 3270 perorem,
1433 3178 1582 3273 scilicet,
1607 3178 1767 3254 secunda
1798 3180 1981 3275 praedicta.

809 3300 948 3377 Dicitur
972 3306 1099 3375 autem
1124 3301 1313 3390 perarcdiu
1337 3306 1406 3375 etc.
1425 3300 1470 3374 Et
1494 3320 1582 3375 ecce
1606 3321 1709 3393 quae:
1728 3302 1850 3393 pomo
1868 3303 1983 3375 dom

807 3424 965 3511 nozioni,
982 3420 1092 3495 huius
1109 3421 1272 3497 officium
1299 3426 1355 3495 est
1379 3427 1464 3515 etc,
1481 3444 1501 3495 e
1516 3424 1579 3514 poi
1604 3424 1746 3514 virtudi,
1770 3422 1882 3497 huius
1902 3422 1984 3499 offi-

807 3542 907 3619 cium
934 3547 989 3616 est
1014 3546 1081 3617 etc.
1109 3540 1154 3615 Et
1178 3540 1281 3615 dicit:
1306 3543 1468 3615 iordane
1492 3548 1590 3615 terzo
1615 3538 1637 3615 e*
1658 3544 1697 3615 di
1717 3545 1927 3637 podmtadi;
1943 3550 1982 3619 et

808 3663 917 3741 huius
942 3661 1104 3737 officium
1123 3670 1178 3737 est
1195 3668 1264 3737 etc.
1278 3702 1328 3715 -
1341 3665 1477 3735 Porcio.
1498 3662 1563 3737 Hic
1580 3654 1775 3755 Beatrixffl
1792 3662 1982 3761 distinguit

808 3784 958 3861 tertium
985 3783 1201 3877 ternarium,
1227 3782 1265 3855 in
1290 3804 1366 3877 quo
1381 3791 1502 3878 potest
1517 3784 1757 3880 contemplari
1777 3804 1925 3858 summa
1941 3790 1980 3859 et

806 3903 1074 3981 ferventissima
1091 3904 1226 3979 caritas
1242 3903 1396 3999 Spiritus
1408 3903 1542 3997 Sancti,
1555 3903 1693 3979 dicens:
1707 3908 1835 3979 Poscia
1844 3908 1979 3997 miod-

802 4028 877 4119 poti
895 4032 929 4099 et
950 4028 1133 4117 monopoli
1150 4028 1327 4116 conano
1347 4027 1401 4098 net
1418 4026 1489 4099 dno
1503 4028 1682 4117 pontimi
1699 4028 1856 4118 madii,
1875 4025 1979 4121 idest,

806 4143 994 4219 ordinibus
1020 4144 1083 4239 qui
1108 4144 1144 4219 in
1170 4143 1309 4219 circuio
1326 4145 1385 4218 rei
1402 4151 1483 4218 rota
1501 4152 1710 4238 moventur,
1726 4144 1822 4220 sicut
1846 4144 1895 4219 iili
1914 4149 1978 4240 qui

807 4264 1006 4361 tripudium
1024 4264 1180 4341 iaciunt:
1198 4265 1446 4360 Principatum
1464 4264 1628 4341 odicium
1646 4271 1702 4340 est
1718 4272 1787 4343 etc.
1814 4268 1980 4341 Archan-

805 4387 975 4485 gelorum
1001 4386 1165 4462 officium
1191 4393 1248 4463 ost
1272 4392 1341 4461 eto.
1369 4386 1414 4459 Et
1437 4386 1542 4460 dicit:
1560 4389 1727 4478 tutuno,
1744 4386 1892 4480 scilicet,
1913 4387 1980 4461 tri-

807 4506 971 4603 pudium,
998 4503 1018 4581 e*
1041 4513 1124 4583 trito
1148 4508 1339 4597 d'nnpettci
1364 4508 1449 4597 tadi,
1474 4505 1578 4600 idest,
1604 4506 1742 4581 tactum
1766 4526 1815 4582 ex
1839 4509 1980 4604 augetis

807 4626 1017 4703 ludentibus
1042 4634 1080 4702 et
1105 4626 1321 4703 testantibus
1344 4625 1456 4699 simrd
1480 4646 1567 4700 cum
1594 4626 1673 4701 aliis
1696 4646 1822 4701 coram
1840 4634 1979 4702 aeterno

869 4862 896 4921 υ)
912 4860 937 4910 s.
953 4861 1020 4911 ocur
1035 4860 1073 4911 nu
1089 4860 1121 4911 ue
1137 4860 1281 4911 run-n.
1297 4859 1364 4910 nour
1379 4864 1407 4909 er
1422 4858 1462 4909 nu
1478 4846 1511 4909 at
1527 4858 1592 4909 arro.

870 4933 898 4998 ξ’]
913 4936 944 4987 E.
955 4936 1059 4987 Beatrix
1075 4937 1196 4987 describit
1211 4938 1237 4986 iu
1254 4936 1368 5000 generati
1386 4936 1542 4999 principium
1559 4942 1587 4986 ot
1601 4935 1724 4987 enectum
1739 4936 1844 4987 virtutis
1859 4938 1977 4987 omniurn

807 5013 927 5065 ordinum
945 5016 1164 5077 proscriptorum,
1180 5014 1285 5065 dimus:
1306 5014 1393 5077 Quart
1407 5014 1494 5065 ordini
1506 5019 1560 5065 etc.
1575 5013 1626 5064 Sed
1638 5013 1716 5077 ⁴{rrius
1730 5013 1873 5078 maun.
