4842 6642
796 848 934 904 cunulis
959 848 1117 905 neamus
1141 850 1324 906 ammos.
1574 839 1645 906 197

472 991 574 1087 idest,
601 990 701 1067 initia
727 1013 950 1089 magnorum
976 994 1159 1069 laetorum
1185 996 1330 1091 publice
1350 997 1592 1092 apparebunt,
1608 998 1647 1069 in

472 1134 545 1187 non
564 1134 674 1187 orror
691 1115 726 1187 d'
737 1120 899 1206 arpenta,
916 1110 963 1189 nd
979 1117 1014 1188 d’
1027 1118 1175 1209 affatui.
1198 1116 1242 1189 ut
1263 1136 1352 1191 rere
1371 1123 1482 1191 autor
1498 1116 1536 1191 in
1553 1116 1647 1191 duo-

471 1234 542 1309 bus
567 1233 690 1310 rerbis
715 1234 876 1311 breviter
901 1236 1036 1333 colligit
1061 1237 1147 1333 duo,
1168 1257 1254 1332 quae
1272 1236 1509 1313 reddiderunt
1527 1237 1646 1311 bomi-

474 1377 559 1431 nem
577 1355 688 1430 istum
705 1356 920 1453 gloriosum,
934 1357 1081 1453 scilieet,
1095 1358 1366 1456 magnificentia
1378 1358 1415 1432 in
1428 1357 1645 1453 sumptibus,

474 1482 511 1553 et
535 1476 690 1552 audacia
716 1476 753 1550 in
778 1476 893 1572 bello;
924 1497 1008 1571 quae
1034 1479 1108 1553 duo
1134 1478 1302 1554 lecerunt
1326 1480 1485 1555 famosos
1512 1478 1647 1551 multos

473 1595 639 1671 dominos
665 1596 823 1691 vitiosos,
849 1616 1012 1691 quorum
1037 1598 1179 1692 aliquos
1205 1618 1277 1695 ego
1308 1599 1411 1673 novi:
1444 1598 1527 1673 vide
1556 1618 1647 1694 ergo
1766 1588 1772 1603 “

475 1738 585 1811 quarn
619 1716 918 1793 oommendabilis
951 1724 1007 1793 est
1041 1718 1158 1793 virtus
1191 1719 1427 1815 liberalitatis,
1459 1739 1544 1815 quae
1579 1718 1647 1793 ali-

475 1836 621 1931 quando
647 1836 736 1933 tegit
752 1835 1026 1913 multitudinem
1046 1838 1219 1914 vitiorum
1238 1839 1275 1913 in
1291 1839 1450 1915 bomine.
1474 1841 1535 1913 Est
1554 1860 1646 1937 ergo

473 1957 674 2052 sciendum,
700 1957 800 2053 quod
825 1958 892 2033 ista
918 1958 1035 2034 virtus
1060 1959 1230 2055 praeluxit
1251 1960 1288 2033 in
1308 1960 1377 2035 isto
1397 1982 1525 2056 puero.
1552 1962 1644 2035 Nam

473 2079 561 2154 dnm
588 2086 693 2176 pater
719 2079 799 2155 eius
823 2079 987 2155 duxisset
1011 2101 1100 2156 eum
1126 2081 1242 2156 semel
1266 2080 1313 2155 ad
1339 2079 1538 2156 videndum
1565 2100 1646 2154 ma-

472 2220 588 2297 gnum
614 2201 843 2295 thesaurum,
869 2200 938 2275 iste
962 2199 1057 2275 illico
1088 2200 1218 2276 levatis
1251 2200 1379 2296 pannis
1410 2199 1505 2274 misit
1534 2219 1646 2294 super

473 2341 578 2416 eum;
605 2341 649 2396 ex
687 2340 762 2415 quo
796 2340 926 2395 omnes
959 2326 1164 2416 spectantes
1192 2321 1455 2417 judicaverunt
1488 2320 1645 2395 deeius

472 2441 597 2515 lutura
640 2440 888 2515 munificentia
926 2461 993 2537 per
1030 2441 1141 2516 istum
1179 2448 1432 2536 contemptum
1472 2440 1646 2537 pecunia·

473 2583 559 2636 rum
578 2562 701 2637 stelit
713 2561 783 2636 boe
799 2559 880 2635 dieo
898 2561 987 2636 erit:
996 2564 1084 2655 prta
1100 2565 1160 2637 ele
1175 2564 1202 2636 'l
1219 2566 1370 2653 Gnosso,
1386 2560 1534 2657 seilicet,
1552 2580 1646 2657 papa

472 2682 642 2758 Clemens
665 2682 712 2757 de
737 2682 924 2778 vasconia,
949 2686 1099 2773 inponat
1123 2686 1231 2757 lullo
1254 2686 1403 2775 Ampe,
1430 2682 1532 2778 idest,
1563 2703 1645 2757 ma·

472 2803 690 2901 guanimum
715 2801 915 2877 llenrioum
947 2801 1209 2898 imperatorem
1234 2801 1281 2878 de
1305 2802 1566 2900 Lueimburgo.
1593 2802 1647 2876 lie

474 2924 542 2999 ista
574 2922 788 3017 deceptione
819 2922 961 2997 dicetur
992 2921 1087 2998 inira
1120 2922 1279 3018 capitulo
1304 2923 1415 2996 XXX.
1450 2924 1494 2995 ut
1524 2921 1647 2996 subdit

474 3040 805 3120 manifestationem
832 3063 976 3140 magnae
993 3042 1218 3118 liberalitatis
1238 3043 1348 3117 buius
1364 3043 1483 3138 Canis,
1500 3043 1645 3119 dicens:

473 3170 504 3241 lo
527 3186 588 3240 sue
617 3167 878 3258 mopmlioenze,
911 3164 1180 3262 magnificentia
1214 3163 1313 3239 enirn
1343 3170 1399 3239 est
1430 3164 1577 3261 proprie
1609 3165 1647 3239 in

472 3285 615 3384 magnis
640 3285 858 3381 sumptibus,
874 3305 1035 3359 suranna
1060 3305 1198 3358 aurora
1219 3287 1426 3377 eormstiute,
1443 3285 1542 3379 quod
1559 3306 1648 3380 pro·

472 3407 547 3502 bat,
572 3406 711 3481 dicens:
737 3399 781 3497 sl,
806 3407 867 3480 cte
890 3409 904 3479 i
926 3408 1005 3480 moi
1028 3408 1151 3481 nemici
1174 3427 1248 3479 oon
1272 3426 1317 3479 ne
1335 3411 1469 3499 ροιναη
1495 3412 1591 3478 ouer
1615 3409 1647 3480 le

472 3530 588 3620 limae
612 3532 712 3600 mut.
739 3526 824 3601 llaeo
850 3532 905 3601 est
930 3526 1028 3601 enim
1054 3528 1259 3622 proprietas
1285 3526 1441 3620 virtutis,
1459 3545 1545 3620 quae
1561 3525 1645 3600 red-

472 3648 524 3723 dit
547 3647 745 3723 amabilem
770 3647 881 3723 etiam
907 3647 1088 3741 odiosum,
1106 3654 1143 3723 et
1162 3646 1384 3723 laudabilem
1410 3668 1484 3721 non
1510 3647 1643 3722 risum.

448 3774 564 3843 ·-Α
591 3771 650 3843 lui.
676 3768 741 3843 llic
765 3766 1007 3866 Caeciaguida
1032 3766 1210 3862 promittit
1235 3786 1338 3861 spem
1356 3766 1478 3841 autori
1494 3766 1531 3841 in
1548 3765 1645 3843 dieto

473 3889 573 3964 Cane
596 3886 744 3983 Grandi,
769 3887 967 3963 dioenstd
999 3890 1049 3962 lui
1077 3890 1246 3980 tuspetta
1275 3893 1309 3961 et
1336 3888 1372 3959 d
1383 3889 1461 3960 suoi
1484 3888 1645 3982 teneto,-

474 4027 560 4081 nam
587 4007 633 4083 de
658 4007 713 4083 rei
738 4008 892 4082 veritate
917 4006 985 4082 iste
1010 4006 1117 4082 Canis
1142 4006 1303 4080 multum
1326 4006 1519 4097 bonoravit
1534 4015 1645 4083 auto·

475 4146 567 4222 rem,
593 4126 712 4203 dando
736 4127 803 4202 sibi
828 4125 1075 4223 provisionem
1092 4146 1214 4222 suam,
1231 4134 1269 4203 et
1285 4125 1322 4201 in
1339 4126 1464 4200 multis
1481 4126 1645 4224 eompla-

473 4248 590 4324 condo
611 4248 695 4343 sibi;
712 4248 795 4323 ideo
814 4254 925 4323 autor
949 4268 1023 4322 non
1040 4246 1239 4323 immemor
1255 4245 1532 4342 beneficiorum,
1549 4248 1645 4323 bene

473 4368 590 4444 reddit
615 4368 681 4444 sibi
700 4368 909 4445 mercedem
927 4388 1034 4442 suam
1052 4375 1089 4443 et
1106 4368 1203 4443 ultra
1220 4367 1398 4463 debitum,
1415 4368 1510 4443 sieut
1532 4368 1642 4444 vides.

471 4489 515 4563 Et
539 4488 678 4564 subdit:
701 4511 769 4583 per
793 4491 843 4565 lui
862 4492 914 4581 flu
938 4494 1148 4563 trasmutotu
1172 4493 1280 4564 molto
1303 4495 1417 4580 oute,
1442 4489 1530 4583 quia
1554 4490 1645 4566 alios

472 4602 707 4704 exaltavit(¹)‚
732 4609 823 4685 alios
848 4608 1070 4704 bumiliarit3
1096 4608 1178 4685 ideo
1203 4603 1307 4683 dicit:
1325 4610 1535 4684 eumundo
1559 4631 1644 4684 eon-

472 4732 594 4804 dision
618 4732 726 4803 ticoli
749 4753 768 4803 e
792 4732 963 4824 meldim
984 4729 1070 4824 quia
1095 4729 1207 4823 aliqui
1232 4728 1362 4805 divites
1382 4732 1645 4826 pauperabun⁴

536 4998 564 5060 ρ)
579 4992 610 5043 E.
625 4988 755 5049 enitebit,
771 4988 835 5039 alios
850 4988 1004 5041 bumlllrbit.
