4842 6642
765 770 905 827 CANTUS
930 772 1147 827 veremudus
1171 769 1316 825 PRIMUS.
1552 757 1623 823 475

453 919 618 994 velectus
635 917 722 1012 quia
743 937 817 992 non
840 915 980 991 viderat
997 914 1213 1007 beatricem,
1232 913 1358 1010 petivit
1375 896 1478 988 illum
1497 933 1624 988 senem

451 1040 499 1116 de
523 1061 588 1133 ea;
614 1037 702 1134 quia
727 1037 826 1113 enim
843 1045 954 1113 autor
971 1036 1125 1112 credens
1146 1034 1272 1110 videre
1292 1035 1496 1111 Beatricem
1523 1034 1635 1110 vide-1

454 1165 510 1234 rat
535 1159 658 1234 virum
684 1177 824 1250 senem,
841 1155 923 1231 ideo
946 1176 1050 1231 more
1075 1154 1170 1230 illius
1195 1155 1259 1249 qui
1285 1153 1399 1229 credit
1427 1152 1626 1250 perdidisse

453 1300 559 1354 suam
580 1283 752 1369 scortam,
772 1275 903 1351 timens
929 1276 1017 1372 petit
1040 1297 1063 1351 a
1087 1275 1183 1350 dicto
1200 1295 1289 1350 sene
1306 1275 1352 1349 de
1370 1295 1414 1350 ea
1431 1293 1544 1350 causa
1563 1291 1625 1348 re-

453 1398 662 1495 cuperandi.
689 1397 809 1473 Unde:
836 1403 880 1488 Ε,
904 1399 987 1470 diss)
999 1399 1035 1469 io
1058 1397 1183 1487 sabim,
1208 1395 1356 1490 scilicet,
1377 1395 1426 1468 illi
1452 1394 1625 1487 seniove

452 1515 588 1601 deda?
611 1524 650 1592 et
677 1517 852 1592 continuo
882 1516 1003 1590 subdit
1035 1514 1310 1611 responsionem
1342 1515 1449 1608 senis,
1478 1513 1623 1589 dicens:

453 1643 535 1715 ond'
548 1641 628 1731 epti,
647 1639 786 1734 supple,
804 1638 864 1712 ille
888 1657 1001 1712 senex
1028 1635 1232 1731 respondit:
1260 1639 1418 1709 Beabice
1439 1653 1551 1707 mosee
1568 1654 1623 1706 me

454 1762 511 1835 det
533 1762 610 1833 tom
635 1763 718 1852 mio,
735 1757 839 1854 quasi
859 1757 974 1832 dicat:
1001 1755 1147 1831 Beatriu
1170 1755 1318 1830 recessit
1343 1776 1366 1830 a
1391 1761 1439 1847 te,
1463 1760 1501 1828 et
1526 1753 1625 1827 venit

454 1882 499 1957 ad
527 1901 599 1974 me,
625 1886 662 1955 et
687 1879 771 1954 lecit
797 1898 858 1953 me
884 1877 1011 1953 venire
1035 1876 1080 1950 ad
1108 1883 1156 1969 te,
1181 1897 1207 1948 a
1232 1879 1402 1950 erminur
1427 1877 1461 1949 to
1487 1881 1545 1948 tto
1569 1876 1625 1947 di-

455 2005 541 2095 siro,
570 2001 672 2094 idest,
698 2021 810 2076 causa
835 1998 1041 2093 complendi
1067 1996 1289 2072 desiderium
1317 2003 1436 2090 tuum,
1463 2001 1507 2068 ut
1531 1995 1627 2070 scili-

455 2128 524 2216 cet,
542 2121 687 2196 videres
710 2140 900 2195 summum
919 2120 1072 2212 bonum,
1089 2119 1149 2193 cui
1170 2117 1305 2194 amodo
1326 2137 1366 2192 es
1388 2115 1625 2212 propinquus.

454 2241 557 2316 Unde
583 2247 668 2316 nota
693 2241 793 2335 quod
817 2241 911 2316 sicut
936 2240 1082 2315 beatrix
1100 2238 1286 2314 descendit
1306 2238 1352 2312 ad
1374 2237 1557 2312 inlernum
1581 2234 1625 2311 ad

455 2362 659 2459 Virgilium,
678 2369 716 2437 et
737 2362 833 2436 misit
858 2363 976 2458 ipsum
1003 2362 1041 2435 in
1066 2380 1286 2435 succursum
1306 2355 1459 2453 autoris,
1477 2359 1539 2454 qui
1559 2378 1625 2453 per

456 2503 496 2558 se
520 2504 594 2557 non
619 2489 763 2579 poterat
786 2483 890 2558 exire
916 2483 1048 2557 vallem
1075 2481 1271 2574 vitiorum3
1298 2480 1347 2556 ite
1373 2501 1471 2554 nunc
1496 2499 1625 2555 ascen·

456 2602 508 2676 dit
531 2602 579 2677 ad
604 2603 845 2698 Bernardum,
871 2623 982 2698 quern
1010 2601 1108 2675 misit
1139 2600 1176 2674 in
1206 2601 1371 2674 levorem
1398 2599 1538 2675 autoris
1563 2599 1626 2692 qui

457 2744 590 2819 perse
616 2744 689 2798 non
715 2730 858 2819 poterat
882 2722 1080 2798 ascendere
1104 2722 1151 2796 ad
1177 2721 1349 2795 ultimum
1375 2721 1484 2796 linem
1512 2719 1627 2795 beati·

458 2843 604 2918 tudinis.
623 2844 667 2917 Et
683 2843 805 2918 subdit
822 2844 921 2938 quod
937 2843 1085 2918 Beatrix
1102 2842 1263 2918 ascendit
1280 2841 1404 2917 sedem
1427 2841 1626 2937 propriam,

460 2965 558 3039 unde
583 2963 714 3040 melius
747 2964 858 3059 possit
887 2964 1126 3059 contemplari
1156 2965 1288 3057 Deum,
1318 2962 1461 3038 dicens:
1487 2984 1506 3035 e
1530 2967 1565 3035 tu
1590 2963 1628 3034 ld

457 3088 616 3160 rr'vedrui
640 3089 699 3160 nel
722 3092 838 3177 trono,
856 3085 958 3179 idest,
984 3085 1022 3159 in
1049 3084 1146 3177 sede,
1167 3087 1228 3158 ebe
1251 3088 1265 3158 i
1289 3088 1366 3158 suoi
1385 3087 1486 3158 nterti
1502 3087 1533 3157 le
1547 3103 1629 3158 sor·

458 3208 543 3297 tiro,
559 3205 660 3299 idest,
681 3205 744 3301 qui
764 3206 918 3280 tbronus
943 3205 1075 3280 merito
1100 3204 1167 3277 sibi
1191 3203 1393 3278 destinatus
1418 3211 1497 3297 est3
1518 3211 1555 3279 et
1579 3203 1633 3277 di-

458 3326 522 3400 cit:
543 3349 580 3399 se
596 3328 762 3418 riquardi
784 3348 827 3399 su
850 3328 909 3400 net
932 3333 1029 3400 terzo
1054 3328 1136 3417 piro
1160 3327 1224 3398 dcl
1248 3345 1383 3398 sommo
1407 3327 1535 3416 prado.
1557 3325 1633 3398 Hoc

458 3447 704 3522 declarabitur
730 3447 852 3522 statim
879 3446 915 3519 in
940 3445 1099 3541 capitulo
1125 3443 1305 3539 sequenti,
1329 3443 1392 3517 ubi
1417 3442 1631 3518 ostendetur

459 3567 645 3662 quomodo
670 3567 708 3640 in
733 3567 842 3642 tertio
866 3566 986 3663 gradu
1012 3565 1114 3640 sedet
1138 3565 1284 3659 Rachel,
1311 3585 1395 3659 quae
1428 3562 1630 3660 figuraliter

457 3687 634 3782 accipitur
659 3708 726 3782 pro
753 3687 827 3761 vita
858 3684 1151 3780 contemplativa,
1177 3705 1264 3758 cunr
1299 3705 1373 3778 qna
1406 3683 1539 3758 merito
1575 3688 1631 3756 est

458 3809 594 3882 sociata
619 3808 779 3901 Beatrix,
806 3828 889 3902 quae
916 3806 1077 3880 maxime
1102 3811 1157 3880 est
1183 3804 1332 3879 lundata
1359 3810 1395 3880 et
1422 3793 1566 3878 firmata
1592 3802 1630 3878 in

458 3928 774 4023 contemplatione.
803 3927 903 4002 Unde
919 3927 996 4021 ipsa
1014 3925 1161 4000 beatrix
1177 3924 1263 3999 dicit
1284 3923 1445 4000 secundo
1470 3923 1630 4019 capitulo

459 4049 613 4124 lulerni:
631 4051 683 4121 clt'
694 4052 731 4121 io
750 4050 798 4121 mi
813 4050 917 4122 sedec
933 4069 1000 4120 con
1017 4050 1170 4120 tondeo
1190 4047 1346 4120 Boebeia.
1360 4085 1409 4100 -
1422 4049 1547 4119 Senzu.
1566 4044 1631 4118 llic

459 4176 569 4243 autor
594 4167 750 4244 ostendit
771 4167 959 4263 quomodo
976 4164 1022 4241 ad
1040 4167 1153 4240 verba
1168 4165 1344 4241 Bernardi
1367 4166 1483 4240 lactus
1503 4163 1632 4237 avidus

461 4288 649 4364 revidendi
669 4288 894 4381 ¹Beatricem,
921 4286 1042 4361 statim
1063 4286 1181 4362 erexit
1198 4286 1317 4360 visum
1336 4305 1497 4377 sursum,
1516 4291 1553 4358 et
1569 4282 1633 4357 de-

460 4410 587 4485 scribit
613 4411 760 4504 qualem
788 4407 919 4483 viderit
943 4427 1038 4482 earn.
1061 4406 1163 4482 Unde
1187 4407 1290 4482 dicit:
1309 4411 1351 4480 lo
1367 4409 1459 4482 leodi
1473 4407 1523 4496 pti
1539 4406 1634 4476 occdi

460 4551 515 4622 su,
532 4529 679 4624 scilicet,
697 4528 971 4621 intellectuales,
983 4549 1091 4601 sezzo
1107 4531 1308 4620 reponder,
1324 4527 1460 4601 scilicet
1477 4524 1524 4598 illi
1543 4523 1631 4598 seni.

463 4650 562 4726 Unde
588 4637 792 4725 benedicit
818 4650 950 4724 isaias:
977 4649 1113 4723 Sedebit
1141 4651 1320 4722 solitarius
1344 4655 1377 4721 et
1400 4647 1520 4721 tacebit
1550 4647 1632 4736 quia

461 4772 588 4844 leuauit
610 4793 648 4844 se
672 4793 785 4865 supro
808 4794 854 4845 se.
882 4769 918 4844 Si
939 4789 1030 4866 ergo
1051 4769 1185 4842 Dantes
1202 4769 1282 4864 jarn
1305 4789 1345 4843 se
1364 4768 1551 4842 levaverat
1567 4784 1632 4838 sn·

462 4914 527 4988 pra
554 4913 659 4966 suam
687 4898 871 4986 naturam,
899 4897 939 4964 ut
966 4889 1081 4984 patuit
1106 4889 1265 4984 capitulo
1290 4884 1521 4984 praeoedenti,
1550 4883 1631 4960 ideo
