4842 6642
792 872 930 928 caurus
956 875 1113 930 moruus
1138 877 1282 931 serres.
1550 871 1616 936 161

446 1017 597 1112 Expone
614 1037 705 1115 ergo
723 1023 761 1094 et
780 1024 955 1094 construe
980 1019 1031 1094 sio
1057 1019 1220 1094 literam:
1246 1029 1364 1110 merto
1377 1026 1496 1117 suoru,
1518 1024 1621 1119 idest,

448 1140 555 1233 Mars,
583 1138 646 1233 qui
673 1145 728 1214 est
744 1130 781 1231 (⁴)
809 1143 953 1214 naturae
978 1139 1108 1235 ignem,
1129 1146 1170 1214 ut
1181 1140 1260 1236 jam
1279 1161 1377 1237 saepe
1401 1142 1538 1218 dictum
1556 1153 1623 1238 est,

449 1281 559 1334 venne
575 1282 600 1333 a
616 1263 874 1352 mattommorsi
888 1267 977 1334 sotto
996 1264 1032 1335 lo
1047 1281 1113 1335 suo
1125 1264 1266 1354 umato,
1282 1261 1385 1357 idest,
1403 1264 1472 1338 sub
1490 1264 1623 1359 Ariete,

445 1381 509 1475 qui
536 1387 578 1455 ut
603 1381 715 1475 aliqui
741 1381 870 1455 volunt
894 1387 950 1456 est
974 1381 1197 1457 domicilium
1223 1383 1357 1479 Martis,
1375 1387 1415 1458 ul
1431 1406 1495 1459 ouo
1516 1391 1622 1475 Leon

351 1591 353 1595 Ι
446 1501 483 1575 in
509 1521 586 1595 quo
612 1499 707 1576 forte
733 1499 843 1575 modo
868 1506 969 1592 erat3
996 1503 1055 1576 vel
1080 1503 1127 1577 de
1155 1497 1256 1577 tutio'
1279 1503 1456 1602 Augusto,
1482 1508 1622 1598 dnoue-

447 1627 547 1694 cento
573 1622 762 1712 momenta
788 1641 807 1694 e
830 1627 944 1694 uento
956 1623 1064 1714 llum
1084 1641 1171 1697 nam
1191 1623 1297 1717 Mars,
1316 1630 1358 1696 ut
1375 1625 1622 1701 communiter

447 1739 594 1833 dieitur,
620 1738 705 1814 fauit
730 1759 885 1814 cursum
911 1761 1021 1814 suum
1048 1761 1116 1836 per
1139 1748 1259 1818 totum
1285 1745 1477 1819 zodiacum
1503 1745 1621 1840 spatio

450 1859 610 1934 duorum
640 1880 837 1955 annorum,
858 1866 897 1936 ot
914 1859 965 1935 sio
981 1861 1160 1936 calculata
1177 1862 1273 1938 bene
1290 1863 1431 1940 ratione
1451 1865 1622 1940 videntur

447 1998 530 2054 asse
555 1979 641 2053 anni
669 1980 767 2055 mille
790 1979 1000 2076 sexaginta3
1018 1980 1118 2075 quod
1136 1987 1260 2057 umen
1279 1991 1375 2059 esset
1394 1986 1538 2079 penitus
1555 1985 1622 2059 ial-

448 2118 554 2193 sum3
582 2099 664 2174 ideo
689 2100 735 2174 ad
761 2099 1020 2174 verificandam
1052 2099 1195 2176 literam
1230 2103 1370 2176 autoris
1402 2110 1458 2178 est
1490 2104 1622 2179 adver-

413 2231 415 2236 ’
447 2219 614 2315 tondum,
640 2220 740 2315 quod
765 2221 861 2293 Mars
886 2239 959 2294 non
985 2225 1056 2293 stat
1080 2239 1147 2314 per
1176 2220 1365 2295 biennium
1396 2223 1620 2318 completum

446 2339 493 2414 ad
517 2340 771 2438 peragendum
797 2360 951 2415 cursum
982 2361 1112 2415 suum:
1130 2340 1246 2417 immo
1263 2342 1451 2437 alquanto
1476 2345 1619 2441 minus;

400 2475 409 2490 ·
446 2459 546 2536 unde
572 2460 666 2536 lacta
687 2459 962 2556 computatione
980 2466 1119 2536 restant
1135 2462 1221 2536 anni
1239 2463 1339 2537 mille
1356 2464 1620 2563 quinquaginta

445 2586 622 2675 quatuor.
642 2581 686 2654 Et
710 2581 780 2656 hoo
804 2581 905 2655 dico:
924 2584 983 2653 Da
1002 2584 1081 2673 quel
1104 2573 1141 2654 di
1165 2583 1280 2675 atem
1298 2585 1408 2656 detto:
1427 2591 1513 2676 Ave,
1529 2585 1621 2660 idest

443 2701 493 2774 ab
514 2699 799 2776 annuntiatione
824 2701 993 2798 Virginis,
1019 2703 1058 2774 ot
1078 2709 1198 2794 porto,
1224 2701 1326 2797 idest,
1346 2705 1532 2798 usquead
1553 2724 1617 2780 na·

448 2819 626 2894 tivitatem
654 2840 789 2896 meam.
808 2820 911 2896 Unde
935 2820 1038 2896 dicit:
1064 2824 1102 2896 in
1127 2823 1199 2913 ate,
1216 2821 1318 2915 idest,
1336 2823 1374 2896 iu
1399 2844 1474 2917 quo
1500 2830 1619 2918 partu,

445 2942 522 3012 mia
546 2943 671 3014 madre
695 2937 781 3015 elt'd
802 2963 847 3014 or
870 2948 989 3032 sunm,
1014 2948 1052 3018 et
1077 2943 1128 3018 sio
1153 2943 1254 3038 ponit
1278 2963 1361 3018 eam
1379 2944 1417 3017 in
1436 2944 1616 3039 paradiso,

444 3052 614 3134 sidkuid
637 3063 676 3134 di
699 3081 767 3152 me,
788 3060 874 3155 quia
899 3060 1068 3156 deposuit
1084 3083 1178 3137 onus
1195 3063 1304 3156 uteri,
1320 3066 1402 3136 ond
1414 3084 1479 3136 ero
1494 3083 1619 3154 orave,

445 3181 548 3275 idest,
574 3201 621 3256 ex
647 3201 724 3274 quo
749 3200 812 3255 me
837 3187 918 3255 erat
942 3180 1105 3276 gravida.
1119 3221 1169 3236 -
1184 3184 1241 3255 uti
1265 3185 1402 3258 andeli
1429 3183 1494 3258 llio
1526 3182 1619 3258 Cae·

444 3299 613 3398 oiaguida
632 3299 827 3396 respondet
843 3299 972 3395 primae
988 3301 1163 3396 petitioni,
1177 3309 1215 3377 et
1226 3302 1389 3378 breviter
1404 3303 1501 3399 dicit,
1520 3303 1619 3398 quod

444 3421 502 3496 sui
527 3419 815 3516 pradecessnres
841 3427 879 3494 et
902 3419 980 3515 ipse
997 3419 1257 3496 habitaverunt
1281 3421 1319 3494 in
1344 3422 1425 3496 loeo
1440 3423 1619 3516 antiquis-

444 3542 538 3618 simo
547 3541 702 3616 civitatis
713 3531 750 3633 (²)
760 3561 875 3636 prope
888 3541 1027 3616 Forum
1042 3547 1158 3615 vetus.
1169 3540 1347 3615 Describit
1359 3547 1484 3616 arrtem
1494 3542 1614 3636 ipsum

444 3665 567 3738 locum
586 3682 608 3735 a
630 3661 714 3755 situ,
733 3667 771 3736 et
795 3681 819 3736 a
844 3660 1005 3755 quodam
1024 3660 1201 3757 singulari
1217 3666 1303 3734 actu
1321 3660 1434 3756 ipsius
1449 3661 1614 3736 civitatis.

445 3782 537 3858 uicit
561 3801 670 3879 ergo:
701 3783 758 3854 Gli
782 3783 913 3854 eatuli
935 3783 1026 3874 miei,
1056 3779 1159 3874 idest,
1177 3779 1349 3873 maiores,
1366 3779 1502 3854 scilicet
1517 3779 1618 3854 lleli-

445 3901 519 3997 saei,
545 3909 579 3975 et
599 3903 636 3974 io
660 3903 791 3992 noeque·
813 3903 872 3974 nel
894 3902 984 3991 meo,
1010 3899 1157 3993 seilicet,
1189 3897 1284 3974 intra
1315 3898 1499 3973 civitatem
1533 3898 1617 3973 Flo-

446 4021 586 4118 rontiae,
617 4023 707 4096 dove
730 4024 762 4094 ri
786 4028 891 4095 dove
915 4024 1002 4114 prta
1035 4022 1189 4094 tutiore
1222 4027 1324 4112 emto,
1358 4019 1461 4112 idest,
1494 4025 1617 4093 serte-

446 4144 556 4218 rium.
577 4143 630 4218 Ad
649 4143 748 4238 quod
764 4141 966 4236 sciendum,
984 4141 1084 4235 quod
1100 4141 1284 4216 Florentia
1301 4147 1382 4215 erat
1397 4140 1485 4215 olim
1501 4139 1616 4214 divisa

445 4284 512 4360 per
536 4263 707 4358 sextaria,
734 4262 825 4338 idest
850 4281 916 4358 per
940 4281 1005 4336 ser
1031 4267 1173 4356 partos3
1193 4280 1293 4335 nune
1313 4279 1404 4334 vero
1419 4279 1487 4354 per
1503 4278 1616 4352 quar-

445 4384 550 4479 teria,
579 4383 674 4458 siout
704 4389 741 4457 et
765 4382 939 4456 Bononia.
970 4381 1014 4454 ut
1044 4379 1147 4455 dicit:
1178 4382 1228 4454 do
1257 4380 1336 4470 quel
1362 4379 1423 4450 ode
1455 4381 1618 4452 correi!

445 4513 565 4581 veruo
581 4507 727 4580 'annuet
754 4506 869 4596 mooe,
894 4502 997 4597 idest,
1022 4501 1069 4576 ab
1095 4500 1162 4576 illis
1188 4499 1251 4594 qui
1277 4505 1434 4574 currunt
1458 4499 1505 4574 ad
1529 4499 1617 4574 bra-

446 4627 559 4702 vium.
587 4625 641 4701 Ad
667 4625 767 4720 quod
792 4623 992 4716 selendum,
1019 4621 1118 4716 quod
1142 4620 1189 4696 de
1214 4639 1320 4694 more
1336 4626 1392 4694 est
1412 4618 1616 4714 Florentiae,

445 4748 545 4842 quod
570 4746 721 4842 singulis
746 4745 851 4820 annis
867 4744 906 4826 in
923 4744 1014 4819 sesto
1030 4733 1068 4834 (³)
1086 4740 1259 4817 Iohannis
1274 4739 1442 4834 Baptista
1461 4747 1617 4815 currunt

507 4931 537 4994 (¹)
553 4932 585 4984 lt.
601 4934 646 4996 qni
662 4937 702 4982 est
718 4945 786 4982 vern
801 4936 910 4982 natum.
1091 4924 1120 4990 (¹)
1136 4927 1167 4979 E.
1184 4927 1294 4978 civitatis
1309 4925 1449 4978 Florentia
1465 4939 1555 4990 prope.

508 5009 536 5073 (⁸)
554 5009 580 5061 S.
597 5009 664 5062 teoto
679 5009 762 5060 sancti
776 5009 911 5061 toumnu.

578 5121 605 5166 v,
1457 5111 1481 5152 ll
