4842 6642
697 1491 1062 1606 COMENTUM
1104 1491 1446 1603 Plnlnlsr.

1003 1749 1133 1756 —..—--

364 2145 366 2148 v
505 2061 669 2128 CANTUS
693 2061 845 2142 NONUS,
868 2063 903 2128 in
926 2083 986 2146 quo
1009 2063 1110 2129 adbuc
1132 2063 1232 2129 nimia
1253 2065 1391 2148 loquitur
1413 2085 1482 2130 cnm
1505 2063 1627 2142 Oarolo,

558 2175 613 2239 not
634 2174 714 2257 facit
735 2177 920 2242 mentionem
943 2176 981 2241 de
1003 2175 1144 2254 Enetino,
1170 2182 1199 2240 ct
1221 2175 1372 2243 Marchiu
1397 2177 1579 2242 Trioisunn.

557 2421 672 2589 Dr
694 2515 758 2604 pot
787 2515 846 2585 cte
874 2516 979 2586 Corio
1012 2521 1082 2603 tuo,
1108 2513 1197 2586 bellu
1226 2517 1418 2586 Gtcmcnzo.
1455 2513 1650 2604 Postquam

482 2633 519 2706 in
541 2631 759 2726 praecedenti
785 2631 943 2726 capitulo
969 2633 1103 2706 Dentes
1128 2632 1329 2705 introduxit
1346 2653 1464 2706 unum
1483 2631 1651 2727 spiritum

483 2754 661 2826 illustrem
679 2751 725 2827 de
742 2771 848 2847 spera
862 2751 1023 2844 Veneris,
1042 2772 1140 2825 nunc
1164 2759 1433 2844 consequenter
1450 2753 1487 2824 in
1504 2751 1572 2824 isto
1589 2769 1653 2823 cu·

484 2873 598 2968 pitulo
614 2873 662 2946 lll
688 2872 824 2947 inducit
848 2872 937 2946 ullos
963 2871 1108 2966 spiritus
1133 2871 1180 2946 de
1205 2872 1334 2946 eadem
1361 2892 1478 2966 spere.
1497 2871 1540 2943 llt
1556 2870 1652 2943 istud

484 2993 682 3088 capitulum
709 2999 826 3088 potest
851 2992 960 3066 dividi
986 2992 1023 3064 in
1049 2999 1123 3066 tres
1140 3000 1263 3087 partes
1279 2993 1481 3087 generales.
1500 2994 1540 3064 ln
1557 3012 1653 3085 qun-

484 3135 568 3188 rum
601 3113 717 3208 primu
751 3113 947 3188 introducit
979 3135 1091 3186 unum
1120 3113 1285 3187 animam
1315 3114 1543 3208 modernum,
1570 3133 1655 3208 quae

483 3235 653 3310 describit
669 3254 709 3309 se
726 3241 763 3309 et
779 3234 934 3330 patriam
954 3255 1070 3308 suum.
1086 3235 1126 3307 ln
1143 3234 1304 3309 secunda
1322 3235 1521 3309 introducit
1536 3237 1651 3309 allum
1680 3337 1683 3340 Φ

482 3355 652 3450 spiritum
679 3354 899 3429 modernum
926 3354 989 3447 qui
1016 3354 1179 3428 similiter
1205 3353 1376 3428 describit
1404 3374 1444 3428 se
1481 3361 1518 3429 et
1547 3375 1651 3428 suem

483 3483 622 3551 terrem
649 3475 839 3567 famosum,
865 3475 938 3549 ibi:
965 3477 1111 3547 L'ottra
1128 3478 1253 3548 totino.
1280 3475 1321 3547 ln
1347 3475 1454 3549 tertie
1472 3482 1510 3549 et
1527 3475 1653 3549 ultime

483 3597 679 3671 introducit
696 3596 841 3670 tertiam
862 3595 1024 3669 enimam
1043 3595 1231 3689 antiquum
1257 3603 1294 3670 et
1311 3615 1462 3670 causam
1485 3616 1563 3669 suae
1584 3597 1655 3669 sal-

485 3717 649 3810 vationis
676 3717 744 3790 ibi:
771 3721 833 3788 Mn
860 3711 994 3808 pnctd.
1031 3715 1084 3789 ld
1118 3715 1279 3809 primum
1315 3736 1405 3812 ergo
1438 3715 1529 3810 dico,
1556 3715 1654 3810 quod

484 3844 592 3912 tutor
619 3835 814 3909 introducit
846 3855 956 3938 unam
988 3836 1149 3909 enimam
1182 3836 1419 3929 modernum3
1446 3836 1508 3910 sed
1535 3837 1655 3930 primo

486 3957 700 4031 continuans
725 3976 766 4030 se
790 3956 836 4030 ad
862 3955 1103 4050 praecedentin
1120 3956 1236 4051 tangit
1257 3956 1364 4031 linem
1384 3957 1563 4031 sermonis
1585 3957 1654 4031 Ca-

487 4075 554 4149 roli
578 4077 740 4168 Mertelli‚
766 4083 803 4150 et
828 4075 908 4150 eius
925 4095 1131 4167 recessum3
1149 4074 1248 4148 unde
1264 4075 1423 4171 dirigens
1443 4095 1653 4150 sermonem
1748 4170 1753 4181 ²

464 4195 531 4269 nd
557 4195 793 4270 Clementiam
820 4215 976 4269 uxorem
1002 4195 1133 4287 Caroli,
1159 4195 1264 4268 dicit:
1295 4196 1434 4269 Obetln
1458 4198 1653 4285 Clenwnzn,

486 4336 570 4412 quae
599 4315 667 4388 luit
696 4316 822 4410 pulcra
848 4321 884 4389 et
909 4315 1050 4409 pudica,
1077 4321 1113 4390 et
1139 4316 1246 4411 digna
1276 4316 1337 4389 teli
1368 4315 1465 4410 vir03
1495 4315 1577 4389 ideo
1608 4313 1654 4388 de

485 4435 662 4511 industria
688 4435 770 4508 lecit
796 4435 1014 4510 memoriam
1047 4435 1093 4510 de
1126 4455 1181 4529 ee,
1208 4439 1257 4508 do
1278 4431 1340 4528 poi
1363 4438 1423 4508 cto
1451 4438 1557 4508 Certo
1582 4441 1653 4524 tuo,

485 4556 542 4630 vir
566 4563 653 4630 tuus
673 4557 801 4651 pulcer
819 4557 982 4650 dilectus,
1001 4559 1045 4629 m'
1058 4557 1138 4628 ebbe
1157 4557 1316 4650 otiante
1336 4556 1439 4649 idest,
1458 4563 1652 4650 postquem

484 4675 682 4752 declaravit
706 4697 767 4750 me
791 4677 838 4751 de
862 4679 991 4772 pulcro
1016 4677 1138 4770 dubio,
1165 4681 1213 4750 nti
1236 4669 1352 4750 narro
1377 4681 1425 4768 ul'
1438 4679 1598 4768 iuononi,
1617 4676 1653 4748 in

484 4796 580 4871 luctu
600 4796 715 4892 regni,
728 4799 788 4868 otc
803 4800 938 4869 riccocr
954 4800 1066 4870 docco
1084 4801 1121 4870 lo
1136 4817 1202 4870 sno
1221 4818 1396 4888 sunenzo,
1415 4796 1517 4891 idest,
1536 4798 1653 4870 baeres

486 4937 585 4991 suus.
612 4915 655 4988 Et
680 4915 800 4989 subdit
824 4916 871 4990 ed
896 4897 1180 4993 consolationem
1208 4918 1441 4992 clementie:
1467 4938 1527 4989 mu
1550 4919 1652 5004 disse,

619 5059 645 5103 V·
1511 5060 1521 5100 l
