<?xml version="1.0" encoding="UTF-8"?>
<!DOCTYPE html PUBLIC "-//W3C//DTD XHTML 1.0 Transitional//EN"
    "http://www.w3.org/TR/xhtml1/DTD/xhtml1-transitional.dtd">
<html xmlns="http://www.w3.org/1999/xhtml" xml:lang="en" lang="en">
 <head>
  <title>
</title>
<meta http-equiv="Content-Type" content="text/html;charset=utf-8" />
  <meta name='ocr-system' content='tesseract 3.04.00' />
  <meta name='ocr-capabilities' content='ocr_page ocr_carea ocr_par ocr_line ocrx_word'/>
</head>
<body>
  <div class='ocr_page' id='page_1' title='image "./comentumsuperda02benvgoog_0039.png"; bbox 0 0 4842 6642; ppageno 0'>
   <div class='ocr_carea' id='block_1_1' title="bbox 944 805 1693 880">
    <p class='ocr_par' dir='ltr' id='par_1_1' title="bbox 944 805 1693 880">
     <span class='ocr_line' id='line_1_1' title="bbox 944 805 1693 880; baseline -0.007 -10"><span class='ocrx_word' id='word_1_1' title='bbox 944 816 1082 870; x_wconf 83' lang='lat' dir='ltr'><strong>caurus</strong></span> <span class='ocrx_word' id='word_1_2' title='bbox 1109 814 1276 873; x_wconf 79' lang='lat' dir='ltr'><strong>oneratos.</strong></span> <span class='ocrx_word' id='word_1_3' title='bbox 1647 805 1693 880; x_wconf 69' lang='lat' dir='ltr'><strong>gc</strong></span> 
     </span>
    </p>
   </div>
   <div class='ocr_carea' id='block_1_2' title="bbox 520 961 1697 4666">
    <p class='ocr_par' dir='ltr' id='par_1_2' title="bbox 521 961 1697 4286">
     <span class='ocr_line' id='line_1_2' title="bbox 522 961 1694 1059; baseline -0.002 -17"><span class='ocrx_word' id='word_1_4' title='bbox 522 967 637 1042; x_wconf 86' lang='lat' dir='ltr'><strong>terius</strong></span> <span class='ocrx_word' id='word_1_5' title='bbox 663 962 863 1058; x_wconf 86' lang='lat' dir='ltr'><strong>procedere</strong></span> <span class='ocrx_word' id='word_1_6' title='bbox 888 961 984 1038; x_wconf 89' lang='lat' dir='ltr'><strong>circa</strong></span> <span class='ocrx_word' id='word_1_7' title='bbox 1017 963 1122 1036; x_wconf 91' lang='lat' dir='ltr'><strong>istam</strong></span> <span class='ocrx_word' id='word_1_8' title='bbox 1151 962 1342 1038; x_wconf 79' lang='lat' dir='ltr'><strong>materiam</strong></span> <span class='ocrx_word' id='word_1_9' title='bbox 1377 964 1548 1059; x_wconf 79' lang='lat' dir='ltr'><strong>relinquit</strong></span> <span class='ocrx_word' id='word_1_10' title='bbox 1573 964 1694 1040; x_wconf 89' lang='lat' dir='ltr'><strong>studio</strong></span> 
     </span>
     <span class='ocr_line' id='line_1_3' title="bbox 521 1067 1695 1180; baseline 0.002 -20"><span class='ocrx_word' id='word_1_11' title='bbox 521 1091 558 1160; x_wconf 88' lang='lat' dir='ltr'><strong>et</strong></span> <span class='ocrx_word' id='word_1_12' title='bbox 582 1083 728 1180; x_wconf 88' lang='lat' dir='ltr'><strong>ingenio</strong></span> <span class='ocrx_word' id='word_1_13' title='bbox 753 1081 940 1174; x_wconf 69' lang='lat' dir='ltr'><strong>audituris,</strong></span> <span class='ocrx_word' id='word_1_14' title='bbox 967 1081 996 1156; x_wconf 92' lang='lat' dir='ltr'><strong>si</strong></span> <span class='ocrx_word' id='word_1_15' title='bbox 1023 1067 1115 1160; x_wconf 77' lang='lat' dir='ltr'><strong>velit&#39;</strong></span> <span class='ocrx_word' id='word_1_16' title='bbox 1140 1083 1296 1158; x_wconf 89' lang='lat' dir='ltr'><strong>ulterius</strong></span> <span class='ocrx_word' id='word_1_17' title='bbox 1321 1083 1554 1179; x_wconf 83' lang='lat' dir='ltr'><strong>investigare,</strong></span> <span class='ocrx_word' id='word_1_18' title='bbox 1580 1104 1695 1162; x_wconf 81' lang='lat' dir='ltr'><strong>excu-</strong></span> 
     </span>
     <span class='ocr_line' id='line_1_4' title="bbox 522 1201 1697 1297; baseline -0.003 -15"><span class='ocrx_word' id='word_1_19' title='bbox 522 1224 605 1282; x_wconf 87' lang='lat' dir='ltr'><strong>sans</strong></span> <span class='ocrx_word' id='word_1_20' title='bbox 630 1223 670 1278; x_wconf 87' lang='lat' dir='ltr'><strong>se</strong></span> <span class='ocrx_word' id='word_1_21' title='bbox 694 1201 723 1276; x_wconf 89' lang='lat' dir='ltr'><strong>si</strong></span> <span class='ocrx_word' id='word_1_22' title='bbox 750 1222 824 1276; x_wconf 93' lang='lat' dir='ltr'><strong>non</strong></span> <span class='ocrx_word' id='word_1_23' title='bbox 851 1202 1086 1297; x_wconf 78' lang='lat' dir='ltr'><strong>prosequitur</strong></span> <span class='ocrx_word' id='word_1_24' title='bbox 1112 1203 1305 1277; x_wconf 87' lang='lat' dir='ltr'><strong>materiam</strong></span> <span class='ocrx_word' id='word_1_25' title='bbox 1337 1202 1556 1279; x_wconf 86' lang='lat' dir='ltr'><strong>inchoatam.</strong></span> <span class='ocrx_word' id='word_1_26' title='bbox 1594 1203 1697 1279; x_wconf 84' lang='lat' dir='ltr'><strong>Unde</strong></span> 
     </span>
     <span class='ocr_line' id='line_1_5' title="bbox 522 1323 1697 1418; baseline 0.001 -19"><span class='ocrx_word' id='word_1_27' title='bbox 522 1323 630 1399; x_wconf 87' lang='lat' dir='ltr'><strong>dicit:</strong></span> <span class='ocrx_word' id='word_1_28' title='bbox 662 1326 693 1396; x_wconf 92' lang='lat'><em>0</em></span> <span class='ocrx_word' id='word_1_29' title='bbox 718 1325 830 1413; x_wconf 77' lang='lat' dir='ltr'><strong>tector,</strong></span> <span class='ocrx_word' id='word_1_30' title='bbox 856 1343 900 1395; x_wconf 86' lang='lat' dir='ltr'><strong>or</strong></span> <span class='ocrx_word' id='word_1_31' title='bbox 926 1326 952 1396; x_wconf 85' lang='lat' dir='ltr'><strong>u·</strong></span> <span class='ocrx_word' id='word_1_32' title='bbox 974 1326 1094 1398; x_wconf 71' lang='lat' dir='ltr'><strong>timon</strong></span> <span class='ocrx_word' id='word_1_33' title='bbox 1118 1343 1229 1396; x_wconf 86' lang='lat' dir='ltr'><strong>soora</strong></span> <span class='ocrx_word' id='word_1_34' title='bbox 1253 1327 1281 1396; x_wconf 83' lang='lat' dir='ltr'><strong>il</strong></span> <span class='ocrx_word' id='word_1_35' title='bbox 1302 1331 1360 1398; x_wconf 82' lang='lat' dir='ltr'><strong>too</strong></span> <span class='ocrx_word' id='word_1_36' title='bbox 1385 1325 1511 1416; x_wconf 70' lang='lat' dir='ltr'><strong>borco,</strong></span> <span class='ocrx_word' id='word_1_37' title='bbox 1536 1324 1639 1418; x_wconf 90' lang='lat' dir='ltr'><strong>idest,</strong></span> <span class='ocrx_word' id='word_1_38' title='bbox 1659 1323 1697 1400; x_wconf 87' lang='lat' dir='ltr'><strong>iu</strong></span> 
     </span>
     <span class='ocr_line' id='line_1_6' title="bbox 523 1442 1696 1540; baseline 0 -22"><span class='ocrx_word' id='word_1_39' title='bbox 523 1442 642 1518; x_wconf 83' lang='lat' dir='ltr'><strong>studio</strong></span> <span class='ocrx_word' id='word_1_40' title='bbox 679 1449 755 1535; x_wconf 92' lang='lat' dir='ltr'><strong>too,</strong></span> <span class='ocrx_word' id='word_1_41' title='bbox 775 1446 960 1534; x_wconf 81' lang='lat' dir='ltr'><strong>pausando</strong></span> <span class='ocrx_word' id='word_1_42' title='bbox 986 1446 1110 1536; x_wconf 84' lang='lat' dir='ltr'><strong>diotre,</strong></span> <span class='ocrx_word' id='word_1_43' title='bbox 1140 1442 1241 1536; x_wconf 76' lang='lat' dir='ltr'><strong>idest,</strong></span> <span class='ocrx_word' id='word_1_44' title='bbox 1271 1443 1478 1518; x_wconf 91' lang='lat' dir='ltr'><strong>meditando</strong></span> <span class='ocrx_word' id='word_1_45' title='bbox 1504 1450 1541 1520; x_wconf 88' lang='lat' dir='ltr'><strong>et</strong></span> <span class='ocrx_word' id='word_1_46' title='bbox 1566 1463 1696 1540; x_wconf 89' lang='lat' dir='ltr'><strong>specu·</strong></span> 
     </span>
     <span class='ocr_line' id='line_1_7' title="bbox 524 1557 1695 1660; baseline 0.002 -20"><span class='ocrx_word' id='word_1_47' title='bbox 524 1563 643 1657; x_wconf 83' lang='lat' dir='ltr'><strong>laudo,</strong></span> <span class='ocrx_word' id='word_1_48' title='bbox 669 1583 694 1636; x_wconf 89' lang='lat' dir='ltr'><strong>o</strong></span> <span class='ocrx_word' id='word_1_49' title='bbox 717 1557 771 1638; x_wconf 82' lang='lat' dir='ltr'><strong>oid</strong></span> <span class='ocrx_word' id='word_1_50' title='bbox 795 1565 855 1636; x_wconf 82' lang='lat' dir='ltr'><strong>cte</strong></span> <span class='ocrx_word' id='word_1_51' title='bbox 878 1567 910 1638; x_wconf 82' lang='lat' dir='ltr'><strong>ri</strong></span> <span class='ocrx_word' id='word_1_52' title='bbox 936 1565 1089 1657; x_wconf 71' lang='lat' dir='ltr'><strong>prelata,</strong></span> <span class='ocrx_word' id='word_1_53' title='bbox 1115 1563 1217 1658; x_wconf 84' lang='lat' dir='ltr'><strong>idest,</strong></span> <span class='ocrx_word' id='word_1_54' title='bbox 1248 1565 1345 1640; x_wconf 89' lang='lat' dir='ltr'><strong>circa</strong></span> <span class='ocrx_word' id='word_1_55' title='bbox 1380 1565 1572 1640; x_wconf 85' lang='lat' dir='ltr'><strong>materiam</strong></span> <span class='ocrx_word' id='word_1_56' title='bbox 1599 1584 1695 1660; x_wconf 80' lang='lat' dir='ltr'><strong>prae-</strong></span> 
     </span>
     <span class='ocr_line' id='line_1_8' title="bbox 525 1683 1693 1782; baseline -0.003 -21"><span class='ocrx_word' id='word_1_57' title='bbox 525 1691 659 1762; x_wconf 85' lang='lat' dir='ltr'><strong>tactam</strong></span> <span class='ocrx_word' id='word_1_58' title='bbox 685 1705 752 1780; x_wconf 93' lang='lat' dir='ltr'><strong>pro</strong></span> <span class='ocrx_word' id='word_1_59' title='bbox 778 1684 968 1760; x_wconf 86' lang='lat' dir='ltr'><strong>evidentia.</strong></span> <span class='ocrx_word' id='word_1_60' title='bbox 995 1685 1039 1758; x_wconf 88' lang='lat' dir='ltr'><strong>Et</strong></span> <span class='ocrx_word' id='word_1_61' title='bbox 1063 1685 1224 1782; x_wconf 89' lang='lat' dir='ltr'><strong>assignat</strong></span> <span class='ocrx_word' id='word_1_62' title='bbox 1250 1685 1411 1759; x_wconf 91' lang='lat' dir='ltr'><strong>iructum</strong></span> <span class='ocrx_word' id='word_1_63' title='bbox 1428 1685 1547 1760; x_wconf 91' lang='lat' dir='ltr'><strong>buius</strong></span> <span class='ocrx_word' id='word_1_64' title='bbox 1571 1683 1693 1778; x_wconf 90' lang='lat' dir='ltr'><strong>studii,</strong></span> 
     </span>
     <span class='ocr_line' id='line_1_9' title="bbox 524 1803 1693 1900; baseline -0.005 -17"><span class='ocrx_word' id='word_1_65' title='bbox 524 1805 658 1899; x_wconf 79' lang='lat' dir='ltr'><strong>dicere,</strong></span> <span class='ocrx_word' id='word_1_66' title='bbox 682 1827 720 1880; x_wconf 85' lang='lat' dir='ltr'><strong>se</strong></span> <span class='ocrx_word' id='word_1_67' title='bbox 749 1809 830 1886; x_wconf 81' lang='lat' dir='ltr'><strong>vuol</strong></span> <span class='ocrx_word' id='word_1_68' title='bbox 861 1827 956 1878; x_wconf 80' lang='lat' dir='ltr'><strong>esser</strong></span> <span class='ocrx_word' id='word_1_69' title='bbox 972 1809 1085 1880; x_wconf 79' lang='lat' dir='ltr'><strong>ussoi</strong></span> <span class='ocrx_word' id='word_1_70' title='bbox 1114 1809 1192 1880; x_wconf 83' lang='lat' dir='ltr'><strong>licto</strong></span> <span class='ocrx_word' id='word_1_71' title='bbox 1222 1809 1310 1898; x_wconf 70' lang='lat' dir='ltr'><strong>prob</strong></span> <span class='ocrx_word' id='word_1_72' title='bbox 1333 1807 1393 1878; x_wconf 83' lang='lat' dir='ltr'><strong>cite</strong></span> <span class='ocrx_word' id='word_1_73' title='bbox 1416 1813 1564 1900; x_wconf 82' lang='lat' dir='ltr'><strong>stoaco;</strong></span> <span class='ocrx_word' id='word_1_74' title='bbox 1588 1803 1693 1900; x_wconf 82' lang='lat' dir='ltr'><strong>qnasi</strong></span> 
     </span>
     <span class='ocr_line' id='line_1_10' title="bbox 523 1925 1692 2019; baseline 0.002 -19"><span class='ocrx_word' id='word_1_75' title='bbox 523 1925 642 2002; x_wconf 88' lang='lat' dir='ltr'><strong>dicat:</strong></span> <span class='ocrx_word' id='word_1_76' title='bbox 668 1925 749 2000; x_wconf 88' lang='lat' dir='ltr'><strong>talis</strong></span> <span class='ocrx_word' id='word_1_77' title='bbox 774 1931 828 2000; x_wconf 87' lang='lat' dir='ltr'><strong>est</strong></span> <span class='ocrx_word' id='word_1_78' title='bbox 855 1925 1008 2000; x_wconf 87' lang='lat' dir='ltr'><strong>materia</strong></span> <span class='ocrx_word' id='word_1_79' title='bbox 1026 1925 1206 2018; x_wconf 87' lang='lat' dir='ltr'><strong>inchoata,</strong></span> <span class='ocrx_word' id='word_1_80' title='bbox 1226 1925 1323 2019; x_wconf 91' lang='lat' dir='ltr'><strong>quod</strong></span> <span class='ocrx_word' id='word_1_81' title='bbox 1341 1925 1370 2000; x_wconf 83' lang='lat' dir='ltr'><strong>si</strong></span> <span class='ocrx_word' id='word_1_82' title='bbox 1388 1944 1562 2000; x_wconf 82' lang='lat' dir='ltr'><strong>exerceas</strong></span> <span class='ocrx_word' id='word_1_83' title='bbox 1584 1931 1692 2002; x_wconf 83' lang='lat' dir='ltr'><strong>tuum</strong></span> 
     </span>
     <span class='ocr_line' id='line_1_11' title="bbox 524 2042 1694 2142; baseline -0.001 -22"><span class='ocrx_word' id='word_1_84' title='bbox 524 2044 710 2140; x_wconf 81' lang='lat' dir='ltr'><strong>ingenium</strong></span> <span class='ocrx_word' id='word_1_85' title='bbox 737 2045 834 2120; x_wconf 89' lang='lat' dir='ltr'><strong>circa</strong></span> <span class='ocrx_word' id='word_1_86' title='bbox 860 2045 1104 2142; x_wconf 88' lang='lat' dir='ltr'><strong>cognitionem</strong></span> <span class='ocrx_word' id='word_1_87' title='bbox 1138 2046 1218 2119; x_wconf 90' lang='lat' dir='ltr'><strong>eius</strong></span> <span class='ocrx_word' id='word_1_88' title='bbox 1248 2044 1400 2139; x_wconf 83' lang='lat' dir='ltr'><strong>recipies</strong></span> <span class='ocrx_word' id='word_1_89' title='bbox 1430 2064 1603 2139; x_wconf 87' lang='lat' dir='ltr'><strong>magnam</strong></span> <span class='ocrx_word' id='word_1_90' title='bbox 1628 2042 1694 2119; x_wconf 88' lang='lat' dir='ltr'><strong>de·</strong></span> 
     </span>
     <span class='ocr_line' id='line_1_12' title="bbox 523 2159 1693 2260; baseline -0.004 -20"><span class='ocrx_word' id='word_1_91' title='bbox 523 2159 753 2240; x_wconf 79' lang='lat' dir='ltr'><strong>lactationem</strong></span> <span class='ocrx_word' id='word_1_92' title='bbox 773 2170 973 2260; x_wconf 87' lang='lat' dir='ltr'><strong>antequam</strong></span> <span class='ocrx_word' id='word_1_93' title='bbox 995 2163 1200 2238; x_wconf 86' lang='lat' dir='ltr'><strong>intellectus</strong></span> <span class='ocrx_word' id='word_1_94' title='bbox 1218 2171 1304 2237; x_wconf 91' lang='lat' dir='ltr'><strong>tuus</strong></span> <span class='ocrx_word' id='word_1_95' title='bbox 1320 2164 1365 2237; x_wconf 88' lang='lat' dir='ltr'><strong>sit</strong></span> <span class='ocrx_word' id='word_1_96' title='bbox 1382 2163 1568 2259; x_wconf 74' lang='lat' dir='ltr'><strong>fatigatus,</strong></span> <span class='ocrx_word' id='word_1_97' title='bbox 1587 2162 1693 2255; x_wconf 81' lang='lat' dir='ltr'><strong>quasi</strong></span> 
     </span>
     <span class='ocr_line' id='line_1_13' title="bbox 522 2284 1693 2380; baseline 0 -20"><span class='ocrx_word' id='word_1_98' title='bbox 522 2284 641 2360; x_wconf 90' lang='lat' dir='ltr'><strong>dlcat:</strong></span> <span class='ocrx_word' id='word_1_99' title='bbox 668 2285 837 2378; x_wconf 87' lang='lat' dir='ltr'><strong>quamvis</strong></span> <span class='ocrx_word' id='word_1_100' title='bbox 862 2286 966 2361; x_wconf 92' lang='lat' dir='ltr'><strong>labor</strong></span> <span class='ocrx_word' id='word_1_101' title='bbox 992 2285 1102 2359; x_wconf 89' lang='lat' dir='ltr'><strong>buius</strong></span> <span class='ocrx_word' id='word_1_102' title='bbox 1127 2284 1412 2380; x_wconf 70' lang='lat' dir='ltr'><strong>investigationis</strong></span> <span class='ocrx_word' id='word_1_103' title='bbox 1429 2285 1474 2358; x_wconf 90' lang='lat' dir='ltr'><strong>sit</strong></span> <span class='ocrx_word' id='word_1_104' title='bbox 1498 2284 1693 2378; x_wconf 78' lang='lat' dir='ltr'><strong>maximus,</strong></span> 
     </span>
     <span class='ocr_line' id='line_1_14' title="bbox 524 2403 1692 2499; baseline 0.002 -19"><span class='ocrx_word' id='word_1_105' title='bbox 524 2410 649 2480; x_wconf 64' lang='lat' dir='ltr'><strong>umen</strong></span> <span class='ocrx_word' id='word_1_106' title='bbox 675 2410 775 2479; x_wconf 89' lang='lat' dir='ltr'><strong>tanta</strong></span> <span class='ocrx_word' id='word_1_107' title='bbox 801 2412 857 2480; x_wconf 91' lang='lat' dir='ltr'><strong>est</strong></span> <span class='ocrx_word' id='word_1_108' title='bbox 880 2405 1084 2498; x_wconf 85' lang='lat' dir='ltr'><strong>delectatio,</strong></span> <span class='ocrx_word' id='word_1_109' title='bbox 1102 2403 1201 2499; x_wconf 90' lang='lat' dir='ltr'><strong>quod</strong></span> <span class='ocrx_word' id='word_1_110' title='bbox 1227 2425 1300 2478; x_wconf 93' lang='lat' dir='ltr'><strong>uon</strong></span> <span class='ocrx_word' id='word_1_111' title='bbox 1326 2404 1500 2498; x_wconf 88' lang='lat' dir='ltr'><strong>permittit</strong></span> <span class='ocrx_word' id='word_1_112' title='bbox 1525 2404 1692 2488; x_wconf 85' lang='lat' dir='ltr'><strong>animum</strong></span> 
     </span>
     <span class='ocr_line' id='line_1_15' title="bbox 523 2524 1695 2621; baseline -0.003 -21"><span class='ocrx_word' id='word_1_113' title='bbox 523 2525 657 2618; x_wconf 83' lang='lat' dir='ltr'><strong>latisci3</strong></span> <span class='ocrx_word' id='word_1_114' title='bbox 685 2545 769 2600; x_wconf 90' lang='lat' dir='ltr'><strong>uam</strong></span> <span class='ocrx_word' id='word_1_115' title='bbox 797 2525 970 2600; x_wconf 90' lang='lat' dir='ltr'><strong>continuo</strong></span> <span class='ocrx_word' id='word_1_116' title='bbox 998 2525 1113 2619; x_wconf 89' lang='lat' dir='ltr'><strong>magis</strong></span> <span class='ocrx_word' id='word_1_117' title='bbox 1140 2531 1177 2598; x_wconf 93' lang='lat' dir='ltr'><strong>et</strong></span> <span class='ocrx_word' id='word_1_118' title='bbox 1204 2524 1320 2621; x_wconf 91' lang='lat' dir='ltr'><strong>magis</strong></span> <span class='ocrx_word' id='word_1_119' title='bbox 1344 2524 1556 2599; x_wconf 84' lang='lat' dir='ltr'><strong>accenditur</strong></span> <span class='ocrx_word' id='word_1_120' title='bbox 1580 2545 1695 2620; x_wconf 87' lang='lat' dir='ltr'><strong>appe-</strong></span> 
     </span>
     <span class='ocr_line' id='line_1_16' title="bbox 524 2643 1694 2739; baseline 0.001 -20"><span class='ocrx_word' id='word_1_121' title='bbox 524 2645 631 2738; x_wconf 89' lang='lat' dir='ltr'><strong>titus;</strong></span> <span class='ocrx_word' id='word_1_122' title='bbox 658 2665 743 2718; x_wconf 91' lang='lat' dir='ltr'><strong>uam</strong></span> <span class='ocrx_word' id='word_1_123' title='bbox 768 2644 1001 2719; x_wconf 81' lang='lat' dir='ltr'><strong>admirabiles</strong></span> <span class='ocrx_word' id='word_1_124' title='bbox 1025 2643 1283 2720; x_wconf 80' lang='lat' dir='ltr'><strong>delectationes</strong></span> <span class='ocrx_word' id='word_1_125' title='bbox 1304 2644 1411 2719; x_wconf 91' lang='lat' dir='ltr'><strong>allert</strong></span> <span class='ocrx_word' id='word_1_126' title='bbox 1427 2644 1612 2739; x_wconf 89' lang='lat' dir='ltr'><strong>inquisitio</strong></span> <span class='ocrx_word' id='word_1_127' title='bbox 1629 2665 1694 2720; x_wconf 82' lang='lat' dir='ltr'><strong>ve-</strong></span> 
     </span>
     <span class='ocr_line' id='line_1_17' title="bbox 526 2763 1694 2860; baseline 0.001 -21"><span class='ocrx_word' id='word_1_128' title='bbox 526 2764 639 2840; x_wconf 91' lang='lat' dir='ltr'><strong>ritatis</strong></span> <span class='ocrx_word' id='word_1_129' title='bbox 664 2763 871 2858; x_wconf 89' lang='lat' dir='ltr'><strong>potentibus</strong></span> <span class='ocrx_word' id='word_1_130' title='bbox 897 2783 1026 2840; x_wconf 86' lang='lat' dir='ltr'><strong>causas</strong></span> <span class='ocrx_word' id='word_1_131' title='bbox 1053 2784 1181 2838; x_wconf 90' lang='lat' dir='ltr'><strong>rerum</strong></span> <span class='ocrx_word' id='word_1_132' title='bbox 1208 2785 1444 2860; x_wconf 82' lang='lat' dir='ltr'><strong>cognoscere,</strong></span> <span class='ocrx_word' id='word_1_133' title='bbox 1472 2770 1511 2838; x_wconf 90' lang='lat' dir='ltr'><strong>ut</strong></span> <span class='ocrx_word' id='word_1_134' title='bbox 1535 2764 1587 2839; x_wconf 90' lang='lat' dir='ltr'><strong>ait</strong></span> <span class='ocrx_word' id='word_1_135' title='bbox 1610 2763 1694 2840; x_wconf 56' lang='lat' dir='ltr'><strong>Ari*</strong></span> 
     </span>
     <span class='ocr_line' id='line_1_18' title="bbox 524 2883 1692 2981; baseline -0.002 -21"><span class='ocrx_word' id='word_1_136' title='bbox 524 2885 680 2964; x_wconf 87' lang='lat' dir='ltr'><strong>stoteles.</strong></span> <span class='ocrx_word' id='word_1_137' title='bbox 715 2885 758 2958; x_wconf 82' lang='lat' dir='ltr'><strong>lit</strong></span> <span class='ocrx_word' id='word_1_138' title='bbox 782 2883 926 2959; x_wconf 88' lang='lat' dir='ltr'><strong>subdit:</strong></span> <span class='ocrx_word' id='word_1_139' title='bbox 959 2905 1069 2958; x_wconf 75' lang='lat' dir='ltr'><strong>mesto</strong></span> <span class='ocrx_word' id='word_1_140' title='bbox 1101 2887 1181 2958; x_wconf 85' lang='lat' dir='ltr'><strong>t&#39;lto</strong></span> <span class='ocrx_word' id='word_1_141' title='bbox 1204 2888 1364 2976; x_wconf 69' lang='lat' dir='ltr'><strong>mimoni,</strong></span> <span class='ocrx_word' id='word_1_142' title='bbox 1390 2885 1493 2980; x_wconf 88' lang='lat' dir='ltr'><strong>idest,</strong></span> <span class='ocrx_word' id='word_1_143' title='bbox 1519 2885 1692 2981; x_wconf 84' lang='lat' dir='ltr'><strong>proposui</strong></span> 
     </span>
     <span class='ocr_line' id='line_1_19' title="bbox 522 3004 1693 3101; baseline 0.001 -22"><span class='ocrx_word' id='word_1_144' title='bbox 522 3006 587 3080; x_wconf 91' lang='lat' dir='ltr'><strong>tibi</strong></span> <span class='ocrx_word' id='word_1_145' title='bbox 612 3004 743 3081; x_wconf 91' lang='lat' dir='ltr'><strong>dictam</strong></span> <span class='ocrx_word' id='word_1_146' title='bbox 772 3004 976 3098; x_wconf 88' lang='lat' dir='ltr'><strong>materiam,</strong></span> <span class='ocrx_word' id='word_1_147' title='bbox 1008 3009 1104 3078; x_wconf 81' lang='lat' dir='ltr'><strong>orani</strong></span> <span class='ocrx_word' id='word_1_148' title='bbox 1121 3025 1191 3098; x_wconf 86' lang='lat' dir='ltr'><strong>per</strong></span> <span class='ocrx_word' id='word_1_149' title='bbox 1216 3015 1247 3080; x_wconf 84' lang='lat' dir='ltr'><strong>te</strong></span> <span class='ocrx_word' id='word_1_150' title='bbox 1271 3010 1297 3079; x_wconf 83' lang='lat' dir='ltr'><strong>u·</strong></span> <span class='ocrx_word' id='word_1_151' title='bbox 1320 3007 1409 3097; x_wconf 72' lang='lat' dir='ltr'><strong>cibo,</strong></span> <span class='ocrx_word' id='word_1_152' title='bbox 1441 3007 1528 3101; x_wconf 90' lang='lat' dir='ltr'><strong>quia</strong></span> <span class='ocrx_word' id='word_1_153' title='bbox 1558 3005 1693 3080; x_wconf 88' lang='lat' dir='ltr'><strong>scilicet</strong></span> 
     </span>
     <span class='ocr_line' id='line_1_20' title="bbox 522 3125 1693 3224; baseline -0.002 -22"><span class='ocrx_word' id='word_1_154' title='bbox 522 3126 590 3202; x_wconf 86' lang='lat' dir='ltr'><strong>ista</strong></span> <span class='ocrx_word' id='word_1_155' title='bbox 616 3146 690 3201; x_wconf 92' lang='lat' dir='ltr'><strong>nou</strong></span> <span class='ocrx_word' id='word_1_156' title='bbox 714 3132 799 3200; x_wconf 89' lang='lat' dir='ltr'><strong>sunt</strong></span> <span class='ocrx_word' id='word_1_157' title='bbox 824 3125 869 3200; x_wconf 89' lang='lat' dir='ltr'><strong>de</strong></span> <span class='ocrx_word' id='word_1_158' title='bbox 895 3125 1079 3220; x_wconf 90' lang='lat' dir='ltr'><strong>principali</strong></span> <span class='ocrx_word' id='word_1_159' title='bbox 1106 3125 1307 3202; x_wconf 84' lang='lat' dir='ltr'><strong>intentione</strong></span> <span class='ocrx_word' id='word_1_160' title='bbox 1332 3147 1427 3202; x_wconf 86' lang='lat' dir='ltr'><strong>mea.</strong></span> <span class='ocrx_word' id='word_1_161' title='bbox 1460 3128 1504 3202; x_wconf 87' lang='lat' dir='ltr'><strong>Et</strong></span> <span class='ocrx_word' id='word_1_162' title='bbox 1531 3126 1693 3224; x_wconf 83' lang='lat' dir='ltr'><strong>assignat</strong></span> 
     </span>
     <span class='ocr_line' id='line_1_21' title="bbox 522 3243 1692 3341; baseline -0.002 -19"><span class='ocrx_word' id='word_1_163' title='bbox 522 3267 671 3322; x_wconf 87' lang='lat' dir='ltr'><strong>causam</strong></span> <span class='ocrx_word' id='word_1_164' title='bbox 698 3267 815 3341; x_wconf 90' lang='lat' dir='ltr'><strong>quare</strong></span> <span class='ocrx_word' id='word_1_165' title='bbox 841 3266 914 3319; x_wconf 92' lang='lat' dir='ltr'><strong>non</strong></span> <span class='ocrx_word' id='word_1_166' title='bbox 940 3245 1185 3340; x_wconf 87' lang='lat' dir='ltr'><strong>prosequitur,</strong></span> <span class='ocrx_word' id='word_1_167' title='bbox 1210 3246 1359 3321; x_wconf 86' lang='lat' dir='ltr'><strong>diceus:</strong></span> <span class='ocrx_word' id='word_1_168' title='bbox 1385 3243 1448 3321; x_wconf 68' lang='lat' dir='ltr'><strong>clu*</strong></span> <span class='ocrx_word' id='word_1_169' title='bbox 1474 3251 1588 3340; x_wconf 82' lang='lat' dir='ltr'><strong>quello</strong></span> <span class='ocrx_word' id='word_1_170' title='bbox 1613 3266 1692 3320; x_wconf 87' lang='lat' dir='ltr'><strong>mo-</strong></span> 
     </span>
     <span class='ocr_line' id='line_1_22' title="bbox 524 3365 1693 3461; baseline 0.001 -20"><span class='ocrx_word' id='word_1_171' title='bbox 524 3370 612 3440; x_wconf 77' lang='lat' dir='ltr'><strong>ortu</strong></span> <span class='ocrx_word' id='word_1_172' title='bbox 637 3367 719 3440; x_wconf 79' lang='lat' dir='ltr'><strong>oud</strong></span> <span class='ocrx_word' id='word_1_173' title='bbox 731 3369 767 3438; x_wconf 85' lang='lat' dir='ltr'><strong>io</strong></span> <span class='ocrx_word' id='word_1_174' title='bbox 791 3386 856 3438; x_wconf 85' lang='lat' dir='ltr'><strong>son</strong></span> <span class='ocrx_word' id='word_1_175' title='bbox 879 3367 968 3459; x_wconf 84' lang='lat' dir='ltr'><strong>sotto</strong></span> <span class='ocrx_word' id='word_1_176' title='bbox 993 3367 1122 3457; x_wconf 78' lang='lat' dir='ltr'><strong>scrt‘bo,</strong></span> <span class='ocrx_word' id='word_1_177' title='bbox 1140 3365 1243 3459; x_wconf 84' lang='lat' dir='ltr'><strong>idest,</strong></span> <span class='ocrx_word' id='word_1_178' title='bbox 1263 3367 1431 3461; x_wconf 91' lang='lat' dir='ltr'><strong>scriptor,</strong></span> <span class='ocrx_word' id='word_1_179' title='bbox 1456 3388 1530 3442; x_wconf 91' lang='lat' dir='ltr'><strong>uon</strong></span> <span class='ocrx_word' id='word_1_180' title='bbox 1555 3367 1693 3458; x_wconf 89' lang='lat' dir='ltr'><strong>doctor,</strong></span> 
     </span>
     <span class='ocr_line' id='line_1_23' title="bbox 524 3485 1692 3582; baseline 0 -20"><span class='ocrx_word' id='word_1_181' title='bbox 524 3487 624 3580; x_wconf 89' lang='lat' dir='ltr'><strong>idest,</strong></span> <span class='ocrx_word' id='word_1_182' title='bbox 652 3485 807 3562; x_wconf 88' lang='lat' dir='ltr'><strong>materia</strong></span> <span class='ocrx_word' id='word_1_183' title='bbox 832 3491 946 3562; x_wconf 91' lang='lat' dir='ltr'><strong>status</strong></span> <span class='ocrx_word' id='word_1_184' title='bbox 972 3487 1180 3560; x_wconf 89' lang='lat' dir='ltr'><strong>animarum</strong></span> <span class='ocrx_word' id='word_1_185' title='bbox 1207 3487 1362 3581; x_wconf 87' lang='lat' dir='ltr'><strong>poetice,</strong></span> <span class='ocrx_word' id='word_1_186' title='bbox 1382 3509 1496 3582; x_wconf 92' lang='lat' dir='ltr'><strong>quam</strong></span> <span class='ocrx_word' id='word_1_187' title='bbox 1512 3486 1692 3582; x_wconf 87' lang='lat' dir='ltr'><strong>assumpsi</strong></span> 
     </span>
     <span class='ocr_line' id='line_1_24' title="bbox 522 3604 1694 3701; baseline -0.003 -15"><span class='ocrx_word' id='word_1_188' title='bbox 522 3608 811 3701; x_wconf 90' lang='lat' dir='ltr'><strong>describendam,</strong></span> <span class='ocrx_word' id='word_1_189' title='bbox 836 3611 964 3682; x_wconf 70' lang='lat' dir='ltr'><strong>ritorce</strong></span> <span class='ocrx_word' id='word_1_190' title='bbox 981 3614 1066 3682; x_wconf 87' lang='lat' dir='ltr'><strong>tatto</strong></span> <span class='ocrx_word' id='word_1_191' title='bbox 1083 3611 1120 3681; x_wconf 87' lang='lat' dir='ltr'><strong>lo</strong></span> <span class='ocrx_word' id='word_1_192' title='bbox 1136 3611 1207 3682; x_wconf 86' lang='lat' dir='ltr'><strong>mio</strong></span> <span class='ocrx_word' id='word_1_193' title='bbox 1224 3629 1314 3682; x_wconf 82' lang='lat' dir='ltr'><strong>coro</strong></span> <span class='ocrx_word' id='word_1_194' title='bbox 1338 3629 1362 3680; x_wconf 88' lang='lat' dir='ltr'><strong>a</strong></span> <span class='ocrx_word' id='word_1_195' title='bbox 1386 3604 1436 3699; x_wconf 77' lang='lat' dir='ltr'><strong>sd,</strong></span> <span class='ocrx_word' id='word_1_196' title='bbox 1456 3607 1560 3701; x_wconf 89' lang='lat' dir='ltr'><strong>idest,</strong></span> <span class='ocrx_word' id='word_1_197' title='bbox 1581 3607 1694 3685; x_wconf 83' lang='lat' dir='ltr'><strong>trabit</strong></span> 
     </span>
     <span class='ocr_line' id='line_1_25' title="bbox 522 3726 1692 3822; baseline 0 -17"><span class='ocrx_word' id='word_1_198' title='bbox 522 3735 638 3805; x_wconf 85' lang='lat' dir='ltr'><strong>totam</strong></span> <span class='ocrx_word' id='word_1_199' title='bbox 663 3728 900 3803; x_wconf 89' lang='lat' dir='ltr'><strong>intentionem</strong></span> <span class='ocrx_word' id='word_1_200' title='bbox 920 3734 957 3802; x_wconf 89' lang='lat' dir='ltr'><strong>et</strong></span> <span class='ocrx_word' id='word_1_201' title='bbox 973 3727 1222 3822; x_wconf 88' lang='lat' dir='ltr'><strong>operationem</strong></span> <span class='ocrx_word' id='word_1_202' title='bbox 1242 3747 1365 3803; x_wconf 90' lang='lat' dir='ltr'><strong>meam</strong></span> <span class='ocrx_word' id='word_1_203' title='bbox 1383 3728 1430 3804; x_wconf 90' lang='lat' dir='ltr'><strong>ad</strong></span> <span class='ocrx_word' id='word_1_204' title='bbox 1447 3747 1498 3821; x_wconf 91' lang='lat' dir='ltr'><strong>se,</strong></span> <span class='ocrx_word' id='word_1_205' title='bbox 1525 3726 1692 3822; x_wconf 85' lang='lat' dir='ltr'><strong>*priuci-</strong></span> 
     </span>
     <span class='ocr_line' id='line_1_26' title="bbox 524 3847 1693 3946; baseline -0.003 -21"><span class='ocrx_word' id='word_1_206' title='bbox 524 3853 605 3946; x_wconf 91' lang='lat' dir='ltr'><strong>pale</strong></span> <span class='ocrx_word' id='word_1_207' title='bbox 626 3851 761 3944; x_wconf 90' lang='lat' dir='ltr'><strong>thema,</strong></span> <span class='ocrx_word' id='word_1_208' title='bbox 776 3848 880 3943; x_wconf 91' lang='lat' dir='ltr'><strong>quasi</strong></span> <span class='ocrx_word' id='word_1_209' title='bbox 902 3847 1016 3923; x_wconf 88' lang='lat' dir='ltr'><strong>dicat:</strong></span> <span class='ocrx_word' id='word_1_210' title='bbox 1038 3869 1111 3924; x_wconf 92' lang='lat' dir='ltr'><strong>non</strong></span> <span class='ocrx_word' id='word_1_211' title='bbox 1128 3847 1276 3925; x_wconf 90' lang='lat' dir='ltr'><strong>intendo</strong></span> <span class='ocrx_word' id='word_1_212' title='bbox 1293 3849 1428 3924; x_wconf 91' lang='lat' dir='ltr'><strong>docere</strong></span> <span class='ocrx_word' id='word_1_213' title='bbox 1444 3848 1693 3944; x_wconf 87' lang='lat' dir='ltr'><strong>astrologiam,</strong></span> 
     </span>
     <span class='ocr_line' id='line_1_27' title="bbox 524 3959 1693 4066; baseline -0.001 -22"><span class='ocrx_word' id='word_1_214' title='bbox 524 3971 609 4066; x_wconf 90' lang='lat' dir='ltr'><strong>quia</strong></span> <span class='ocrx_word' id='word_1_215' title='bbox 643 3971 759 4046; x_wconf 91' lang='lat' dir='ltr'><strong>babeo</strong></span> <span class='ocrx_word' id='word_1_216' title='bbox 785 3969 957 4064; x_wconf 90' lang='lat' dir='ltr'><strong>prosequi</strong></span> <span class='ocrx_word' id='word_1_217' title='bbox 989 3968 1181 4044; x_wconf 87' lang='lat' dir='ltr'><strong>materiam</strong></span> <span class='ocrx_word' id='word_1_218' title='bbox 1213 3969 1393 4064; x_wconf 88' lang='lat' dir='ltr'><strong>poeticam</strong></span> <span class='ocrx_word' id='word_1_219' title='bbox 1426 3969 1473 4044; x_wconf 87' lang='lat' dir='ltr'><strong>dc</strong></span> <span class='ocrx_word' id='word_1_220' title='bbox 1498 3966 1608 4043; x_wconf 87' lang='lat' dir='ltr'><strong>Deo*</strong></span> <span class='ocrx_word' id='word_1_221' title='bbox 1635 3959 1693 4061; x_wconf 68' lang='lat'><strong>(¹),</strong></span> 
     </span>
     <span class='ocr_line' id='line_1_28' title="bbox 524 4087 1691 4186; baseline -0.002 -22"><span class='ocrx_word' id='word_1_222' title='bbox 524 4097 626 4184; x_wconf 88' lang='lat' dir='ltr'><strong>uam,</strong></span> <span class='ocrx_word' id='word_1_223' title='bbox 658 4096 749 4165; x_wconf 87' lang='lat' dir='ltr'><strong>teste</strong></span> <span class='ocrx_word' id='word_1_224' title='bbox 782 4090 1010 4185; x_wconf 86' lang='lat' dir='ltr'><strong>philosopho,</strong></span> <span class='ocrx_word' id='word_1_225' title='bbox 1041 4095 1159 4185; x_wconf 78' lang='lat' dir='ltr'><strong>poeta</strong></span> <span class='ocrx_word' id='word_1_226' title='bbox 1192 4088 1343 4165; x_wconf 86' lang='lat' dir='ltr'><strong>luerunt</strong></span> <span class='ocrx_word' id='word_1_227' title='bbox 1373 4089 1479 4186; x_wconf 88' lang='lat' dir='ltr'><strong>primi</strong></span> <span class='ocrx_word' id='word_1_228' title='bbox 1512 4087 1691 4184; x_wconf 80' lang='lat' dir='ltr'><strong>theologi·</strong></span> 
     </span>
     <span class='ocr_line' id='line_1_29' title="bbox 522 4211 830 4286; baseline -0.013 0"><span class='ocrx_word' id='word_1_229' title='bbox 522 4217 648 4286; x_wconf 86' lang='lat' dir='ltr'><strong>rantes</strong></span> <span class='ocrx_word' id='word_1_230' title='bbox 673 4211 719 4286; x_wconf 88' lang='lat' dir='ltr'><strong>dc</strong></span> <span class='ocrx_word' id='word_1_231' title='bbox 743 4211 830 4286; x_wconf 86' lang='lat' dir='ltr'><strong>Deo.</strong></span> 
     </span>
    </p>

    <p class='ocr_par' dir='ltr' id='par_1_3' title="bbox 520 4326 1695 4666">
     <span class='ocr_line' id='line_1_30' title="bbox 595 4326 1694 4424; baseline -0.001 -20"><span class='ocrx_word' id='word_1_232' title='bbox 595 4336 645 4404; x_wconf 86' lang='lat' dir='ltr'><strong>Lo</strong></span> <span class='ocrx_word' id='word_1_233' title='bbox 670 4334 839 4406; x_wconf 70' lang='lat' dir='ltr'><strong>amodum</strong></span> <span class='ocrx_word' id='word_1_234' title='bbox 866 4332 935 4405; x_wconf 87' lang='lat' dir='ltr'><strong>lsta</strong></span> <span class='ocrx_word' id='word_1_235' title='bbox 962 4337 1017 4405; x_wconf 86' lang='lat' dir='ltr'><strong>est</strong></span> <span class='ocrx_word' id='word_1_236' title='bbox 1041 4328 1202 4404; x_wconf 88' lang='lat' dir='ltr'><strong>secunda</strong></span> <span class='ocrx_word' id='word_1_237' title='bbox 1228 4349 1312 4424; x_wconf 87' lang='lat' dir='ltr'><strong>pars</strong></span> <span class='ocrx_word' id='word_1_238' title='bbox 1336 4327 1530 4423; x_wconf 89' lang='lat' dir='ltr'><strong>generalis,</strong></span> <span class='ocrx_word' id='word_1_239' title='bbox 1556 4326 1593 4400; x_wconf 92' lang='lat' dir='ltr'><strong>in</strong></span> <span class='ocrx_word' id='word_1_240' title='bbox 1620 4348 1694 4421; x_wconf 87' lang='lat' dir='ltr'><strong>qua</strong></span> 
     </span>
     <span class='ocr_line' id='line_1_31' title="bbox 520 4439 1692 4544; baseline -0.005 -16"><span class='ocrx_word' id='word_1_241' title='bbox 520 4459 630 4528; x_wconf 88' lang='lat' dir='ltr'><strong>autor</strong></span> <span class='ocrx_word' id='word_1_242' title='bbox 646 4439 817 4528; x_wconf 81' lang='lat' dir='ltr'><strong>describit</strong></span> <span class='ocrx_word' id='word_1_243' title='bbox 829 4472 937 4524; x_wconf 90' lang='lat' dir='ltr'><strong>suum</strong></span> <span class='ocrx_word' id='word_1_244' title='bbox 957 4470 1150 4526; x_wconf 89' lang='lat' dir='ltr'><strong>ascensum</strong></span> <span class='ocrx_word' id='word_1_245' title='bbox 1168 4448 1214 4524; x_wconf 90' lang='lat' dir='ltr'><strong>ad</strong></span> <span class='ocrx_word' id='word_1_246' title='bbox 1232 4469 1378 4544; x_wconf 91' lang='lat' dir='ltr'><strong>speram</strong></span> <span class='ocrx_word' id='word_1_247' title='bbox 1396 4448 1500 4541; x_wconf 91' lang='lat' dir='ltr'><strong>solis;</strong></span> <span class='ocrx_word' id='word_1_248' title='bbox 1519 4453 1556 4523; x_wconf 89' lang='lat' dir='ltr'><strong>et</strong></span> <span class='ocrx_word' id='word_1_249' title='bbox 1573 4447 1692 4542; x_wconf 92' lang='lat' dir='ltr'><strong>primo</strong></span> 
     </span>
     <span class='ocr_line' id='line_1_32' title="bbox 522 4567 1695 4666; baseline -0.008 -17"><span class='ocrx_word' id='word_1_250' title='bbox 522 4572 677 4650; x_wconf 84' lang='lat' dir='ltr'><strong>ostendit</strong></span> <span class='ocrx_word' id='word_1_251' title='bbox 702 4570 971 4666; x_wconf 88' lang='lat' dir='ltr'><strong>dispositionem</strong></span> <span class='ocrx_word' id='word_1_252' title='bbox 998 4570 1110 4665; x_wconf 90' lang='lat' dir='ltr'><strong>ipsius</strong></span> <span class='ocrx_word' id='word_1_253' title='bbox 1136 4569 1234 4663; x_wconf 89' lang='lat' dir='ltr'><strong>solis,</strong></span> <span class='ocrx_word' id='word_1_254' title='bbox 1258 4575 1297 4642; x_wconf 93' lang='lat' dir='ltr'><strong>et</strong></span> <span class='ocrx_word' id='word_1_255' title='bbox 1319 4568 1405 4643; x_wconf 91' lang='lat' dir='ltr'><strong>dicit</strong></span> <span class='ocrx_word' id='word_1_256' title='bbox 1429 4567 1529 4662; x_wconf 92' lang='lat' dir='ltr'><strong>quod</strong></span> <span class='ocrx_word' id='word_1_257' title='bbox 1554 4567 1695 4644; x_wconf 87' lang='lat' dir='ltr'><strong>eratin</strong></span> 
     </span>
    </p>
   </div>
   <div class='ocr_carea' id='block_1_3' title="bbox 523 4689 1694 4790">
    <p class='ocr_par' dir='ltr' id='par_1_4' title="bbox 523 4689 1694 4790">
     <span class='ocr_line' id='line_1_33' title="bbox 523 4689 1694 4790; baseline -0.007 -22"><span class='ocrx_word' id='word_1_258' title='bbox 523 4693 695 4790; x_wconf 89' lang='lat' dir='ltr'><strong>principio</strong></span> <span class='ocrx_word' id='word_1_259' title='bbox 720 4691 854 4768; x_wconf 89' lang='lat' dir='ltr'><strong>arietis.</strong></span> <span class='ocrx_word' id='word_1_260' title='bbox 888 4692 990 4767; x_wconf 87' lang='lat' dir='ltr'><strong>Unde</strong></span> <span class='ocrx_word' id='word_1_261' title='bbox 1018 4689 1125 4766; x_wconf 91' lang='lat' dir='ltr'><strong>dicit:</strong></span> <span class='ocrx_word' id='word_1_262' title='bbox 1153 4694 1202 4762; x_wconf 86' lang='lat' dir='ltr'><strong>Lo</strong></span> <span class='ocrx_word' id='word_1_263' title='bbox 1228 4691 1388 4764; x_wconf 73' lang='lat' dir='ltr'><strong>amaon</strong></span> <span class='ocrx_word' id='word_1_264' title='bbox 1412 4691 1577 4779; x_wconf 71' lang='lat' dir='ltr'><strong>mouprbr</strong></span> <span class='ocrx_word' id='word_1_265' title='bbox 1601 4690 1694 4762; x_wconf 84' lang='lat' dir='ltr'><strong>della</strong></span> 
     </span>
    </p>
   </div>
   <div class='ocr_carea' id='block_1_4' title="bbox 588 4947 1586 5017">
    <p class='ocr_par' dir='ltr' id='par_1_5' title="bbox 588 4947 1586 5017">
     <span class='ocr_line' id='line_1_34' title="bbox 588 4947 1586 5017; baseline -0.011 -8"><span class='ocrx_word' id='word_1_266' title='bbox 588 4955 616 5016; x_wconf 80' lang='lat'><strong>(¹)</strong></span> <span class='ocrx_word' id='word_1_267' title='bbox 630 4955 667 5008; x_wconf 69' lang='lat' dir='ltr'><strong>tn</strong></span> <span class='ocrx_word' id='word_1_268' title='bbox 683 4953 772 5017; x_wconf 83' lang='lat' dir='ltr'><strong>parole</strong></span> <span class='ocrx_word' id='word_1_269' title='bbox 788 4954 829 5006; x_wconf 76' lang='lat' dir='ltr'><strong>irs</strong></span> <span class='ocrx_word' id='word_1_270' title='bbox 844 4954 854 5007; x_wconf 86' lang='lat' dir='ltr'><strong>l</strong></span> <span class='ocrx_word' id='word_1_271' title='bbox 870 4955 920 5006; x_wconf 85' lang='lat' dir='ltr'><strong>duc</strong></span> <span class='ocrx_word' id='word_1_272' title='bbox 936 4952 1070 5004; x_wconf 76' lang='lat' dir='ltr'><strong>asteriscbi</strong></span> <span class='ocrx_word' id='word_1_273' title='bbox 1085 4965 1131 5004; x_wconf 85' lang='lat' dir='ltr'><strong>son</strong></span> <span class='ocrx_word' id='word_1_274' title='bbox 1148 4951 1260 5016; x_wconf 80' lang='lat' dir='ltr'><strong>supplito</strong></span> <span class='ocrx_word' id='word_1_275' title='bbox 1276 4950 1344 5016; x_wconf 82' lang='lat' dir='ltr'><strong>dagli</strong></span> <span class='ocrx_word' id='word_1_276' title='bbox 1359 4949 1420 5001; x_wconf 82' lang='lat' dir='ltr'><strong>altri</strong></span> <span class='ocrx_word' id='word_1_277' title='bbox 1436 4954 1476 5000; x_wconf 88' lang='lat' dir='ltr'><strong>tre</strong></span> <span class='ocrx_word' id='word_1_278' title='bbox 1490 4947 1586 5000; x_wconf 87' lang='lat' dir='ltr'><strong>Codiei.</strong></span> 
     </span>
    </p>
   </div>
   <div class='ocr_carea' id='block_1_5' title="bbox 0 0 2426 6642">
    <p class='ocr_par' dir='ltr' id='par_1_6' title="bbox 0 0 2426 6642">
     <span class='ocr_line' id='line_1_35' title="bbox 0 0 2426 6642; baseline 0 0"><span class='ocrx_word' id='word_1_279' title='bbox 0 0 2426 6642; x_wconf 95' lang='lat' dir='ltr'><strong> </strong></span> 
     </span>
    </p>
   </div>
  </div>
 </body>
</html>
