4842 6642
905 783 951 850 34
1297 793 1502 850 munuruu
1527 793 1693 848 namursi

901 939 1057 1014 deudam
1078 939 1284 1036 gratiarum
1302 940 1485 1016 actionem
1497 934 1554 1034 (¹)²
1576 945 1671 1014 Cuor
1686 943 1725 1015 di
1741 943 1884 1030 moriat,
1900 940 1992 1014 idest
2011 959 2078 1015 oor

900 1060 1121 1154 humanum,
1150 1081 1224 1132 non
1247 1064 1289 1154 su
1314 1063 1388 1133 mni
1418 1053 1449 1134 si
1481 1063 1628 1152 dipesto,
1662 1060 1766 1154 idest,
1795 1059 2023 1155 dispositum,
2054 1081 2078 1133 a

901 1183 1087 1256 diuozione
1111 1203 1130 1253 e
1154 1187 1292 1254 conano
1316 1187 1438 1273 presto
1469 1202 1494 1253 o
1523 1183 1686 1255 renderoi
1713 1202 1738 1253 o
1769 1183 1839 1254 Dio
1863 1201 1930 1253 oon
1955 1186 2038 1253 tutio
2054 1182 2080 1253 ’l

859 1284 864 1290 ¹
901 1323 966 1376 suo
989 1305 1132 1395 produ,
1158 1302 1261 1396 idest,
1275 1334 1278 1340 ·
1291 1301 1558 1398 gratificatione
1592 1301 1650 1376 rel
1682 1300 1888 1398 gratiarum
1921 1301 2077 1394 actione,

903 1444 999 1498 conte
1019 1427 1068 1496 mi
1082 1425 1147 1517 seo'
1160 1426 1195 1496 io
1212 1442 1237 1494 a
1253 1425 1360 1514 quelle
1370 1425 1512 1514 parole,
1526 1421 1627 1515 tuost,
1645 1421 1840 1514 Beatricis3
1858 1427 1896 1496 et
1913 1421 2078 1515 loquitur

904 1549 1014 1618 autor
1045 1543 1290 1641 hyperbolice.
1324 1543 1368 1616 lit
1396 1542 1543 1617 subdit:
1573 1563 1593 1615 e
1615 1535 1646 1614 si
1670 1549 1754 1616 tnuo
1770 1544 1796 1615 't
1823 1545 1893 1615 mio
1918 1546 2080 1616 omorsi

904 1669 989 1740 mue
1016 1667 1055 1737 in
1084 1667 1145 1755 lui,
1179 1664 1316 1738 scilicet
1352 1664 1484 1756 Deum,
1509 1665 1569 1736 cle
1601 1665 1758 1738 Beutriee
1788 1655 1941 1754 eoolnsd,
1974 1662 2077 1756 idest,

903 1785 1072 1880 eclipsata
1099 1792 1165 1878 est,
1192 1785 1294 1876 idest,
1317 1783 1479 1858 nubilata
1505 1783 1543 1857 in
1569 1773 1716 1874 lncel²l,
1733 1784 1814 1855 nell
1827 1783 1953 1873 obbtio,
1973 1781 2077 1876 idest,

903 1904 940 1979 in
962 1905 1157 2000 oblivione,
1170 1905 1276 1999 quasi
1295 1903 1414 1978 dicat:
1438 1903 1625 1979 necessita
1647 1903 1826 1977 memoria
1845 1921 1939 1978 mea.
1954 1904 1998 1977 lit
2019 1903 2079 1979 bic

903 2030 989 2099 nola
1007 2025 1107 2119 quod
1123 2045 1189 2120 per
1208 2027 1277 2098 boo
1293 2029 1403 2098 autor
1415 2023 1597 2098 subtiliter
1611 2023 1783 2097 admonet
1797 2023 1919 2097 virum
1937 2023 2080 2099 studio·
2182 2116 2186 2120 .

904 2165 1002 2238 sum,
1027 2151 1069 2218 ut
1093 2143 1289 2239 aliquando
1309 2143 1457 2218 dimissa
1475 2144 1723 2239 speculatione
1747 2131 1863 2217 sacrae
1887 2143 2080 2240 scripturae

904 2270 1010 2340 vacet
1035 2265 1190 2340 orationi
1216 2264 1359 2359 dirinae,
1381 2266 1552 2358 exemplo
1568 2265 1718 2337 'lbomae
1731 2254 1768 2356 (³)
1787 2264 1834 2338 de
1859 2265 2015 2360 Aquino,
2031 2265 2080 2340 de

906 2408 982 2481 quo
1005 2388 1126 2460 statim
1145 2386 1300 2479 dicetur,
1319 2385 1382 2479 qui
1398 2384 1538 2479 positus
1559 2385 1595 2458 in
1617 2385 1774 2459 articulo
1797 2386 1927 2460 mortis
1951 2393 2080 2462 etc.-

907 2511 987 2579 Non
1013 2509 1054 2580 le.
1078 2506 1143 2580 llic
1167 2513 1278 2580 autor
1303 2505 1458 2580 ostendit
1488 2506 1688 2600 quomodo,
1713 2505 1880 2580 oratione
1905 2507 2078 2601 perlecta,

907 2625 1078 2702 rediverit
1104 2625 1148 2700 ad
1176 2626 1332 2721 primam
1360 2625 1644 2720 speculationem
1664 2627 1857 2702 beatricis:
1882 2626 1965 2702 ideo
1985 2628 2081 2703 bene

906 2745 1020 2844 lingit,
1039 2750 1118 2819 Non
1136 2748 1166 2817 le
1183 2748 1402 2839 annocum,-
1420 2766 1480 2818 mo
1495 2739 1525 2820 si
1541 2767 1579 2820 se
1595 2767 1638 2819 ue
1652 2751 1737 2839 rise,
1754 2747 1856 2839 idest,
1870 2747 1946 2821 imo
1959 2747 2080 2843 potius

905 2869 1028 2940 laetata
1054 2871 1122 2959 est,
1148 2872 1185 2942 et
1218 2865 1363 2940 reduxit
1392 2886 1480 2940 eum
1507 2866 1554 2941 ad
1580 2867 1743 2962 primum
1774 2867 1950 2962 officium3
1982 2868 2081 2944 uude

906 2987 1014 3061 dicit:
1041 2989 1101 3058 obe
1126 2989 1160 3058 Io
1184 2987 1351 3078 splendor
1376 2989 1469 3077 depli
1499 2989 1595 3059 oceli
1617 2989 1696 3060 suoi
1718 2989 1859 3078 ridenti,
1889 2987 1992 3082 idest,
2019 2989 2079 3062 lu-

910 3127 996 3182 men
1020 3105 1275 3202 speculationis
1292 3105 1372 3182 eius
1389 3107 1471 3181 laete
1491 3105 1723 3200 delectabilis,
1744 3111 1853 3181 diuise
1868 3111 1907 3180 io
1924 3104 1986 3201 piri
2002 3131 2082 3183 cose

765 3258 768 3263 ·
907 3230 943 3300 lu
969 3231 1040 3301 orio
1061 3230 1296 3316 nonomine,
1315 3225 1406 3300 idest
1427 3233 1587 3301 mentem
1611 3247 1733 3301 meam
1752 3228 1892 3301 unitam
1911 3235 2026 3304 totam
2044 3229 2082 3303 iu

904 3348 1099 3422 devotione
1113 3353 1150 3422 et
1167 3347 1377 3441 simpliciter
1391 3347 1566 3421 intentam
1585 3349 1622 3421 iu
1639 3348 1844 3444 gratiarum
1862 3350 2006 3426 actione
2025 3351 2083 3425 di·

905 3468 987 3544 visit
1012 3468 1049 3541 iu
1075 3469 1199 3563 plures
1227 3488 1304 3560 res;
1330 3466 1418 3561 quia
1445 3467 1700 3542 retraniteam
1721 3468 1984 3544 adridendum
2002 3471 2083 3566 plu-

907 3610 966 3664 res
991 3589 1138 3684 spiritus
1164 3588 1441 3683 lucentissimus,
1468 3588 1657 3662 utstatim
1684 3589 1981 3683 sequitan-lo
1998 3595 2080 3667 nidi

906 3708 972 3783 llic
997 3715 1104 3783 autor
1122 3708 1245 3803 incipit
1261 3708 1471 3784 describere
1488 3709 1587 3783 illam
1605 3717 1776 3804 quartam
1796 3710 1970 3787 familiam
1988 3733 2083 3808 prue-

906 3829 1038 3904 dictam
1066 3836 1246 3923 quantum
1273 3829 1319 3903 ad
1346 3835 1489 3902 motum
1514 3836 1553 3904 et
1577 3837 1759 3924 quantum
1776 3832 1823 3906 ad
1845 3839 2008 3927 cantum,
2025 3833 2082 3907 di·

907 3969 1016 4024 cens:
1043 3954 1084 4022 lo
1111 3951 1182 4022 uidi
1202 3943 1265 4042 pn
1288 3952 1434 4044 sulporr',
1463 3949 1568 4044 idest,
1594 3949 1775 4047 fulgentes
1800 3952 1982 4048 doctores,
1999 3957 2081 4045 uiui,

907 4069 1094 4165 quianon
1121 4076 1373 4144 estmortuus
1402 4069 1466 4163 qni
1501 4069 1689 4145 scientiam
1724 4071 1929 4168 vivificavit,
1964 4079 2007 4147 ut
2031 4073 2084 4148 ait

907 4191 1140 4284 PtolomaeuS,
1166 4211 1184 4262 e
1208 4192 1366 4284 vincenti,
1395 4191 1531 4264 scilicet
1557 4191 1684 4265 lumen
1708 4191 1817 4286 solis3
1844 4213 1942 4287 uam,
1970 4200 2011 4268 ut
2027 4193 2084 4268 di·

879 4405 881 4411 *
907 4317 1008 4384 ctum
1031 4317 1086 4384 est
1103 4331 1227 4405 supra,
1245 4310 1389 4384 Beatrix
1409 4317 1490 4384 erat
1508 4310 1727 4405 splendidior
1747 4312 1835 4407 sole,
1853 4321 1890 4388 et
1905 4313 1963 4388 isti
1986 4313 2083 4388 beati

908 4437 1014 4505 erant
1039 4431 1156 4524 qualis
1182 4431 1351 4524 Beatrir3
1378 4430 1437 4506 rel
1462 4434 1622 4521 vincenti,
1648 4431 1795 4526 scilicet,
1813 4433 1904 4508 alios
1923 4430 2082 4528 spiritns,

908 4549 972 4644 qui
1011 4571 1051 4624 se
1087 4551 1326 4624 ostenderunt
1365 4551 1402 4624 in
1439 4550 1518 4625 allis
1552 4551 1670 4625 tribus
1701 4553 1817 4646 speris
1850 4553 2085 4629 inferioribus

910 4669 1024 4742 Lunae
1039 4658 1088 4762 (⁸),
1115 4671 1282 4744 Mercurii
1317 4677 1355 4744 et
1387 4670 1549 4766 Veneris,
1578 4674 1656 4764 sor,
1676 4675 1714 4745 di
1745 4676 1808 4746 noi
1834 4681 1967 4768 renuo,
1996 4675 2084 4769 quia

974 4857 1001 4917 (¹)
1018 4856 1048 4905 E.
1065 4856 1201 4916 actionem,
1218 4857 1319 4907 dloerm
1339 4857 1414 4908 Gnor.
1607 4855 1634 4920 (¹)
1651 4859 1682 4907 E.
1699 4860 1726 4908 ln
1743 4858 1850 4909 lumine.

977 4930 1004 4996 (⁸)
1019 4931 1050 4982 ll.
1067 4932 1134 4983 beati
1150 4933 1268 4984 Thomas.
1609 4935 1636 4995 l‘)
1652 4935 1683 4985 Ε.
1699 4935 1798 4987 scilicet
1813 4936 1903 4986 Luna.
