4842 6642
830 827 835 838 ,
966 762 1014 829 86
1353 771 1557 830 cumcun
1581 773 1750 830 nunnoni

965 917 1148 994 malorum
1175 938 1347 1014 operum,
1372 921 1514 1010 quondo
1539 922 1567 993 il
1589 921 1710 1011 leptim
1726 917 1829 1011 idest,
1852 939 1989 1015 pravus
2013 921 2141 1014 irater,

962 1041 994 1111 si
1018 1029 1169 1130 luprmrd
1193 1041 1254 1114 ote
1279 1041 1404 1112 turco
1426 1043 1477 1131 pt·
1500 1042 1556 1114 ria
1580 1042 1680 1130 totto,
1705 1039 1842 1114 scilieet
1866 1061 1933 1135 pro
1950 1040 2067 1136 peiuri
2086 1063 2138 1134 se,

963 1159 1023 1236 vel
1048 1160 1135 1254 quia
1161 1159 1380 1235 vacuabitur
1413 1160 1508 1255 ipsis.
1534 1161 1597 1234 Est
1626 1159 1725 1234 enim
1752 1159 1878 1233 lolium
1905 1180 2033 1242 semen
2059 1183 2139 1238 ma·

963 1279 1117 1377 lignum,
1152 1280 1251 1374 quod
1285 1278 1439 1362 suffocat
1453 1300 1457 1308 ·
1471 1279 1699 1356 trumentum
1731 1284 1769 1354 et
1801 1279 1936 1354 bonam
1963 1277 2135 1358 herbam:

964 1401 1074 1476 modo
1099 1399 1184 1476 dicit
1208 1400 1287 1496 iste,
1310 1400 1411 1494 quod
1439 1401 1619 1476 horreum
1646 1400 1706 1476 vel
1734 1420 1834 1494 arca,
1860 1399 1953 1475 idest
1982 1402 2137 1478 ecclesia
2197 1463 2205 1476 .

962 1521 1021 1598 vel
1048 1521 1188 1616 regula,
1215 1540 1300 1615 quae
1330 1520 1492 1596 continet
1515 1527 1554 1596 et
1579 1526 1772 1597 conservat
1798 1521 1940 1596 tructus
1975 1522 2133 1598 fratrum

962 1639 1398 1736 minorum,'vacuahttur
1422 1641 1519 1736 lolio,
1544 1642 1647 1736 idest,
1668 1641 1786 1736 malis,
1803 1649 1840 1716 et
1865 1645 2132 1738 preparabitur

961 1760 1158 1858 peioribus,
1175 1761 1280 1836 etsie
1298 1761 1427 1836 ultimo
1445 1761 1619 1858 pessimis.
1642 1763 1685 1834 lit
1705 1761 1764 1836 hic
1784 1767 1881 1856 nota,
1903 1763 2003 1858 quod
2024 1771 2136 1838 autor

961 1888 1084 1958 noster
1110 1882 1498 1977 circumspectissimus
1522 1903 1571 1958 ex
1591 1883 1647 1956 his
1667 1901 1753 1975 quae
1772 1883 1918 1960 ridebat
1943 1884 2134 1960 coniectu-

961 2002 1067 2080 rabat
1091 2001 1201 2078 finem
1220 2001 1386 2078 istorum.
1405 2002 1499 2078 Nam
1518 2002 1566 2077 de
1582 2002 1637 2078 rei
1654 2002 1810 2078 veritate
1826 2002 1885 2076 isti
1900 2003 1976 2078 duo
1993 2006 2133 2102 egregii

961 2121 1106 2198 ordines
1138 2121 1421 2217 praedicatorum
1447 2128 1483 2196 et
1510 2122 1709 2216 minorum,
1736 2122 1923 2217 quondam
1948 2122 2025 2200 duo
2055 2126 2131 2200 cla-

962 2240 1104 2316 rissima
1129 2242 1270 2318 lumina
1295 2243 1435 2338 mundi,
1460 2243 1540 2339 jam
1565 2243 1651 2318 satis
1676 2243 1865 2338 patiuntur
1894 2244 2068 2340 eclipsim,
2095 2254 2133 2323 et

960 2360 998 2438 in
1023 2362 1265 2438 declinatione
1289 2369 1386 2458 sunt,
1418 2369 1456 2438 et
1483 2363 1619 2438 habent
1648 2363 1744 2437 inter
1767 2383 1810 2438 se
1832 2369 2001 2458 patenter
2035 2352 2129 2442 bella

958 2483 1076 2559 civilia
1102 2489 1139 2559 et
1162 2482 1383 2558 domesticas
1412 2483 1635 2578 discordias3·
1652 2490 1690 2559 et
1715 2503 1781 2579 per
1805 2504 2034 2579 consequens
2058 2508 2133 2564 non

958 2603 1130 2680 videntur
1154 2603 1219 2680 diu
1243 2604 1431 2679 duraturi:
1458 2603 1541 2680 ideo
1565 2605 1662 2682 bene
1687 2607 1890 2681 monachus
1920 2608 2035 2682 sancti
2061 2608 2133 2682 lle-

958 2724 1090 2804 nedicti
1102 2725 1193 2798 dnm
1207 2724 1462 2820 increparetur
1478 2746 1502 2800 a
1519 2724 1634 2800 tratre
1650 2724 1795 2800 minore
1811 2725 1858 2802 de
1878 2725 1959 2802 eius
1970 2727 2129 2823 lascivia,

958 2844 1159 2940 respondit:
1186 2845 1336 2940 quando
1360 2844 1577 2919 Franciscus
1609 2845 1781 2920 habuerit
1809 2851 1864 2919 tot
1891 2834 2010 2920 annos
2038 2854 2130 2942 quot

957 2967 1068 3042 habet
1092 2965 1322 3060 Benedictus,
1352 2965 1515 3060 loqueris
1529 2958 1567 3058 (⁴)
1592 2966 1681 3041 mihi
1706 2973 1776 3042 etc
1789 2971 1926 3042 -Ben
1951 2969 2040 3041 dico.
2066 2968 2131 3043 llio

956 3089 1216 3164 Beneventum
1240 3086 1374 3181 excipit
1396 3086 1539 3179 aliquos
1556 3106 1695 3182 paucos
1713 3107 1736 3161 a
1753 3087 1848 3162 dicta
1868 3087 2132 3182 depravatione

956 3209 1020 3304 qui
1049 3208 1144 3282 bene
1173 3210 1322 3281 servant
1355 3207 1536 3303 regulam,
1568 3228 1731 3301 quorum
1760 3207 1900 3282 meritis
1930 3207 2007 3302 ipse
2037 3207 2130 3282 ordo

954 3327 1125 3404 consistit
1147 3325 1238 3401 Dicit
1263 3347 1376 3423 ergo:
1394 3331 1470 3400 Bcn
1485 3329 1577 3418 dico,
1594 3329 1649 3401 clti
1664 3349 1821 3402 rorasse
1836 3334 1960 3402 ametro
1977 3330 2125 3419 volume,

954 3449 1056 3543 idest,
1083 3448 1112 3522 si
1137 3447 1221 3542 quis
1237 3447 1332 3522 bene
1351 3447 1555 3542 inquireret
1572 3447 1609 3521 in
1625 3448 1756 3524 ordine
1772 3447 1972 3543 minorum,
1990 3447 2055 3540 qui
2072 3454 2130 3522 est

953 3569 1158 3646 maximum
1185 3566 1361 3644 volumen
1386 3567 1557 3663 fratrum,
1575 3588 1622 3642 er
1645 3568 1768 3642 multis
1787 3567 1891 3663 toliis,
1916 3587 1943 3640 o
1963 3570 2076 3663 sopito
2101 3587 2125 3639 a

949 3692 1075 3783 sopito,
1100 3688 1201 3783 idest,
1228 3688 1276 3762 de
1300 3687 1414 3762 tratre
1438 3688 1485 3764 ad
1511 3686 1663 3764 tratrem
1690 3689 1887 3785 sigillatim,
1913 3710 2028 3762 nacor
2051 3695 2127 3763 tro-
2251 3679 2254 3683 ’

952 3811 1051 3886 veria
1076 3815 1191 3900 curto,
1216 3809 1319 3903 idest,
1345 3809 1507 3904 aliquem
1539 3809 1706 3904 tratrem,
1730 3813 1764 3883 tl
1778 3811 1990 3901 topperedde,
2023 3809 2128 3904 idest,

951 3931 1076 4028 legere
1101 3937 1241 4026 posset:
1268 3935 1308 4004 lo
1333 3933 1383 4005 mi
1412 3951 1479 4004 son
1509 3933 1589 4022 puel
1618 3933 1717 4004 clr'io
1750 3934 1873 4024 sopito,
1905 3929 2008 4025 idest,
2041 3953 2125 4006 sum

951 4073 1040 4134 vere
1064 4051 1179 4129 trater
1205 4050 1326 4126 minor
1351 4050 1525 4146 antiquus
1551 4073 1625 4126 non
1651 4057 1829 4145 mutatus,
1854 4051 2014 4146 humilis,
2031 4072 2126 4147 pau-

949 4193 1026 4268 per,
1052 4171 1245 4248 discalcius
1259 4176 1270 4263 (
1286 4174 1309 4263 ).
1324 4176 1450 4246 —llo
1473 4192 1556 4246 non
1590 4171 1655 4246 llic
1684 4171 1945 4246 Bonavemura
1976 4171 2128 4246 damnat

949 4293 993 4374 in
1003 4291 1147 4388 speciali
1165 4292 1259 4368 duos
1276 4292 1408 4368 iratres
1429 4293 1610 4387 minores3
1632 4298 1669 4368 et
1685 4292 1806 4388 prirno
1824 4293 1976 4368 tratrem
1990 4295 2125 4368 lohan-

950 4430 1036 4494 nem
1048 4409 1095 4486 de
1108 4411 1242 4490 Casali:
1260 4412 1328 4486 iste
1345 4410 1525 4506 siquidem
1543 4412 1678 4486 nimius
1693 4401 1731 4505 (³)
1750 4411 1952 4508 stringebat
1968 4414 2124 4508 scriptu-

951 4549 1031 4612 ram
1057 4551 1201 4606 sacram
1230 4531 1269 4605 in
1295 4532 1531 4626 exponend05
1559 4533 1702 4628 scripsit
1725 4532 1824 4607 enim
1850 4553 1963 4628 super
1988 4533 2125 4608 librum

947 4649 1192 4746 Apocelypsts,
1207 4650 1271 4724 ubi
1284 4651 1369 4726 lecit
1381 4651 1621 4726 tructissimas
1633 4641 1670 4744 (⁸)
1689 4651 1945 4748 expositiones,
1957 4659 1995 4728 et
2008 4654 2125 4728 multa

1010 4844 1038 4912 (¹)
1052 4847 1083 4897 E.
1100 4851 1164 4898 tune
1180 4847 1295 4912 loquaris
1311 4848 1384 4898 mihi.
1508 4844 1538 4910 (²)
1554 4845 1581 4898 S.
1597 4847 1776 4898 discalceatus.
1902 4847 1929 4911 (ll
1944 4849 1976 4898 E.
1992 4850 2077 4900 nimis.

1010 4923 1037 4988 (¹)
1052 4923 1079 4974 S.
1095 4923 1565 4988 fructiferas.-s‚.truotuostutmrs.
1575 4923 1645 4976 -Ε,
1660 4923 1916 4976 infructuosissimas.
