4842 6642
825 868 964 926 murus
989 872 1217 927 rurorssrnos.
1538 862 1608 929 atr

435 1012 597 1089 materia.
626 1013 728 1090 Unde
752 1013 857 1090 dicit:
875 1017 911 1087 io
937 1018 985 1088 rui
1008 1019 1161 1090 omtcedo
1179 1019 1273 1089 uiuto
1291 1019 1339 1089 do
1357 1022 1475 1107 questo
1487 1035 1611 1109 posto,

432 1155 497 1231 per
523 1155 636 1229 quem
664 1156 762 1210 nuno
788 1136 907 1213 babeo
932 1136 1101 1233 transire,
1113 1134 1178 1230 pid
1202 1139 1263 1211 cte
1286 1140 1459 1229 piorumoi
1477 1140 1610 1212 comico

432 1277 454 1329 o
479 1258 627 1347 capedo
647 1260 743 1352 [osse
767 1266 925 1351 soprato,
950 1258 1053 1353 idest,
1071 1263 1277 1355 superatus,
1296 1260 1345 1332 do
1359 1265 1469 1353 punto
1485 1262 1524 1333 di
1540 1280 1608 1333 suo

431 1384 531 1451 bruc.
559 1377 730 1453 Comicus
755 1378 852 1453 enim
879 1379 1083 1475 appellatur
1109 1386 1217 1475 poeta
1251 1379 1314 1474 qui
1345 1378 1516 1453 describit
1544 1400 1609 1455 oo·

433 1497 620 1592 moediam,
652 1496 755 1591 idest,
784 1498 928 1574 bassam
966 1501 1181 1595 materiam,
1218 1499 1382 1597 tragicus
1416 1520 1506 1575 vero
1541 1498 1606 1594 qui

432 1619 603 1695 describit
627 1618 858 1715 tragoediam,
884 1618 986 1714 idest,
1012 1622 1125 1696 altam
1153 1622 1359 1715 materiam,
1386 1627 1430 1696 ut
1461 1621 1608 1717 exposi-

432 1749 513 1817 tum
539 1748 595 1817 est
619 1741 726 1836 piene
751 1740 870 1836 primo
896 1741 1054 1837 capitulo
1079 1741 1215 1817 interni
1246 1750 1283 1817 et
1314 1741 1400 1817 aiibi
1426 1762 1533 1837 saepc.
1562 1740 1607 1815 Et

433 1862 491 1937 bic
516 1870 602 1936 nota
627 1858 725 1956 quod
752 1866 862 1937 autor
889 1862 1022 1937 merito
1054 1863 1123 1937 boc
1154 1860 1266 1960 tingit,
1298 1862 1385 1957 quia
1410 1880 1605 1956 uunquam

432 1983 502 2057 tuit
525 1987 633 2077 poeta
659 1982 722 2076 qui
748 1988 822 2058 tam
849 1982 961 2057 attam
982 1983 1174 2058 materiam
1197 1983 1407 2078 sumpserit,
1424 1982 1518 2058 sicut
1535 2001 1606 2055 au·

432 2112 490 2180 tor
514 2124 615 2179 nunc
640 2104 703 2198 qui
728 2102 899 2178 describit
924 2103 1084 2179 divinam
1103 2104 1300 2177 essentiam
1327 2102 1363 2175 in
1390 2102 1551 2178 trinitate
1569 2108 1608 2177 et

432 2225 583 2319 unitata,
599 2224 828 2299 humanitate
846 2230 884 2299 et
900 2224 1107 2318 divinitate3
1126 2231 1164 2299 ct
1184 2224 1236 2297 sic
1253 2222 1481 2319 perpendere
1501 2229 1609 2319 potes

430 2344 617 2440 quomodo
642 2343 870 2439 comparatio
894 2342 940 2417 sit
966 2344 1122 2439 propria.
1138 2384 1187 2399 —
1204 2340 1274 2418 cte*
1286 2364 1393 2417 come.
1411 2342 1476 2418 Hic
1493 2350 1603 2418 autor

430 2465 602 2541 describit
626 2463 849 2539 debilitatem
877 2483 954 2537 suae
980 2464 1112 2539 mentis
1133 2484 1199 2559 per
1223 2464 1345 2538 iocum
1373 2484 1396 2537 a
1421 2463 1548 2559 simiti3
1569 2470 1608 2540 et

432 2584 593 2661 breviter
617 2584 742 2681 arguit
766 2584 836 2659 sic:
863 2584 957 2659 sicut
990 2604 1030 2659 se
1060 2584 1170 2659 babet
1198 2585 1330 2659 ocutus
1360 2582 1528 2658 infirmus
1557 2582 1605 2659 ad

433 2706 554 2781 lucem
576 2705 672 2799 sotis,
691 2704 740 2778 ita
766 2724 871 2779 mens
889 2724 973 2779 mea
993 2704 1179 2780 adiuuem
1198 2704 1385 2797 beatricis,
1403 2722 1488 2797 quae
1508 2723 1607 2779 nunc

431 2834 625 2902 ostensura
650 2832 731 2902 erat
756 2826 845 2900 mibi
870 2830 1053 2901 aetemum
1079 2826 1205 2901 sotem.
1232 2826 1336 2900 Unde
1360 2824 1464 2900 dicit:
1489 2822 1557 2900 Otto*
1571 2828 1606 2899 to

431 2948 664 3021 rirmmbrurc
692 2950 750 3023 det
776 2950 874 3021 dolce
903 2950 992 3039 riso,
1024 2947 1126 3042 idest,
1158 2948 1339 3023 memoria
1368 2946 1484 3021 dulcis
1513 2947 1606 3021 iaeti·

433 3068 493 3143 tite
507 3061 545 3161 (⁴)
567 3068 753 3162 Bcatricis,
773 3088 888 3141 scenio
907 3070 945 3141 ia
961 3075 1072 3141 mente
1088 3072 1161 3141 mio
1178 3070 1227 3141 do
1242 3064 1282 3142 se*
1296 3070 1483 3157 uudesmo,
1502 3065 1605 3160 idest,

431 3192 594 3267 debilitat
629 3212 750 3267 meam
779 3190 999 3265 memoriam
1033 3196 1071 3264 et
1101 3188 1283 3283 diminuit,
1316 3181 1387 3262 cosi
1417 3209 1513 3262 conte
1535 3190 1603 3282 sot,

431 3313 572 3409 supple,
584 3312 715 3389 scimat
731 3313 864 3405 luceru,
878 3313 916 3385 iu
934 3314 1008 3385 uiso
1025 3312 1085 3385 cte
1099 3304 1163 3403 piri
1181 3317 1306 3403 tremo,
1321 3308 1424 3403 idest,
1444 3307 1607 3383 maxime

431 3436 468 3509 in
489 3434 634 3508 infirmo
652 3438 689 3508 et
703 3431 823 3507 debili.
851 3431 910 3507 Sic
925 3423 962 3524 (²)
981 3430 1080 3507 enim
1099 3451 1139 3507 se
1166 3432 1275 3507 babet
1300 3430 1432 3505 ocutus
1458 3436 1605 3504 noctua

431 3555 623 3631 adiuuem
650 3552 734 3629 solis
750 3542 787 3646 (³)
813 3562 883 3629 etc.
897 3594 947 3609 —
960 3556 1034 3627 Dot
1054 3556 1182 3647 primo.
1215 3552 1280 3627 Hic
1309 3558 1420 3626 autor
1449 3547 1605 3625 ostendit

432 3675 618 3770 quomodo
644 3675 702 3749 bic
728 3674 853 3748 finitur
874 3674 1046 3748 ultimum
1065 3672 1111 3747 de
1128 3671 1289 3768 potentia
1307 3672 1345 3745 in
1363 3669 1606 3766 descriptione

431 3794 683 3891 pulcritudinis
707 3793 892 3889 Beatricis,
920 3800 957 3869 ct
982 3792 1144 3869 breviter
1164 3792 1261 3888 dicit,
1279 3793 1379 3887 quod
1398 3812 1468 3888 pcr·
1484 3798 1602 3867 totum

431 3916 638 3991 discursum
658 3914 761 3989 istius
777 3914 937 3990 Paradisi
958 3934 1147 4009 nunquam
1166 3918 1312 3987 tantum
1329 3912 1505 3989 exaltarit
1521 3914 1605 4007 pui·
1709 3915 1714 3923 '

431 4034 650 4111 critudinom
677 4034 850 4110 Beatricis
877 4033 965 4129 quin
980 4022 1016 4127 (⁴)
1045 4033 1206 4130 potuerit
1223 4034 1344 4109 adbuc
1366 4033 1483 4130 magis
1502 4032 1606 4108 exai-

431 4164 513 4232 tare
538 4157 675 4252 ipsam3
701 4155 765 4231 sed
792 4152 901 4230 modo
926 4154 1084 4250 amplius
1110 4176 1183 4230 non
1210 4160 1329 4251 potest
1359 4174 1446 4229 cum
1473 4172 1606 4248 perre-

432 4278 527 4353 norit
551 4278 598 4353 ad
625 4277 796 4351 ultimum
814 4276 937 4351 tinem.
956 4276 1137 4351 Construe
1154 4276 1205 4351 sic
1232 4275 1396 4350 literam:
1418 4277 1452 4348 rt
1472 4278 1605 4368 semu,

432 4398 534 4493 idest,
555 4398 729 4494 prosequi
747 4397 1031 4494 pulcritudinem
1051 4395 1236 4490 Beatricis,
1255 4417 1328 4469 nou
1353 4392 1432 4470 m'd
1449 4398 1604 4488 preciso,

433 4518 535 4612 idest,
549 4540 622 4593 non
636 4524 691 4593 ost
704 4517 867 4593 ablatum
883 4517 942 4593 rel
955 4523 1190 4612 amputatum
1211 4515 1309 4609 mibi,
1323 4518 1363 4589 ot
1377 4518 1448 4588 mio
1461 4521 1602 4608 cuntur,

433 4640 537 4732 idest,
556 4658 649 4713 meae
666 4636 896 4733 descriptioni
919 4636 1081 4733 poeticae,
1108 4638 1173 4711 dot
1189 4640 1311 4729 primo
1335 4638 1478 4728 piorno,
1498 4634 1602 4729 idest,

493 4872 521 4935 (Ἴ
537 4872 569 4924 Ε.
584 4873 728 4923 umoris.
985 4866 1013 4931 ι’)
1030 4868 1061 4919 E.
1076 4868 1150 4919 stent
1165 4868 1245 4919 enim.

493 4950 521 5015 (ἢ
540 4950 566 4999 S.
583 4950 654 5011 tuiis,
675 4949 709 5000 ita
728 4964 818 5001 sensus
835 4954 924 5001 noster
947 4948 978 4997 nd
997 4960 1027 4996 ea
1051 4958 1109 5011 quar
1133 4944 1402 5009 incomprebenstbttn
1427 4948 1488 4993 suut
1505 4945 1532 4995 in
1558 4958 1607 4995 nt·

432 5026 606 5079 tm-Bot
987 5024 1014 5085 θ)
1031 5023 1061 5073 Ε.
1078 5023 1181 5087 quaudo
1197 5022 1312 5086 potuerit
1327 5022 1417 5085 magis.
