4842 6642
778 821 851 888 282
1169 832 1376 888 comneni
1399 833 1567 888 rmnrsr

775 977 882 1050 stiom
908 976 1052 1070 tacit25
1076 983 1220 1073 poterat
1245 977 1343 1052 enim
1369 985 1481 1052 autor
1511 997 1708 1072 quaerere:
1740 979 1868 1051 Nonne
1900 977 1953 1050 le-

772 1097 852 1172 cisti
872 1105 915 1172 tu
940 1099 1011 1173 boc
1034 1118 1081 1172 ex
1109 1099 1239 1172 maiori
1260 1099 1453 1174 dilectione
1474 1119 1586 1192 quam
1606 1098 1761 1172 haberes
1785 1099 1833 1174 ad
1864 1103 1950 1174 met

773 1220 968 1316 roepondct
990 1226 1030 1294 et
1052 1219 1159 1293 dicit:
1183 1217 1231 1294 nd
1249 1215 1313 1312 pil
1336 1241 1445 1292 umor
1464 1223 1513 1294 ιι·
1524 1223 1599 1314 [cce
1615 1241 1711 1292 esser
1731 1217 1794 1312 piri
1817 1230 1951 1314 presta

771 1342 877 1434 quasi
901 1339 1011 1434 dicat,
1037 1361 1111 1414 non
1138 1341 1222 1416 veui
1243 1339 1290 1416 ad
1308 1347 1345 1416 te
1360 1341 1470 1416 citius
1485 1340 1565 1414 aliis
1584 1359 1634 1414 ex
1651 1339 1782 1414 maiori
1807 1362 1949 1434 amore,

772 1482 886 1554 quem
907 1461 1084 1536 haberem
1101 1461 1149 1535 ad
1166 1468 1220 1555 te;
1238 1468 1275 1536 et
1299 1461 1417 1536 reddit
1435 1461 1630 1555 rationem,
1651 1461 1795 1536 diceus:
1814 1457 1877 1535 cdd
1887 1458 1950 1554 piri

772 1603 793 1654 e
816 1589 914 1655 tonto
938 1603 1044 1654 umor
1066 1585 1184 1674 prorem
1205 1604 1248 1656 su
1269 1587 1382 1676 leve,
1408 1582 1512 1676 idest,
1529 1582 1634 1656 ardet
1653 1603 1719 1678 per
1745 1582 1852 1657 istam
1871 1603 1951 1660 sca·

775 1701 849 1776 lam
882 1722 996 1796 supra
1028 1723 1103 1796 me,
1131 1703 1237 1796 quasi
1267 1703 1374 1796 dicat,
1404 1703 1504 1798 quod
1536 1724 1771 1798 unaqueque
1803 1703 1947 1778 illarum

774 1821 987 1896 animarum
1007 1822 1118 1898 hahet
1146 1823 1230 1919 plus
1253 1831 1292 1898 et
1317 1823 1550 1898 tantumdem
1581 1823 1744 1897 caritatis
1768 1823 1815 1898 ad
1841 1843 1949 1918 eum;

776 1941 874 2015 unde
897 1935 1050 2018 dicitzsi
1074 1963 1171 2016 come
1193 1945 1223 2016 il
1241 1945 1492 2035 flommcppior
1516 1947 1544 2016 ti
1565 1947 1764 2036 manifesto,
1782 1943 1870 2038 quia
1892 1965 1950 2018 se-

774 2063 938 2138 cundum
955 2063 1171 2158 qualitatem
1183 2065 1385 2160 splendoris
1397 2064 1634 2160 cognoscitur
1652 2064 1699 2136 ibi
1718 2065 1830 2138 ardor
1845 2087 1949 2140 amo-

776 2183 836 2256 ris.
862 2183 907 2257 Et
932 2183 1014 2258 ideo
1037 2184 1160 2258 subdit
1187 2205 1317 2260 veram
1348 2205 1500 2258 causam
1535 2184 1657 2276 huius,
1682 2184 1818 2278 dicens,
1848 2186 1947 2279 quod

773 2303 851 2377 Deo
876 2303 1012 2398 placuit
1035 2305 1155 2399 potius
1187 2305 1335 2380 mittere
1366 2325 1450 2380 eam
1483 2325 1597 2398 quam
1628 2304 1739 2378 aliam
1774 2305 1948 2380 animam.

777 2422 878 2497 Unde
907 2423 1013 2497 dicit:
1045 2445 1105 2498 nto
1138 2428 1162 2500 t
1174 2428 1248 2499 ulto
1272 2415 1388 2499 could
1418 2427 1479 2498 ode
1506 2427 1539 2498 ei
1566 2429 1609 2518 su
1639 2445 1740 2498 seruc
1761 2433 1890 2518 propte
1911 2431 1952 2499 ut

775 2545 956 2634 cousiplio,
973 2543 1076 2638 idest,
1101 2545 1339 2640 providentiae
1355 2545 1498 2639 divina,
1520 2547 1580 2619 ote
1599 2565 1759 2636 pooeruo
1781 2549 1808 2618 il
1822 2549 1950 2620 owudo

776 2667 955 2756 corteppiu
978 2667 1052 2757 pati,
1077 2665 1180 2759 idest,
1196 2666 1353 2741 destinat
1369 2673 1407 2741 et
1426 2666 1517 2760 vult,
1535 2666 1634 2761 quod
1661 2687 1741 2741 sors
1766 2667 1888 2740 veniat
1904 2667 1948 2741 ad

780 2805 852 2878 me
877 2777 907 2858 al
930 2805 1027 2858 conte
1050 2793 1086 2859 tu
1110 2807 1263 2880 osscroe,
1293 2787 1395 2881 idest,
1424 2785 1523 2862 vides
1548 2794 1586 2862 et
1610 2786 1804 2882 perpendis
1829 2793 1896 2861 etc.

853 2909 894 2979 lo
923 2909 1057 2999 ceppio.
1092 2908 1162 2982 lsta
1193 2914 1250 2982 est
1284 2908 1391 2982 tertia
1425 2929 1510 3003 pars
1539 2907 1723 3004 generalis
1738 2903 1790 3002 (¹),
1816 2908 1853 2982 in
1878 2929 1948 3002 qua

778 3034 888 3102 autor
923 3035 1047 3103 movet
1078 3029 1188 3102 aliam
1224 3028 1465 3122 questionem
1499 3029 1608 3104 Petro
1641 3029 1832 3122 flamineo,
1868 3048 1952 3122 quae

779 3146 941 3222 nascitur
973 3167 1021 3221 ex
1054 3149 1235 3223 solutione
1261 3148 1443 3243 praedictoe
1473 3147 1704 3242 questionis:
1732 3149 1819 3243 quia
1853 3148 1949 3222 enim

778 3270 910 3344 Petrus
934 3269 1078 3344 dixerat
1102 3269 1348 3374 quodflluerat
1373 3271 1473 3344 solus
1498 3269 1777 3365 predestinatus
1810 3269 1857 3344 ad
1888 3289 1952 3342 ve·

781 3388 955 3464 nieudum
980 3389 1027 3462 ad
1052 3409 1154 3483 eum,
1180 3390 1262 3464 ideo
1287 3391 1420 3466 merito
1453 3391 1542 3486 petit
1574 3390 1673 3484 quod
1708 3391 1854 3466 videtur
1886 3389 1951 3463 sibi

776 3510 914 3584 durum
939 3530 1163 3606 cognoscere
1187 3531 1256 3584 eur
1281 3512 1401 3607 potius
1427 3512 1503 3606 ipse
1529 3533 1642 3605 quam
1668 3511 1762 3586 alius
1778 3505 1828 3603 (²).
1860 3510 1952 3584 uicit

776 3651 885 3728 ergo:
912 3633 1005 3704 Diss'
1016 3633 1066 3722 io,
1090 3633 1126 3704 io
1152 3636 1275 3723 coepto
1300 3633 1378 3723 den,
1398 3652 1507 3706 samu
1532 3635 1689 3724 lucerio,
1716 3631 1819 3728 idest,
1845 3654 1868 3706 o
1894 3651 1952 3705 sa-

776 3758 966 3828 crosancta
998 3751 1118 3828 lucida
1147 3753 1282 3847 anima,
1303 3775 1400 3828 come
1424 3753 1533 3828 libero
1564 3774 1688 3827 umore
1722 3754 1823 3827 busta
1848 3774 1873 3825 u
1896 3773 1951 3825 se-

776 3875 878 3964 poire
902 3875 938 3946 lu
959 3876 1204 3965 procuderam
1228 3881 1348 3948 emm
1372 3877 1411 3947 in
1434 3881 1554 3968 questa
1578 3882 1685 3969 corte,
1706 3875 1795 3969 quia
1812 3874 1870 3948 tric
1887 3891 1952 3967 pa·

779 4001 884 4068 retur
908 3993 1034 4088 libere,
1059 4015 1134 4068 uon
1159 3994 1340 4070 serviliter
1365 3995 1459 4069 sicut
1488 3995 1525 4068 iu
1558 3995 1671 4070 curiis
1700 3994 1868 4088 terrenis,
1894 4013 1952 4065 oro

778 4121 896 4206 questo
919 4111 941 4188 e*
963 4117 1043 4206 quet
1064 4117 1125 4188 cte
1149 4117 1198 4188 oti
1219 4135 1291 4208 por
1315 4121 1409 4210 sorte
1433 4137 1457 4189 o
1482 4137 1638 4206 emere,
1672 4095 1775 4210 idest,
1808 4113 1951 4196 uidetur

780 4234 868 4309 mihi
893 4234 1040 4309 difficile
1064 4235 1111 4310 ad
1136 4234 1430 4330 discernendum,
1456 4237 1605 4330 scilicet,
1625 4229 1755 4329 percle*
1766 4237 1852 4329 sosti
1868 4255 1952 4326 pre-

776 4359 949 4430 destinata
972 4357 1051 4428 cotu
1075 4377 1100 4428 o
1124 4363 1242 4449 questo
1273 4359 1396 4448 efficio,
1428 4355 1575 4451 scilicet,
1606 4355 1774 4431 veniendi
1804 4354 1851 4429 ad
1880 4372 1952 4448 me,

776 4484 836 4550 tro
860 4480 891 4550 te
915 4483 969 4551 tue
993 4483 1166 4569 consorte,
1192 4477 1296 4571 idest,
1322 4477 1418 4552 inter
1443 4477 1532 4552 alias
1557 4477 1674 4552 socias
1699 4482 1738 4552 et
1761 4475 1953 4572 participes

776 4597 941 4672 eiusdem
957 4588 994 4690 (³)
1026 4597 1261 4673 beatitudinis
1295 4605 1429 4672 tecum.
1444 4603 1587 4672 -Non
1613 4601 1726 4673 venai.
1754 4597 1818 4671 llic
1842 4607 1951 4672 autor

1581 4757 1950 4769 ———-.-——————--

839 4831 865 4889 (⁸)
883 4829 913 4879 ll.
930 4828 1058 4893 wneralts
1074 4830 1152 4880 huius
1168 4831 1283 4893 capituli,
1300 4831 1326 4880 ln
1342 4843 1402 4894 qua.

837 4905 865 4968 (¹)
882 4907 913 4956 E.
929 4907 997 4957 atius
1012 4906 1092 4958 tuerit
1108 4907 1314 4970 praedestinatus.
1331 4907 1400 4957 Dicit
1413 4919 1490 4971 erpo.

840 4983 866 5044 ζ’)
882 4983 909 5033 S.
925 4983 1002 5034 huius
1018 4983 1192 5035 conuiuatus.
