4842 6642
813 867 884 935 290
1203 873 1410 932 counurmx
1435 877 1601 930 rxnxmsr

812 1021 942 1098 beatus
967 1023 1177 1100 Bernerdus
1203 1023 1296 1096 benc
1317 1021 1574 1116 voluptuosam
1601 1027 1639 1094 et
1665 1017 1853 1094 bestialem
1872 1017 1984 1093 uitam

812 1144 1047 1238 prelatorum
1079 1141 1293 1217 mirabiliter
1308 1134 1345 1233 (¹)
1376 1146 1413 1215 et
1447 1137 1653 1214 notabiliter
1686 1137 1906 1235 perstringit,
1932 1137 1986 1212 di·

812 1283 918 1340 cens:
935 1285 1022 1338 cnm
1039 1263 1160 1338 cuncti
1175 1267 1291 1335 status
1307 1260 1499 1335 bominum
1514 1257 1652 1353 aliquid
1667 1257 1801 1332 laboris
1816 1257 1985 1352 habeant,

811 1383 947 1477 aliquid
965 1381 1171 1478 voluptatis,
1190 1379 1330 1476 praelati
1346 1400 1443 1455 novo
1466 1377 1626 1474 quodem
1645 1377 1798 1452 artificio
1823 1377 1986 1454 diseren-

812 1510 867 1578 tes
880 1495 919 1596 (¹)
945 1523 1057 1577 omne
1077 1501 1176 1597 quod
1195 1501 1366 1575 molestat
1382 1499 1419 1574 in
1436 1499 1607 1575 omnibus
1627 1501 1858 1593 respuerunt,
1875 1517 1986 1573 omne

812 1623 910 1716 quod
935 1621 1154 1698 delectatio
1180 1619 1352 1696 omnibus
1381 1624 1603 1715 acceperunt
1633 1625 1703 1693 etc.
1736 1617 1778 1692 lo
1807 1618 1867 1694 bic
1901 1625 1985 1694 nota

810 1744 909 1837 quod
934 1749 1046 1818 autor
1071 1749 1195 1816 noster
1222 1761 1356 1837 magna
1381 1746 1463 1814 arte
1487 1759 1578 1813 usus
1598 1738 1813 1844 estilngens
1834 1739 1984 1813 Petrum

811 1865 1031 1940 Damianum
1057 1862 1124 1936 ista
1140 1853 1176 1954 (⁸)
1203 1861 1415 1956 vituperosa
1441 1859 1564 1935 dicere
1588 1858 1635 1935 de
1661 1859 1878 1955 pastoribus,
1898 1857 1986 1953 quia

812 1988 881 2062 luit
905 1985 1109 2075 cardinalis,
1134 1991 1171 2059 et
1197 1983 1299 2058 norit
1324 1981 1436 2057 ritem
1463 2001 1614 2074 eorum,
1641 1979 1724 2054 ideo
1755 1979 1923 2056 veracius
1949 1986 1987 2054 ct

812 2107 988 2184 audacius
1005 2105 1122 2201 potuit
1147 2103 1247 2199 loqui
1273 2102 1320 2178 de
1345 2102 1440 2196 suis3
1466 2101 1582 2176 immo
1606 2099 1653 2176 de
1680 2099 1733 2175 rei
1759 2100 1914 2176 veritate
1932 2099 1986 2174 di-

812 2234 894 2304 ctus
920 2228 1051 2302 Petrus
1076 2224 1161 2299 talia
1187 2229 1224 2299 et
1249 2223 1374 2318 peiora
1400 2221 1541 2317 scripsit
1565 2221 1612 2296 de
1637 2221 1806 2317 prelatis.
1837 2219 1988 2315 Scripsit

813 2350 911 2424 enim
930 2347 1005 2422 duo
1021 2365 1133 2440 opere
1151 2343 1336 2440 precipue
1355 2343 1392 2416 in
1409 2341 1567 2439 eleganti
1580 2341 1673 2433 stilo,
1686 2360 1850 2435 quorum
1863 2346 1983 2414 'unum

812 2473 868 2544 est
891 2468 939 2542 do
963 2465 1121 2561 epistulis
1146 2469 1184 2539 et
1208 2463 1453 2557 sermonibus,
1479 2462 1515 2536 in
1542 2482 1616 2556 quo
1644 2461 1759 2535 multa
1782 2458 1985 2534 maledixit

811 2587 977 2683 deipsis.
1005 2585 1111 2659 Aliud
1136 2603 1227 2660 vero
1253 2582 1347 2676 iecit,
1374 2582 1409 2656 in
1436 2602 1511 2676 quo
1536 2581 1660 2656 scribit
1676 2579 1723 2656 de
1741 2579 1897 2677 prelatis
1922 2581 1987 2656 lla·

812 2708 900 2807 gitia
925 2707 1076 2801 nelarie,
1102 2695 1187 2800 quae
1211 2705 1365 2779 honeste
1389 2701 1458 2776 dici
1490 2722 1562 2777 non
1597 2707 1748 2797 possunt
1762 2688 1799 2794 (⁸)
1835 2700 1987 2776 inbono·

812 2829 979 2904 stissime.
1005 2827 1089 2901 Fuit
1113 2824 1292 2920 siquidem
1320 2824 1451 2898 Petrus
1476 2823 1543 2898 iste
1568 2823 1681 2897 bomo
1706 2821 1844 2918 rigidus
1869 2821 1986 2913 raldo,

813 2956 850 3026 et
875 2951 970 3024 inter
993 2948 1065 3023 elia
1097 2946 1224 3042 pulcra
1259 2965 1344 3040 quae
1370 2943 1494 3020 scribit
1507 2935 1545 3036 (⁵)
1571 2943 1608 3018 in
1633 2943 1703 3019 isto
1727 2941 1888 3018 secundo
1919 2963 1986 3018 ro-

813 3069 953 3144 tomine
976 3067 1136 3163 disputat
1160 3065 1343 3140 subtiliter
1368 3070 1496 3139 contra
1517 3063 1794 3159 Hieronymum,
1813 3061 1876 3157 qui
1897 3061 1986 3136 dixit

814 3189 912 3284 quod
931 3189 1028 3263 lleus
1045 3207 1118 3262 non
1136 3192 1281 3283 poterat
1298 3184 1542 3282 virginitatem
1562 3182 1740 3279 perditam
1763 3190 1985 3259 restaurare.

814 3315 906 3383 -Λ
933 3315 1063 3408 questu
1089 3305 1155 3380 liic
1174 3311 1285 3380 autor
1301 3303 1472 3379 describit
1488 3303 1661 3379 ellectum
1683 3303 1902 3378 narrationis
1911 3303 1987 3378 Pe-

816 3430 862 3503 tri
887 3427 1067 3521 Damiani,
1092 3426 1228 3501 scilicet
1252 3433 1375 3500 actum
1404 3445 1515 3520 quem
1548 3425 1716 3500 lecerunt
1743 3425 1877 3499 anime·
1907 3423 1988 3500 illo-

815 3570 899 3624 rum
925 3547 1264 3643 contemplantium,
1291 3546 1430 3622 dicens:
1464 3547 1535 3619 th'
1548 3547 1584 3618 to
1604 3541 1668 3638 pii
1689 3548 1888 3638 fieurmelte,
1919 3545 1987 3622 sci·

814 3670 898 3745 licet
923 3669 1056 3744 multas
1070 3655 1107 3762 (⁸)
1135 3667 1281 3742 illarum
1309 3665 1519 3742 ardentium
1545 3665 1768 3760 animarum,
1784 3669 1988 3740 sccudm

812 3793 948 3883 morsi
972 3792 1010 3864 di
1032 3791 1151 3882 pedo
1180 3791 1220 3863 iu
1244 3789 1374 3882 mado,
1408 3786 1554 3881 scilicet,
1586 3785 1682 3860 illius
1713 3787 1821 3861 scalae
1850 3805 1988 3880 auree,

814 3933 838 3985 a
863 3919 983 4005 questo
1007 3932 1101 4003 voce,
1127 3909 1220 3995 idest
1237 3908 1284 3983 ad
1300 3907 1605 3983 exclamationem
1621 3897 1659 4000 (⁷)
1677 3907 1811 3982 iactam
1833 3927 1899 4002 per
1919 3907 1987 3982 Pe·

814 4040 925 4106 trum.
953 4031 997 4104 Et
1021 4029 1129 4106 dicit:
1155 4037 1188 4104 et
1209 4031 1296 4120 oper·
1319 4032 1400 4120 piro
1424 4031 1581 4122 lesacca
1603 4021 1665 4120 piri
1690 4027 1787 4118 delle,
1808 4027 1896 4121 quia
1916 4025 1987 4102 sci·

813 4149 908 4245 licet,
934 4150 980 4225 ad
1006 4170 1155 4226 omnem
1181 4147 1401 4246 girationem
1432 4146 1688 4222 efficiebantur
1717 4145 1987 4241 splendidiores,

814 4271 901 4365 quia
926 4270 1184 4346 confirmantes
1209 4269 1347 4344 dictum
1375 4267 1472 4342 Petri
1497 4273 1536 4342 et
1559 4267 1760 4342 clamantes
1792 4264 1986 4342 vindictam

813 4392 860 4466 ad
885 4391 1015 4467 ileum.
1042 4391 1145 4466 Unde
1161 4388 1302 4464 subdit:
1328 4409 1347 4462 e
1372 4407 1524 4461 vmncro
1541 4389 1707 4460 dinume
1723 4407 1748 4458 o
1765 4393 1897 4480 questu,
1917 4385 1989 4462 sci-

816 4512 909 4605 licet,
934 4512 1085 4587 llamma
1108 4510 1192 4587 dicti
1218 4507 1327 4602 Petri,
1345 4529 1365 4580 e
1381 4511 1563 4602 femore,
1578 4507 1686 4601 juxta
1704 4525 1807 4599 eam;
1829 4512 1867 4580 et
1884 4504 1988 4581 dicit:

877 4699 905 4760 (⁸)
921 4697 951 4746 It.
969 4697 1125 4748 mlrxbllltar
1140 4695 1329 4761 perstrlngcxll,
1340 4695 1378 4746 xlc
1393 4695 1527 4744 dicem-
1536 4693 1562 4744 S.
1579 4692 1733 4744 mirabiliter
1748 4697 1775 4742 ct
1791 4691 1914 4743 nobiliter
1929 4703 1992 4754 per-

816 4773 925 4838 stringit.
1432 4767 1461 4833 ι’)
1476 4775 1500 4828 t,
1517 4769 1671 4820 munaus

876 4847 903 4907 (⁸1
919 4847 950 4898 n
967 4848 1015 4899 lxta
1030 4849 1069 4900 stc
1084 4849 1241 4913 suppetam.
1433 4845 1461 4908 (¹)
1476 4846 1507 4896 B.
1524 4849 1639 4910 poscunt.
1654 4845 1725 4896 eurr.

877 4924 905 4985 (¹)
921 4923 947 4973 S.
962 4926 1072 4988 scripsit.
1433 4923 1460 4986 (⁸)
1478 4923 1508 4972 u.
1525 4923 1622 4973 multra
1638 4921 1743 4974 tarnim
1754 4920 1867 4971 illarum.

878 4999 905 5061 ξ’)
922 4998 952 5050 Ε.
968 5000 1001 5050 ad
1017 5001 1231 5053 exclamationem
1247 5001 1315 5050 banc
1332 4999 1427 5049 lacurn
1444 5011 1491 5063 per
1507 4999 1661 5062 praetecum
1678 4998 1794 5050 Petrum.
