4842 6642
767 906 907 964 cnutus
928 908 1123 965 mousruus
1147 910 1315 975 oumrus.
1548 896 1621 964 tot

447 1052 596 1129 baolica
622 1052 744 1127 iacobi
767 1053 935 1148 apostoli,
953 1072 1040 1147 quse
1060 1053 1129 1127 iuit
1153 1053 1303 1127 lundata
1327 1054 1387 1127 vel
1413 1052 1537 1128 dotata
1554 1074 1623 1148 per

448 1174 621 1249 mimum
637 1174 826 1268 llognum3
841 1172 876 1246 in
895 1194 969 1265 qua
985 1173 1131 1267 quidem
1152 1172 1339 1268 provincia
1356 1180 1412 1247 est
1427 1194 1518 1269 gens
1536 1172 1622 1248 satis

448 1294 604 1369 barbara
630 1300 669 1367 et
695 1290 852 1370 bestialis
885 1292 982 1367 inter
1012 1294 1249 1386 christianos3
1280 1277 1463 1369 dictaeo
1494 1300 1620 1368 autern

446 1414 587 1489 Galltia
613 1414 671 1489 vel
696 1412 848 1489 Gallatia
873 1422 1009 1489 etc-
1026 1407 1064 1488 sl
1089 1435 1194 1487 come.
1222 1413 1287 1488 llic
1311 1421 1421 1488 autor
1452 1413 1622 1487 describit

448 1536 569 1609 totam
588 1533 885 1630 gratulationem,
900 1555 1014 1628 quam
1034 1532 1119 1609 iecit
1138 1532 1270 1607 Petrus
1290 1554 1377 1607 cum
1399 1532 1535 1607 lacobo
1556 1550 1621 1627 per

449 1674 562 1731 unam
588 1654 900 1749 comparationem
926 1654 1066 1729 claram
1099 1662 1137 1728 et
1169 1653 1367 1750 propriam,
1402 1674 1486 1749 quae
1510 1653 1557 1727 de
1577 1670 1621 1727 so

449 1782 558 1872 peto.
588 1776 769 1851 Construe
798 1774 850 1849 sic
879 1774 1047 1849 literam:
1085 1768 1161 1847 cosi
1195 1777 1264 1848 oid'
1276 1777 1313 1847 io
1346 1776 1369 1847 ἴ
1380 1796 1442 1865 un,
1474 1773 1620 1869 scilicet,

449 1897 626 1971 iacobum
653 1916 832 1992 magnum
855 1894 1053 1993 principem
1072 1902 1109 1969 et
1130 1896 1345 1992 gloriosum,
1362 1917 1456 1968 esser
1472 1898 1617 1988 umato,

448 2016 551 2111 idest,
575 2022 769 2111 acoeptum
795 2022 833 2090 ot
859 2020 1062 2109 receptum,
1087 2016 1275 2089 dollollro
1299 2018 1438 2108 pronde
1458 2018 1618 2108 prim

447 2142 618 2231 plotium,
652 2136 804 2230 scilieet,
838 2136 960 2229 Petro,
992 2138 1172 2211 laudando
1205 2140 1234 2210 il
1263 2138 1340 2210 cibo
1372 2140 1433 2211 cllo
1461 2130 1621 2209 inste

442 2262 600 2354 pronde,
625 2258 728 2353 idest,
749 2259 906 2355 gratiam
933 2258 997 2333 uei
1024 2258 1070 2333 de
1094 2279 1170 2353 qua
1196 2258 1244 2332 ibi
1271 2258 1426 2351 vivitur3
1451 2278 1474 2332 a
1500 2255 1618 2350 sim&

445 2374 476 2455 sl
510 2402 607 2454 rome
638 2383 666 2455 il
696 2381 865 2469 monto,
893 2378 1034 2474 supple,
1069 2378 1256 2474 recipitur,
1291 2382 1434 2471 quondo
1466 2382 1499 2451 si
1528 2398 1619 2470 pour

443 2522 569 2595 presso
594 2504 634 2575 ol
655 2520 865 2593 oonpopno,
894 2522 913 2573 e
938 2502 1020 2574 lun
1043 2503 1174 2593 pondo,
1200 2500 1302 2593 idest,
1323 2500 1506 2595 exprimit,
1531 2500 1619 2594 tos·

444 2625 584 2715 fazione
607 2624 670 2694 oll’
679 2624 777 2695 oltro
800 2624 954 2714 wando
971 2642 990 2693 e
1010 2624 1275 2695 mormorando.
1295 2622 1339 2696 Et
1355 2622 1406 2696 sic
1427 2622 1509 2697 vide
1524 2642 1619 2716 quo·

446 2740 557 2815 modo
581 2746 637 2816 est
663 2740 784 2815 debita
815 2742 1042 2837 comparatio
1071 2741 1118 2816 de
1145 2742 1326 2817 columbis
1351 2742 1397 2817 ad
1422 2743 1616 2837 apostolos,

446 2860 510 2955 qui
536 2860 687 2935 luerunt
713 2862 795 2957 puri
817 2868 854 2935 et
874 2860 1054 2957 simplices
1071 2868 1113 2935 ut
1133 2862 1335 2955 columbae3
1353 2868 1390 2937 et
1407 2863 1501 2937 sicut
1518 2884 1616 2937 unus

447 2982 604 3056 ostendit
635 2983 740 3058 alteri
772 2984 881 3057 tacito
913 3003 1111 3057 murmure
1141 3004 1266 3057 escam
1300 3004 1374 3077 qua
1406 2991 1619 3078 pascuntur,

446 3101 498 3176 ita
523 3101 579 3175 isti
605 3103 786 3177 submisso
812 3102 994 3197 colloquio
1019 3103 1157 3193 cibum,
1176 3123 1253 3197 quo
1278 3103 1326 3177 ibi
1353 3112 1555 3198 pascuntur
1569 3099 1619 3196 (¹).

447 3222 492 3294 lit
514 3222 638 3296 subdit
662 3230 773 3297 autor
798 3223 896 3317 quod
926 3232 1007 3317 post
1036 3222 1321 3319 gratulationem
1356 3224 1534 3299 numilem
1565 3224 1619 3300 ia·

446 3328 547 3417 euni
572 3348 733 3437 uterque
758 3343 896 3437 quievit
919 3351 959 3418 et
983 3343 1143 3417 lirmavit
1169 3364 1209 3418 se
1238 3364 1363 3418 coram
1394 3364 1452 3438 eo,
1478 3344 1619 3421 dicens:

449 3482 508 3536 mo
531 3466 695 3537 ommam
727 3467 829 3537 teoto
853 3466 881 3535 s'
894 3468 1018 3557 optrsc,
1044 3484 1167 3537 corum
1193 3485 1247 3539 me
1270 3467 1379 3555 tputto
1403 3458 1433 3538 si
1457 3468 1517 3541 cle
1541 3471 1619 3539 oin-

447 3588 589 3659 cruori
618 3588 687 3659 mio
726 3589 829 3677 nollo
864 3586 968 3678 idest,
1003 3593 1078 3660 tam
1114 3585 1247 3660 ardens
1285 3587 1488 3679 cllocem,
1522 3578 1622 3679 duod

447 3706 580 3782 oculus
605 3724 713 3781 meus
734 3705 919 3780 sustinere
944 3726 1018 3780 non
1043 3712 1197 3801 poterat

521 3828 688 3900 ltidcrrdo.
707 3826 777 3900 lsta
792 3832 850 3901 eet
867 3826 1027 3901 secunda
1045 3846 1129 3921 pars
1147 3826 1328 3922 generalis
1343 3818 1394 3920 θ),
1408 3827 1445 3899 in
1466 3847 1539 3921 qua
1560 3828 1622 3902 la·

447 3945 562 4021 oobus
586 3947 633 4021 ad
658 3964 786 4043 preces
811 3945 984 4021 lieatricis
1009 3946 1196 4021 examinat
1216 3950 1385 4020 autorem
1413 3946 1459 4020 de
1483 3946 1620 4022 virtute

445 4068 534 4165 mei,
558 4076 598 4144 ot
623 4068 709 4142 iacit
733 4074 810 4142 tres
835 4066 1036 4162 petitiones.
1060 4067 1113 4141 Ad
1138 4087 1299 4161 quarum
1326 4088 1438 4142 unam
1468 4086 1621 4163 respon·

444 4187 908 4283 detBoatri13etprimo
936 4194 1048 4263 autor
1079 4186 1180 4283 ponit
1208 4188 1414 4263 orationem
1446 4186 1619 4263 Beatricis

444 4310 493 4385 ad
515 4308 710 4403 iacobum,
732 4328 820 4402 orire
846 4308 965 4402 primo
990 4307 1074 4383 iacit
1100 4308 1308 4403 exordium,
1325 4309 1457 4384 deiude
1474 4308 1621 4404 petitio-

445 4452 545 4525 nem,
569 4430 680 4505 tertio
700 4426 1034 4504 confirmationem.
1069 4426 1172 4504 Unde
1199 4428 1304 4505 dicit:
1330 4432 1545 4504 dilectrice
1567 4432 1620 4504 ni-

446 4555 575 4646 mdo,
595 4551 700 4644 idest,
717 4551 897 4643 exultans,
912 4548 1074 4642 dirse‚illi
1089 4549 1236 4645 lacoon,
1251 4554 1383 4643 allero,
1396 4550 1500 4645 idest,
1515 4558 1619 4645 tunc,

446 4696 470 4747 o
493 4674 611 4747 inod'to
637 4674 721 4763 odo,
745 4670 849 4765 idest,
867 4669 1026 4767 gloriosa
1044 4670 1179 4763 anima,
1195 4693 1262 4765 per
1281 4676 1338 4745 cui
1356 4674 1393 4746 lo
1412 4673 1620 4764 larplrezzo,

446 4794 549 4887 idest,
575 4793 696 4887 ampla
721 4791 884 4888 largitas,
910 4790 969 4865 vel
995 4789 1199 4886 amplitudo
1224 4792 1412 4887 largitatis,
1438 4795 1531 4867 dello
1554 4814 1620 4866 no-

510 4984 537 5045 ω
554 4982 584 5032 Ε.
601 4988 748 5045 pasrrrnlur.
765 4982 912 5033 ostendunt.
930 4980 963 5030 lit
979 4980 1073 5031 subdit.

510 5056 538 5119 (¹)
556 5058 585 5108 Ε.
600 5058 728 5121 amalis
741 5058 820 5108 nulus
836 5056 951 5121 capituli.
968 5056 995 5106 in
1011 5069 1071 5120 qun.
