4842 6642
838 834 909 902 426
1226 848 1431 906 counnruu
1455 852 1623 906 runtmsr

835 993 882 1070 de
899 994 1098 1071 intentione
1122 996 1275 1090 autoris,
1294 1005 1334 1071 ut
1356 997 1432 1092 ipse
1454 997 1569 1093 tangit
1594 996 1631 1071 in
1657 996 1730 1072 fine
1746 996 1855 1071 huius
1871 994 2005 1090 partis3

834 1122 872 1191 et
895 1116 1000 1191 dicit:
1025 1119 1063 1190 in
1087 1138 1151 1190 suo
1178 1108 1324 1192 enendd
1346 1122 1451 1212 suere
1475 1120 1513 1193 di
1537 1126 1662 1211 tempo,
1680 1116 1783 1211 idest,
1799 1123 1886 1191 ante
1909 1121 2005 1190 tem-

835 1257 915 1331 pus,
942 1236 1042 1329 idest,
1079 1238 1450 1334 incomprehensibilis
1482 1246 1520 1314 et
1551 1236 1897 1333 incircumscriptus,
1920 1240 2006 1329 [uer

835 1358 869 1430 d’
882 1360 967 1447 opni
990 1360 1083 1431 altro
1108 1360 1357 1451 comprendere
1380 1379 1478 1433 conte
1500 1362 1515 1433 i
1535 1362 1695 1453 piaeque,
1721 1358 1824 1452 idest,
1850 1377 1897 1431 ex
1928 1355 2004 1429 sola

835 1476 1024 1551 voluntate
1049 1496 1123 1551 non
1149 1478 1375 1553 necessitate.
1408 1480 1452 1553 Et
1485 1479 1646 1575 assignat
1677 1478 1855 1553 rationem
1887 1496 2006 1570 quare

838 1599 906 1673 hoc
931 1597 1038 1692 iecit3
1065 1605 1102 1673 et
1127 1598 1246 1693 primo
1276 1598 1436 1675 excludit
1469 1600 1647 1675 rationem
1676 1620 1749 1673 non
1779 1618 1919 1691 veram,
1950 1596 2005 1671 di·

835 1738 942 1794 eens:
967 1739 1039 1791 non
1062 1740 1128 1811 per
1153 1739 1241 1792 nom
1264 1722 1303 1792 in
1326 1714 1366 1793 se*
1387 1724 1542 1814 nequem
1570 1722 1609 1794 di
1636 1720 1732 1811 bene,
1758 1718 1861 1813 quasi
1887 1718 2004 1792 dicat:

837 1860 909 1915 non
932 1826 1073 1914 'creavit
1099 1846 1290 1915 creaturas
1315 1842 1374 1916 nei
1399 1841 1549 1938 angelos
1566 1846 1607 1913 ut
1627 1840 1836 1933 acquireret
1853 1838 1919 1912 sibi
1938 1837 2006 1911 ali·

835 1960 935 2055 quod
960 1960 1098 2035 bonum
1126 1961 1400 2055 extrinsecum3
1427 1969 1464 2037 et
1488 1960 1591 2037 dicit:
1618 1963 1678 2034 cie
1702 1982 1774 2033 non
1790 1953 1862 2053 pud
1879 1979 2004 2048 essere

836 2080 923 2175 quia
951 2080 1048 2155 Deus
1074 2088 1129 2154 est
1154 2082 1395 2177 omnipotens,
1421 2083 1547 2178 etqui
1578 2085 1638 2157 est
1663 2081 1893 2178 omnipotens
1918 2078 2005 2153 ninii

835 2200 967 2296 deficit,
993 2209 1030 2275 et
1054 2201 1115 2276 cui
1142 2201 1228 2277 nihii
1253 2201 1385 2296 deficit,
1411 2203 1498 2278 nihii
1523 2203 1691 2297 acquirit.
1710 2203 1754 2275 nt
1779 2222 1867 2277 eece
1891 2200 2005 2275 ratio-

761 2373 767 2387 .
837 2342 920 2397 nem
949 2343 1096 2397 veram:
1125 2343 1184 2395 otu
1207 2320 1335 2416 percite
1361 2344 1425 2398 suo
1453 2326 1651 2417 splendore,
1683 2324 1830 2418 scilicet,
1863 2321 2006 2397 bonitas

835 2448 873 2517 et
897 2443 1026 2541 gloria,
1046 2443 1192 2538 scilieet,
1211 2446 1276 2519 lun
1294 2452 1332 2519 et
1347 2465 1465 2538 amor,
1481 2451 1615 2538 potesse
1630 2448 1707 2519 dir:
1726 2447 1881 2538 amnem,
1902 2443 2004 2535 idest,

837 2564 873 2637 in
892 2584 954 2639 me
970 2584 1170 2659 permaneo
1186 2572 1225 2639 et
1242 2565 1468 2659 resplendeo,
1486 2564 1589 2659 quasi
1607 2565 1722 2639 dicat:
1740 2568 1776 2639 io
1795 2586 1864 2658 per
1884 2585 1937 2638 nce
1958 2566 2006 2636 mi

836 2691 903 2777 sto,
931 2687 1190 2777 risptendendo,
1217 2686 1319 2779 idest,
1345 2685 1583 2782 expandendo
1615 2684 1733 2760 radios
1767 2706 1846 2759 suae
1878 2684 2005 2782 gioria

837 2812 941 2879 extra
968 2824 1018 2899 se,
1044 2804 1179 2881 scilicet
1204 2806 1242 2879 in
1266 2806 1356 2901 aliis,
1382 2806 1487 2900 quasi
1511 2806 1623 2881 dicat:
1644 2812 1685 2879 ut
1701 2806 1781 2881 eius
1806 2805 1948 2880 bonitas
1968 2810 2006 2877 et

837 2924 954 3021 gloria
971 2923 1255 3019 participaretur
1272 2930 1309 2999 in
1325 2926 1414 3000 aliis.
1433 2926 1478 2999 Et
1497 2925 1555 3001 hic
1572 2932 1658 3000 nota
1677 2926 1879 3020 quomedo:
1891 2964 1941 2979 -
1955 2918 2008 2997 Ne*

835 3048 964 3135 primm
991 3043 1056 3117 Hic
1073 3044 1220 3118 Beatriu
1238 3043 1432 3141 respondet
1449 3045 1512 3119 uni
1531 3045 1721 3139 questioni
1744 3044 1873 3137 meite,
1891 3062 2004 3137 quam

837 3170 947 3237 autor
978 3170 1098 3259 posset
1131 3162 1342 3239 immediate
1375 3165 1518 3258 iacere,
1545 3164 1644 3239 unde
1672 3164 1748 3259 ipsa
1778 3162 2005 3260 preveniens

838 3282 956 3378 ipsum
995 3284 1103 3359 dicit:
1143 3284 1205 3360 sed
1244 3285 1365 3359 statim
1401 3306 1570 3380 quaeres:
1604 3285 1692 3380 quid
1726 3285 1879 3360 iaciebat
1909 3283 2005 3357 Deus

835 3409 1034 3497 antequam
1071 3412 1217 3481 crearet
1242 3405 1448 3479 mundum?
1472 3402 1687 3501 Respondeo
1720 3402 1782 3478 tibi
1814 3401 1912 3497 quod
1945 3400 2006 3475 ilie

836 3542 943 3598 amor
968 3524 1124 3618 divinus,
1148 3520 1194 3600 nd
1215 3528 1248 3599 si
1269 3528 1415 3618 meoque
1446 3528 1549 3617 quusi
1580 3530 1746 3617 torpente,
1775 3521 1877 3617 idest,
1909 3519 2006 3595 acci·

834 3642 959 3717 diosus
986 3645 1042 3719 vei
1068 3644 1218 3739 otiosus,
1240 3647 1374 3737 mom,
1393 3643 1497 3739 idest,
1518 3649 1604 3719 ante
1628 3642 1734 3718 istam
1762 3641 2003 3731 creationem

836 3770 874 3839 et
901 3762 1017 3838 reddit
1043 3766 1235 3859 rationem,
1252 3765 1396 3841 dicens:
1414 3762 1477 3840 cii
1496 3768 1530 3838 io
1547 3768 1728 3839 discorrer
1743 3765 1782 3838 di
1803 3766 1884 3857 Dio,
1902 3759 2005 3851 idest,

836 3883 1024 3959 discursus
1048 3884 1236 3978 creatoris,
1260 3906 1371 3978 sopra
1395 3892 1509 3979 queste
1532 3904 1653 3977 neom,
1674 3882 1775 3975 idest,
1801 3880 2004 3971 creaturis3

838 4004 936 4079 unde
960 4004 1109 4080 Genesis
1139 4004 1259 4100 primo
1284 4003 1434 4079 dicitur:
1458 4011 1496 4080 et
1520 4004 1667 4100 spiritus
1691 4001 1836 4076 Domini
1861 3999 2005 4075 tereba-

837 4130 899 4199 tur
928 4144 1039 4220 super
1071 4144 1200 4220 aquas,
1230 4123 1277 4200 ne*
1297 4127 1494 4219 procedette
1515 4129 1635 4218 primo
1663 4119 1709 4198 ne*
1733 4124 1869 4216 possin,
1901 4120 2005 4213 idest,

835 4251 923 4321 ante
948 4244 1171 4321 creationem
1205 4245 1262 4321 vei
1292 4252 1381 4341 post.
1409 4246 1453 4319 Et
1482 4251 1653 4320 notanter
1684 4243 1769 4317 dicit
1801 4240 1900 4337 quod
1931 4258 2005 4313 non

684 4404 687 4411 ⁴
836 4366 1029 4463 processit3
1056 4386 1142 4440 nam
1169 4364 1371 4461 procedere
1396 4371 1497 4439 notat
1522 4372 1688 4460 tempus;
1713 4362 1879 4437 similiter
1903 4358 2005 4455 prius

775 4534 780 4549 ·
836 4495 874 4563 et
903 4488 1084 4583 posterius
1116 4492 1218 4562 notat
1247 4493 1404 4581 tempus,
1438 4485 1524 4579 quia
1549 4484 1696 4580 ponitur
1720 4482 1759 4557 in
1790 4479 2004 4556 diffinitione

835 4607 1011 4702 temporis
1024 4601 1074 4701 (¹),
1107 4627 1192 4701 quae
1223 4605 1303 4680 talis
1337 4612 1411 4681 est:
1447 4612 1592 4700 tempus
1628 4610 1684 4679 est
1719 4622 1896 4679 mensura
1921 4618 2005 4673 mo-

838 4732 908 4821 tus,
934 4728 1137 4801 meandum
1170 4726 1271 4821 prius
1306 4731 1344 4801 et
1368 4724 1560 4821 posterius,
1587 4730 1628 4799 ut
1653 4723 1738 4797 dicit
1769 4720 2007 4818 philosophus

902 4988 928 5051 (¹)
944 4987 975 5039 E.
992 4989 1123 5052 temporis,
1139 4988 1199 5053 quia
1216 4988 1269 5039 talc
1284 4993 1387 5052 tempus
1401 4992 1442 5038 est
1456 4998 1586 5037 memora.
