4842 6642
801 852 872 920 ero
1193 862 1397 918 munerun
1421 863 1589 918 ornanrsr

802 1016 1008 1085 tractorum
1034 1013 1072 1083 et
1091 1029 1259 1084 errorem
1278 1008 1540 1105 ignorantium,
1558 1008 1621 1104 qui
1639 1029 1713 1084 uon
1730 1008 1972 1106 intelligentes

801 1130 1005 1228 figuratum
1030 1129 1182 1204 modum
1209 1129 1380 1225 loquendi
1411 1131 1552 1225 poetice
1578 1129 1850 1205 calumniabant
1876 1150 1974 1224 sepe
2013 1119 2017 1126 ’

801 1252 896 1329 dicta
926 1272 1005 1346 sua,
1034 1249 1128 1324 sicut
1159 1271 1229 1346 ego
1259 1257 1435 1346 expertus
1466 1271 1550 1325 sum
1585 1250 1622 1324 iu
1652 1251 1795 1347 magnis
1821 1249 1974 1325 valenti-

800 1374 871 1449 bus
902 1371 999 1466 viris,
1032 1371 1096 1466 qui
1127 1371 1324 1468 aliquando
1357 1371 1530 1447 dixerunt
1566 1371 1654 1447 mibi
1668 1364 1726 1464 (⁴):
1769 1390 1837 1466 pro
1872 1376 1974 1446 certo

800 1498 910 1568 autor
935 1491 1119 1568 hereticus
1142 1499 1199 1569 est
1223 1493 1262 1568 in
1287 1513 1332 1568 eo
1357 1492 1457 1586 quod
1482 1492 1607 1566 scribit
1631 1493 1668 1567 in
1692 1493 1849 1586 inferno,
1874 1491 1974 1586 quod

801 1613 935 1688 anime
965 1612 1247 1708 desperatorum
1277 1633 1351 1688 non
1382 1619 1573 1688 resument
1603 1633 1754 1688 carnem
1789 1618 1857 1688 etc.
1872 1603 1973 1686 -Sl

801 1754 897 1806 corne
921 1735 957 1807 tl.
983 1732 1049 1808 llic
1074 1737 1185 1808 autor
1219 1732 1375 1809 ostendit
1400 1731 1587 1828 quomodo
1620 1753 1661 1807 se
1693 1731 1906 1827 disponebat
1935 1731 1972 1804 in

802 1858 926 1928 mente
947 1873 1014 1926 sua
1032 1851 1122 1947 quid
1139 1852 1363 1948 respondere
1379 1851 1546 1947 debebat,
1564 1851 1653 1942 dum
1671 1851 1817 1938 Beatrir
1835 1851 1973 1926 faceret

802 1993 909 2048 suam
926 1972 1222 2069 propositionem,
1238 1993 1303 2068 per
1326 1993 1439 2047 unam
1457 1971 1768 2067 comparationem
1786 1971 1972 2068 propriam

802 2099 841 2168 et
864 2094 1023 2187 claram;
1051 2091 1150 2168 unde
1173 2093 1340 2172 dicitzlo
1365 2095 1573 2166 m'ormaoo
1591 2083 1675 2184 cosi,
1692 2090 1794 2186 idest,
1811 2111 1974 2187 premu-

803 2213 950 2289 niebam
977 2233 1049 2307 me,
1075 2215 1111 2287 d*
1122 2216 1208 2306 oeni
1231 2217 1393 2305 repone,
1411 2212 1558 2308 scilicet,
1576 2233 1661 2308 quae
1677 2213 1814 2288 faceret
1829 2212 1876 2288 ad
1893 2233 1975 2287 ma-

804 2333 934 2408 teriam
961 2333 1008 2408 de
1034 2354 1107 2426 qua
1132 2333 1325 2429 agebatur,
1352 2339 1483 2408 menae
1507 2335 1559 2406 ob’
1572 2336 1639 2408 cllo
1663 2335 1775 2428 daeo,
1799 2333 1902 2427 idest,
1918 2332 1975 2406 in-

803 2453 911 2530 terim
937 2452 1030 2527 dum
1050 2453 1201 2528 Bcatrix
1218 2459 1410 2548 peroraret
1425 2452 1472 2528 ad
1489 2454 1654 2546 Petrum,
1665 2475 1734 2547 pcr
1751 2475 1845 2528 essa
1855 2461 1975 2547 presto

802 2593 827 2647 a
860 2576 912 2648 tol
942 2580 1117 2666 querente,
1153 2572 1255 2668 idest,
1290 2578 1332 2647 ut
1346 2593 1508 2669 possem
1543 2580 1710 2668 prompte
1741 2579 1779 2648 et
1809 2573 1974 2668 expedite

804 2692 1029 2789 respondere
1053 2694 1163 2768 Petro
1189 2693 1350 2788 petituro
1369 2692 1417 2768 de
1433 2692 1523 2786 dde3
1543 2699 1583 2769 et
1601 2691 1740 2768 dicit:c
1765 2714 1790 2766 o
1815 2696 1866 2768 tul
1885 2714 1975 2786 pro-

798 2817 967 2909 fessione,
992 2813 1139 2908 seilicet,
1165 2812 1260 2907 lidei,
1286 2813 1373 2908 quia
1399 2818 1544 2908 oportet
1569 2831 1650 2886 esse
1675 2812 1770 2888 bene
1794 2811 1975 2888 delibera·

802 2940 884 3009 tum
910 2939 947 3008 et
972 2934 1265 3029 premeditatum
1299 2933 1365 3028 qui
1393 2931 1502 3008 debet
1533 2931 1720 3027 disputare
1747 2931 1794 3008 de
1819 2931 1902 3026 lide,
1928 2952 1975 3008 ue

803 3054 975 3149 cespitat,
1001 3055 1088 3149 qnia
1113 3075 1220 3130 error
1252 3054 1288 3128 iu
1320 3053 1391 3130 alia
1422 3053 1646 3150 professione
1679 3073 1752 3127 non
1783 3058 1839 3130 est
1864 3072 1975 3129 causa

803 3173 894 3248 tanti
918 3172 1043 3248 damni
1068 3180 1106 3249 et
1130 3174 1289 3250 scandali
1314 3174 1408 3250 sicut
1433 3175 1470 3248 in
1496 3173 1585 3268 lide3
1611 3193 1723 3267 quarn
1749 3178 1858 3248 autor
1880 3173 1974 3251 bene

804 3297 913 3369 vocat
950 3293 1230 3389 professionem,
1264 3295 1351 3390 quia
1389 3294 1608 3370 christianus
1645 3291 1839 3389 profitetur
1875 3293 1974 3368 illam

646 3450 649 3456 ·
804 3413 953 3509 quando
979 3414 1079 3490 veuit
1098 3414 1145 3490 ad
1162 3415 1400 3510 baptismum,
1418 3415 1511 3490 sicut
1533 3413 1793 3511 professionem
1813 3414 1898 3490 facit
1914 3414 1976 3508 qui

674 3588 679 3598 .
803 3533 916 3609 intrat
933 3533 1160 3631 religionem.
1180 3537 1224 3610 lit
1240 3535 1311 3612 boc
1328 3535 1413 3612 feci:
1431 3529 1462 3610 sl
1477 3557 1573 3610 oomo
1589 3539 1616 3610 ll
1630 3535 1809 3610 buccadlcr
1824 3538 1977 3628 sanna,

803 3652 908 3747 idest,
942 3654 1141 3748 praemunit
1165 3675 1206 3732 se
1232 3656 1444 3751 rationibus,
1476 3679 1496 3730 c
1525 3677 1598 3731 non
1626 3659 1762 3751 μανίας
1793 3663 1850 3732 est
1880 3656 1977 3732 enim

805 3765 1068 3867 baccilerius(¹)
1082 3775 1141 3851 vel
1159 3776 1391 3852 bachelarius
1408 3777 1469 3852 ille
1490 3777 1554 3872 qui
1567 3777 1722 3852 sustinet
1737 3776 1977 3871 questionem

805 3902 935 3971 contra
961 3903 1205 3991 opponentes;
1233 3896 1314 3972 ideo
1334 3897 1430 3974 bene
1446 3903 1556 3974 autor
1577 3897 1694 3972 utitur
1713 3897 1782 3972 isto
1799 3896 1978 3972 vocabulo

807 4037 924 4092 orma.
951 4016 1081 4091 drmat
1105 4017 1204 4093 enim
1230 4038 1271 4094 se
1296 4017 1333 4092 in
1358 4024 1484 4094 mente
1508 4040 1574 4094 sua
1608 4018 1810 4095 rationibus
1844 4017 1978 4112 quibus

808 4137 972 4215 excutiat
996 4145 1034 4214 ot
1059 4137 1202 4214 refellat
1227 4137 1299 4213 tela
1323 4137 1634 4234 adversariorum,
1651 4139 1743 4230 idest
1758 4143 1978 4235 argumenta

806 4258 1082 4357 apponentium,
1105 4254 1220 4351 fincte*
1241 4261 1268 4333 't
1291 4266 1444 4334 macrim
1463 4281 1625 4354 propone
1650 4263 1680 4334 lc
1704 4257 1980 4352 mosomum

760 4449 762 4453 .
808 4379 906 4454 enim
932 4377 1137 4478 appellatur
1163 4379 1339 4476 magister
1364 4379 1428 4475 qni
1453 4385 1554 4457 tenet
1578 4379 1801 4474 cathedram,
1828 4385 1866 4454 et
1895 4363 2003 4473 pro-¹

809 4497 911 4595 ponit
935 4497 1176 4594 questionem
1202 4499 1347 4594 publice
1389 4520 1516 4575 coram
1555 4498 1765 4576 doctoribus
1802 4504 1841 4574 et
1877 4501 1982 4573 sobo-

810 4619 961 4714 laribus,
988 4625 1025 4695 et
1050 4641 1124 4694 nou
1149 4619 1370 4696 determinat
1395 4620 1494 4695 illam
1512 4619 1550 4694 in
1567 4621 1627 4696 illa
1643 4619 1898 4716 disputatione,
1918 4617 1981 4694 sed

811 4744 938 4836 postea
963 4739 1034 4814 alia
1059 4740 1161 4835 vioe3
1186 4740 1269 4816 ideo
1293 4740 1390 4837 dicit,
1405 4763 1475 4836 per
1499 4745 1721 4835 opproourto
1741 4761 1895 4834 conpar
1911 4744 1982 4814 ar·

872 5017 902 5080 fl
916 5015 947 5066 Ε
963 5029 979 5067 ⁰
995 5020 1019 5078 l»
1035 5017 1107 5078 murt,
1123 5017 1193 5082 qood
1209 5029 1259 5082 pro
1274 5021 1357 5068 certo.
1545 5013 1573 5078 (Ἴ
1589 5015 1620 5067 ts
1638 5017 1790 5068 bacchius.
