4842 6642
744 834 881 889 cunnus
906 834 1098 889 viunsinus
1123 832 1293 889 ocrnvus.
1536 820 1607 889 llll

429 980 541 1077 phim,
563 978 669 1055 etita
691 978 737 1054 de
760 980 902 1055 caeteris
924 980 1039 1075 speris
1062 984 1100 1054 et
1122 980 1330 1054 ordinibus:
1349 984 1387 1055 et
1412 980 1463 1053 sic
1489 984 1608 1074 polest

431 1100 612 1195 concludi,
631 1100 730 1195 quod
749 1100 868 1174 maior
894 1100 1054 1175 circulus
1079 1102 1161 1195 plus
1187 1100 1296 1175 sentit
1320 1099 1367 1175 de
1393 1101 1531 1175 virtute
1550 1098 1607 1173 di-

431 1224 535 1318 vina3
553 1223 635 1297 ideo
653 1221 884 1319 gubernatur
901 1222 949 1297 ab
967 1222 1026 1295 illa
1045 1222 1281 1320 intelligentia
1299 1242 1383 1316 quae
1403 1222 1485 1317 plus
1506 1227 1609 1294 amat

431 1346 561 1420 Deum.
576 1384 625 1397 -
640 1338 778 1417 Perold.
797 1343 862 1417 llic
877 1334 914 1434 (⁴)
933 1344 1078 1417 Beatrix
1102 1343 1284 1418 concludit
1302 1343 1530 1438 propositum
1551 1341 1608 1414 in-

431 1471 573 1541 tentum
587 1456 624 1557 (²)
642 1484 687 1539 en
709 1462 825 1557 dictis,
843 1463 985 1538 dicens:
1006 1459 1138 1537 Parate*
1161 1471 1196 1535 tu
1223 1466 1347 1537 vedroi
1363 1463 1505 1536 mirabli
1520 1482 1607 1543 con·

430 1606 619 1679 sepumzn,
646 1584 749 1679 idest,
780 1584 1085 1679 convenientiam,
1112 1586 1149 1657 di
1173 1587 1317 1675 meppia
1348 1606 1372 1656 a
1401 1579 1476 1676 piri,
1502 1581 1605 1674 idest,

431 1707 478 1783 de
504 1705 634 1781 maiori
660 1705 799 1781 circulo
824 1705 871 1779 ad
897 1706 978 1799 plus
1005 1704 1168 1797 virtulis3
1186 1710 1224 1777 et
1248 1703 1296 1777 ita
1323 1702 1453 1778 eodem
1483 1700 1606 1793 modo,

431 1831 469 1903 dl
494 1831 629 1901 minore
653 1848 677 1899 a
704 1847 817 1918 meno,
844 1826 947 1919 idest,
964 1847 986 1899 a
1005 1825 1138 1899 minori
1165 1825 1304 1900 circulo
1324 1824 1371 1899 ad
1389 1823 1512 1897 rninus
1529 1822 1606 1895 vir·

431 1949 538 2043 tutis3
567 1956 604 2023 et
629 1950 698 2024 hoc
724 1948 825 2022 dico:
850 1969 888 2021 sc
904 1954 939 2021 lu
956 1950 1119 2021 circmtde
1137 1950 1173 2021 la
1193 1954 1266 2038 loru,
1285 1948 1343 2020 vel
1369 1968 1435 2019 suu
1455 1949 1606 2038 misera,

431 2068 533 2163 idest,
560 2089 775 2164 compensas
808 2068 1163 2162 quantummodo
1194 2062 1299 2157 oirlrl,
1332 2066 1479 2161 scilicet,
1509 2087 1606 2161 suae,

431 2200 469 2267 et
493 2189 597 2265 dicit:
624 2210 696 2263 non
726 2192 800 2263 allo
826 2210 1027 2283 puromzo,
1055 2188 1157 2283 idest,
1184 2188 1378 2283 quantitati
1404 2188 1607 2283 apparenti,

431 2313 517 2385 delle
533 2312 722 2401 sustunm'e,
740 2310 843 2403 idest,
862 2330 1069 2405 sperarum,
1085 2313 1145 2383 olle
1162 2312 1186 2383 t'
1197 2313 1353 2402 uppuiou
1370 2313 1485 2400 tonde,
1503 2310 1607 2403 idest,

432 2451 516 2525 quae
549 2430 720 2505 videntur
749 2430 960 2525 circulares,
987 2430 1091 2524 quasi
1117 2429 1230 2505 dicat:
1263 2430 1292 2504 si
1326 2437 1366 2504 tu
1397 2431 1607 2507 consideras

431 2552 672 2646 quantitatem
709 2551 925 2625 intensivam
958 2558 995 2625 et
1031 2572 1103 2624 non
1138 2551 1377 2627 extensivam.
1413 2553 1475 2627 Est
1506 2551 1604 2627 enim

432 2672 615 2767 quantitas
641 2672 828 2747 extensiva
854 2671 1052 2766 corporalis
1077 2692 1278 2767 apparens3
1305 2672 1483 2747 intensiva
1513 2692 1604 2747 vero

431 2792 626 2888 spiritualis
660 2814 732 2867 non
766 2812 958 2887 apparens,
984 2792 1078 2867 sicut
1109 2793 1227 2889 gratia
1260 2792 1418 2890 exempli
1448 2792 1603 2867 dicimus

433 2912 530 3007 quod
550 2914 738 3009 Augustus
756 2911 822 2985 luit
839 2911 1103 3007 grandissimus
1121 2913 1288 2987 omnium
1307 2912 1512 3007 homiuum,
1530 2932 1604 2986 nou

432 3031 581 3127 quidem
610 3031 860 3129 magnitudine
881 3031 1073 3127 corporali,
1092 3032 1179 3126 quia
1205 3032 1273 3105 luit
1298 3052 1454 3127 corpore
1471 3032 1605 3125 brevis,

431 3152 494 3227 sed
528 3153 665 3228 virtute
698 3159 735 3229 et
769 3152 940 3249 potentia.
973 3152 1146 3227 Similiter
1184 3152 1363 3227 dicimus:
1400 3152 1606 3228 Alexander

432 3292 589 3369 magnus
615 3273 682 3349 luit
708 3274 846 3371 largus,
863 3293 949 3347 cum
969 3280 1093 3349 tamen
1111 3272 1223 3348 luerit
1240 3273 1363 3348 brevis
1380 3279 1544 3348 salure.
1557 3312 1608 3327 -

433 3394 545 3465 Come.
572 3390 638 3465 llic
662 3398 771 3465 autor
797 3389 953 3465 ostendit
970 3390 1157 3485 quomodo
1183 3390 1273 3465 illud
1298 3389 1455 3465 dubium
1482 3410 1608 3465 remo-

432 3519 508 3586 tum
537 3519 592 3587 est
617 3514 663 3589 ab
689 3513 813 3589 animo
839 3513 920 3589 eius
940 3534 1005 3610 per
1027 3514 1248 3589 solutionem
1269 3514 1460 3608 Beatricis3
1482 3513 1608 3589 etheo

431 3632 514 3709 lacit
540 3654 606 3728 per
631 3654 744 3707 unam
772 3634 1087 3729 comparationem
1112 3634 1268 3708 claram:
1290 3641 1326 3708 et
1348 3633 1509 3708 breviter
1528 3631 1607 3709 vult

429 3753 552 3829 dicere
579 3754 679 3849 quod
701 3755 877 3831 remansit
894 3755 943 3829 ita
962 3754 1105 3829 lucidus
1122 3761 1159 3829 et
1177 3754 1312 3848 clarus,
1331 3774 1487 3829 excussa
1503 3754 1606 3830 omni

431 3873 656 3950 dubitatione
682 3896 727 3951 ex
754 3876 878 3951 animo
894 3876 940 3950 ad
958 3875 1233 3971 responsionem
1250 3867 1286 3968 (³)
1306 3874 1491 3970 Beatricis,
1510 3876 1607 3951 sicut

431 4014 529 4089 saepe
545 3996 695 4090 coelum,
710 3996 808 4091 quod
821 3996 925 4092 prius
942 4001 1023 4072 erat
1040 3996 1263 4091 nubilosum,
1279 4003 1446 4072 remanet
1461 3998 1605 4072 clarum

433 4120 471 4189 et
489 4134 663 4189 serenum
683 4114 808 4213 iugata
829 4117 929 4191 omni
949 4118 1115 4192 nubead
1140 4118 1268 4192 ilatum
1291 4118 1350 4193 vel
1370 4117 1605 4213 spirationem

432 4234 566 4309 boreae.
581 4234 673 4309 Dicit
686 4255 794 4332 ergo:
812 4228 890 4309 Coei
899 4240 1019 4333 secio,
1026 4241 1089 4330 poi
1101 4240 1204 4311 circla
1218 4240 1291 4310 mio
1303 4240 1424 4311 donna
1437 4241 1485 4311 mi
1492 4260 1607 4331 pron·

432 4356 509 4427 vtde
528 4357 585 4428 dcl
598 4376 662 4429 suo
679 4358 868 4449 rispondcr
885 4360 1018 4450 elimo,
1037 4356 1139 4452 idest,
1158 4357 1394 4453 responsione
1414 4358 1514 4434 clara
1531 4379 1607 4454 qua

433 4473 658 4571 indigebam,
678 4482 714 4549 et
735 4476 836 4551 dicit:
855 4479 917 4550 eil
934 4479 1146 4572 emmelde,
1163 4478 1310 4573 scilicet,
1327 4500 1394 4574 per
1416 4499 1488 4573 me,
1510 4498 1609 4553 come

431 4597 530 4669 stella
546 4598 583 4672 in
600 4600 699 4689 cleto,
717 4598 856 4693 supple,
875 4598 975 4672 clare
992 4597 1136 4673 videtur
1156 4598 1280 4695 iugata
1303 4599 1545 4675 nubilositate.
1563 4600 1607 4675 ut

434 4718 503 4791 hoc
521 4716 621 4791 dico:
640 4738 736 4791 come
753 4720 774 4791 l'
784 4720 966 4809 emlsperio
987 4718 1065 4791 detl’
1074 4738 1169 4809 nere,
1188 4718 1335 4813 scilicet,
1353 4727 1520 4794 nostrum
1542 4742 1607 4794 su-

495 4904 522 4965 (¹)
540 4904 571 4954 ll.
587 4904 638 4954 Hie
655 4910 732 4957 autor
748 4906 809 4955 dicit
825 4904 895 4969 quod
912 4904 1025 4955 Beatrix.

496 4980 570 5044 (¹113.
587 4982 700 5045 intentis,
717 4982 814 5035 dicens.
1000 4980 1027 5043 l')
1044 4982 1074 5031 E.
1090 4994 1252 5047 responsum.
