4842 6642
789 842 861 909 232
1144 930 1147 939 Ι
1182 852 1386 947 counnruu
1411 852 1577 907 ransom

786 1002 901 1099 signo,
928 1005 1002 1075 lide
1025 1005 1084 1077 nel
1112 1003 1213 1076 dolce
1243 1002 1330 1095 frui,
1356 999 1460 1091 idest,
1485 998 1659 1073 fruitione
1691 999 1829 1073 summi
1863 998 1960 1093 boni,

784 1122 862 1197 sive
895 1121 1169 1217 participatione
1202 1119 1452 1212 beatitudiniS,
1484 1122 1640 1213 socicno,
1678 1118 1787 1213 idest,
1825 1120 1961 1194 consti-

785 1242 957 1335 tuebant3
984 1242 1041 1316 vel
1069 1240 1273 1315 secundum
1304 1239 1414 1314 aliam
1450 1238 1605 1334 literam,
1631 1242 1703 1329 cte,
1736 1240 1839 1333 idest,
1875 1261 1960 1335 quae

787 1364 921 1460 imago,
948 1365 1052 1456 socco
1084 1363 1236 1433 lonium
1267 1367 1435 1451 conserte,
1464 1360 1611 1453 scilicet,
1643 1381 1728 1453 qum
1761 1381 1962 1455 compone-

788 1485 875 1558 bant
889 1482 1000 1578 ipsam
1019 1480 1194 1575 aquilam,
1207 1483 1282 1553 ttete
1297 1483 1356 1554 nel
1370 1484 1467 1554 dolce
1481 1485 1557 1575 frui
1565 1506 1581 1574 ;
1597 1489 1653 1555 est
1669 1480 1766 1554 enim
1783 1483 1859 1574 frui
1875 1501 1961 1574 pro·
2103 1502 2108 1513 ·

788 1604 866 1699 prie
890 1610 1128 1695 aeternorum,
1155 1600 1249 1675 sicut
1274 1600 1328 1674 uti
1356 1607 1603 1693 terrenorum,
1621 1600 1790 1695 quamvis
1813 1593 1959 1695 saepe(¹)

786 1724 986 1799 abutamur
1012 1722 1080 1796 isto
1106 1720 1298 1814 vocabulo,
1326 1727 1367 1795 ut
1391 1720 1516 1796 scribit
1540 1720 1768 1818 Augustinus
1792 1721 1839 1797 rie
1863 1721 1960 1797 Ciri-

788 1851 861 1921 tate
886 1844 971 1937 Dei3
991 1864 1108 1936 pared
1133 1846 1281 1917 dinanzi
1305 1864 1330 1916 o
1354 1863 1409 1915 mc
1432 1862 1498 1915 con
1523 1845 1546 1915 l’
1558 1846 1609 1916 oli
1632 1850 1761 1936 operte.
1793 1845 1865 1919 Per
1891 1845 1959 1924 boc

786 1966 902 2040 innuit
926 1972 1036 2039 autor
1062 1963 1162 2059 quod
1188 1963 1313 2058 aquila
1340 1963 1485 2038 volebat
1506 1984 1547 2038 se
1565 1963 1810 2057 manifestare,
1829 1971 1871 2037 ut
1888 1970 1961 2039 sta-

787 2086 852 2159 tim
870 2084 1102 2179 ostendetur;
1130 2085 1187 2157 vel
1213 2084 1271 2157 dic
1296 2084 1395 2177 quod
1420 2092 1530 2157 autor
1556 2084 1674 2158 innuit
1699 2084 1798 2180 quod
1819 2084 1960 2181 justitia

787 2205 982 2300 imperialis
1007 2191 1268 2279 ostendebatur
1294 2204 1352 2277 bic
1378 2205 1460 2278 laete
1489 2210 1526 2278 et
1550 2211 1678 2299 aperte
1699 2205 1816 2298 qualis
1837 2206 1904 2279 luit
1924 2205 1960 2279 in

782 2326 902 2421 justis.
915 2324 1148 2420 principibus,
1165 2323 1259 2397 sicut
1284 2324 1321 2397 in
1347 2323 1514 2417 traiano,
1532 2324 1579 2399 de
1598 2345 1674 2418 quo
1690 2324 1834 2399 dicetur
1850 2325 1961 2420 paulo

786 2445 890 2539 inira,
910 2444 945 2518 in
963 2444 1041 2518 Tito
1059 2443 1290 2539 Vespasiano,
1317 2444 1354 2517 in
1380 2443 1597 2536 Alexandro,
1624 2444 1660 2517 in
1682 2444 1863 2519 Antonino
1885 2444 1959 2519 Pio.

787 2566 910 2641 Iniusti
935 2573 1062 2641 autem
1090 2566 1269 2661 principes
1294 2572 1331 2640 et
1350 2563 1492 2662 tyranni
1514 2572 1611 2640 stant
1631 2565 1751 2639 tristes
1772 2574 1810 2641 ct
1826 2567 1958 2641 occulti

787 2688 857 2761 sub
883 2686 1047 2761 custodia
1072 2668 1380 2782 sanguinosorum
1405 2706 1612 2779 armorum,
1633 2686 1747 2761 timidi
1768 2694 1806 2761 et
1821 2688 1959 2781 soliciti,

788 2808 881 2882 sicut
907 2807 1023 2901 patuit
1044 2807 1080 2881 in
1108 2808 1264 2901 Nerone,
1286 2806 1376 2881 Gaio
1398 2805 1603 2881 Domitiano
1616 2798 1668 2899 (²),
1686 2807 1872 2883 Caracalla
1889 2816 1959 2883 etc.

788 2927 852 3022 qui
877 2927 997 3001 tristes
1023 2926 1190 3001 iecerunt
1214 2924 1389 3019 subditos,
1411 2934 1448 3000 et
1466 2915 1614 3001 tristiter
1635 2926 1818 3022 vixerunt,
1837 2934 1874 3002 et
1894 2928 1979 3003 tri-¹

774 3048 877 3139 ,stius
895 3048 1030 3121 mortui
1048 3052 1153 3139 sunt;
1172 3047 1231 3121 ille
1257 3047 1404 3141 proprio
1421 3046 1593 3143 pugione,
1611 3046 1671 3121 ille
1694 3068 1849 3141 veneno,
1866 3048 1961 3124 alius

787 3166 1001 3261 trucidatus,
1018 3167 1111 3241 alius
1128 3166 1387 3262 strangulatus.
1403 3207 1452 3219 -
1467 3171 1594 3240 Pareo.
1615 3167 1678 3241 llic
1696 3174 1806 3242 autor
1823 3167 1961 3243 descri-

785 3288 836 3363 bit
862 3288 1074 3382 qualitatem
1105 3287 1253 3362 illarum
1283 3287 1493 3362 animarum
1523 3288 1825 3363 constituentium
1853 3290 1961 3383 aqui·

785 3409 858 3481 lam
892 3428 958 3503 per
994 3428 1104 3481 unam
1142 3408 1302 3481 nobilem
1343 3408 1655 3504 comparationem
1689 3416 1728 3483 et
1761 3409 1959 3503 propriam,

726 3541 732 3550 ·
786 3546 869 3620 quae
897 3526 975 3599 talis
1002 3533 1080 3619 est3
1107 3525 1285 3619 videlicet,
1312 3526 1412 3621 quod
1438 3527 1532 3602 sicut
1555 3529 1702 3621 quando
1729 3528 1851 3602 radius
1876 3529 1961 3603 solis

784 3646 867 3719 ferit
883 3646 995 3740 supra
1014 3645 1200 3740 rubinum,
1216 3647 1263 3720 ita
1283 3646 1382 3740 qarod
1402 3647 1490 3721 radii
1511 3647 1775 3744 reiranguntur
1792 3648 1838 3723 ad
1856 3648 1958 3723 illum

650 3836 655 3845 .
684 3832 687 3837 .
784 3766 847 3861 qui
874 3766 1028 3863 respicit,
1056 3768 1105 3843 ita
1133 3767 1222 3841 radii
1249 3767 1394 3843 iliarum
1417 3768 1627 3842 animarum
1653 3769 1960 3865 refrangebantur

784 3888 822 3961 in
847 3888 957 3961 oculo
982 3886 1140 3982 autoris,
1166 3894 1203 3961 et
1229 3908 1294 3983 per
1320 3888 1418 3961 illam
1449 3887 1626 3961 visionem
1658 3888 1960 3965 manifestabatur

714 3995 717 3999 ’
785 4006 852 4079 sibi
876 4006 923 4081 de
949 4005 1171 4081 beatitudine
1196 4006 1355 4081 illarum.
1383 4007 1474 4081 Dicit
1502 4026 1612 4103 ergo:
1642 4012 1759 4081 Pareo
1780 4011 1958 4099 cicerum,

784 4126 930 4220 scilicet,
957 4126 1092 4221 anima,
1117 4127 1302 4219 rubinetto,
1319 4127 1422 4221 idest,
1439 4148 1590 4223 gemma
1615 4128 1773 4223 pretiosa
1796 4130 1957 4227 rubeus-3

787 4254 842 4323 est
869 4248 968 4323 enim
1001 4247 1154 4321 rubinos
1185 4247 1274 4342 lapis
1299 4248 1492 4344 pretiosus,
1518 4248 1581 4343 qui
1607 4253 1675 4323 etc.
1709 4250 1752 4322 Et
1782 4249 1890 4324 dicit:
1922 4254 1961 4325 io

785 4372 841 4445 cui
864 4371 994 4460 ruppio
1018 4370 1056 4441 di
1071 4372 1144 4442 sole
1161 4372 1318 4460 ordessc,
1335 4368 1439 4463 idest,
1459 4377 1685 4464 coruscaret,
1701 4363 1732 4443 si
1747 4392 1882 4461 occeso,
1899 4374 1959 4446 cte

784 4492 1001 4581 cifranpessc
1025 4489 1085 4579 lui,
1115 4487 1206 4561 idest
1232 4488 1336 4562 illum
1363 4488 1520 4581 radium,
1545 4492 1600 4561 nc'
1614 4492 1694 4563 anmi
1716 4492 1821 4563 oceli.
1841 4492 1884 4564 Et
1901 4490 1960 4565 bic

785 4615 869 4683 irota
896 4607 1083 4701 quomodo
1107 4608 1335 4704 comparatio
1361 4609 1474 4683 servit
1499 4609 1646 4704 proprie
1669 4610 1865 4706 proposito.
1887 4609 1962 4685 111ae

786 4727 882 4803 enim
910 4726 1043 4802 antmae
1065 4728 1236 4822 pretiosae
1258 4735 1296 4803 et
1319 4728 1548 4824 splendentes
1575 4729 1713 4824 rubeae,
1732 4738 1832 4805 recte
1855 4751 1959 4805 com·

849 4988 877 5053 (¹)
893 4991 924 5042 E.
939 4992 1032 5055 sepius
1047 4990 1186 5041 abutamur
1201 4990 1256 5053 ipso
1273 4990 1408 5041 vocabulo.
1467 5063 1470 5067 A
1538 4988 1566 5050 (Ἴ
1582 4990 1613 5041 B.
1628 4989 1690 5042 Caio
1705 4990 1829 5043 bomtuo.
