<?xml version="1.0" encoding="UTF-8"?>
<!DOCTYPE html PUBLIC "-//W3C//DTD XHTML 1.0 Transitional//EN"
    "http://www.w3.org/TR/xhtml1/DTD/xhtml1-transitional.dtd">
<html xmlns="http://www.w3.org/1999/xhtml" xml:lang="en" lang="en">
 <head>
  <title>
</title>
<meta http-equiv="Content-Type" content="text/html;charset=utf-8" />
  <meta name='ocr-system' content='tesseract 3.04.00' />
  <meta name='ocr-capabilities' content='ocr_page ocr_carea ocr_par ocr_line ocrx_word'/>
</head>
<body>
  <div class='ocr_page' id='page_1' title='image "./comentumsuperda02benvgoog_0148.png"; bbox 0 0 4842 6642; ppageno 0'>
   <div class='ocr_carea' id='block_1_1' title="bbox 1014 780 1798 848">
    <p class='ocr_par' dir='ltr' id='par_1_1' title="bbox 1014 780 1798 848">
     <span class='ocr_line' id='line_1_1' title="bbox 1014 780 1798 848; baseline -0.008 0"><span class='ocrx_word' id='word_1_1' title='bbox 1014 780 1083 848; x_wconf 80' lang='lat'><strong>136</strong></span> <span class='ocrx_word' id='word_1_2' title='bbox 1402 790 1607 846; x_wconf 74' lang='lat' dir='ltr'><strong>muauuuu</strong></span> <span class='ocrx_word' id='word_1_3' title='bbox 1630 790 1798 844; x_wconf 74' lang='lat' dir='ltr'><strong>reamur</strong></span> 
     </span>
    </p>
   </div>
   <div class='ocr_carea' id='block_1_2' title="bbox 1008 933 2183 2111">
    <p class='ocr_par' dir='ltr' id='par_1_2' title="bbox 1008 933 2183 2111">
     <span class='ocr_line' id='line_1_2' title="bbox 1010 933 2180 1027; baseline -0.005 -15"><span class='ocrx_word' id='word_1_4' title='bbox 1010 937 1140 1012; x_wconf 89' lang='lat' dir='ltr'><strong>audire</strong></span> <span class='ocrx_word' id='word_1_5' title='bbox 1161 937 1222 1012; x_wconf 89' lang='lat' dir='ltr'><strong>illa</strong></span> <span class='ocrx_word' id='word_1_6' title='bbox 1241 936 1371 1011; x_wconf 88' lang='lat' dir='ltr'><strong>verba:</strong></span> <span class='ocrx_word' id='word_1_7' title='bbox 1402 941 1432 1010; x_wconf 89' lang='lat'><em>0</em></span> <span class='ocrx_word' id='word_1_8' title='bbox 1456 939 1601 1027; x_wconf 61' lang='lat' dir='ltr'><strong>conque</strong></span> <span class='ocrx_word' id='word_1_9' title='bbox 1621 957 1729 1026; x_wconf 75' lang='lat' dir='ltr'><strong>umus,</strong></span> <span class='ocrx_word' id='word_1_10' title='bbox 1754 941 1788 1008; x_wconf 86' lang='lat' dir='ltr'><strong>et</strong></span> <span class='ocrx_word' id='word_1_11' title='bbox 1809 955 1835 1007; x_wconf 85' lang='lat' dir='ltr'><strong>a</strong></span> <span class='ocrx_word' id='word_1_12' title='bbox 1859 936 1995 1025; x_wconf 79' lang='lat' dir='ltr'><strong><em>vedere,</em></strong></span> <span class='ocrx_word' id='word_1_13' title='bbox 2012 933 2100 1027; x_wconf 92' lang='lat' dir='ltr'><strong>quia</strong></span> <span class='ocrx_word' id='word_1_14' title='bbox 2116 933 2180 1006; x_wconf 86' lang='lat' dir='ltr'><strong>lae·</strong></span> 
     </span>
     <span class='ocr_line' id='line_1_3' title="bbox 1011 1053 2179 1146; baseline -0.003 -17"><span class='ocrx_word' id='word_1_15' title='bbox 1011 1065 1091 1130; x_wconf 92' lang='lat' dir='ltr'><strong>tum</strong></span> <span class='ocrx_word' id='word_1_16' title='bbox 1124 1064 1162 1132; x_wconf 88' lang='lat' dir='ltr'><strong>et</strong></span> <span class='ocrx_word' id='word_1_17' title='bbox 1190 1057 1405 1134; x_wconf 87' lang='lat' dir='ltr'><strong>delectabile</strong></span> <span class='ocrx_word' id='word_1_18' title='bbox 1430 1063 1511 1132; x_wconf 87' lang='lat' dir='ltr'><strong>erat</strong></span> <span class='ocrx_word' id='word_1_19' title='bbox 1539 1056 1660 1131; x_wconf 90' lang='lat' dir='ltr'><strong>autori</strong></span> <span class='ocrx_word' id='word_1_20' title='bbox 1694 1056 1820 1130; x_wconf 85' lang='lat' dir='ltr'><strong>videre</strong></span> <span class='ocrx_word' id='word_1_21' title='bbox 1848 1054 1953 1129; x_wconf 91' lang='lat' dir='ltr'><strong>illum</strong></span> <span class='ocrx_word' id='word_1_22' title='bbox 1986 1053 2179 1146; x_wconf 87' lang='lat' dir='ltr'><strong>antiquum</strong></span> 
     </span>
     <span class='ocr_line' id='line_1_4' title="bbox 1009 1175 2180 1273; baseline -0.005 -21"><span class='ocrx_word' id='word_1_23' title='bbox 1009 1187 1152 1272; x_wconf 88' lang='lat' dir='ltr'><strong>patrem</strong></span> <span class='ocrx_word' id='word_1_24' title='bbox 1179 1177 1236 1252; x_wconf 91' lang='lat' dir='ltr'><strong>sui</strong></span> <span class='ocrx_word' id='word_1_25' title='bbox 1262 1177 1448 1273; x_wconf 86' lang='lat' dir='ltr'><strong>sanguinis</strong></span> <span class='ocrx_word' id='word_1_26' title='bbox 1474 1177 1510 1250; x_wconf 91' lang='lat' dir='ltr'><strong>io</strong></span> <span class='ocrx_word' id='word_1_27' title='bbox 1537 1175 1662 1251; x_wconf 89' lang='lat' dir='ltr'><strong>babitu</strong></span> <span class='ocrx_word' id='word_1_28' title='bbox 1689 1181 1728 1252; x_wconf 87' lang='lat' dir='ltr'><strong>et</strong></span> <span class='ocrx_word' id='word_1_29' title='bbox 1750 1181 1836 1250; x_wconf 91' lang='lat' dir='ltr'><strong>aetu</strong></span> <span class='ocrx_word' id='word_1_30' title='bbox 1862 1175 1922 1269; x_wconf 89' lang='lat' dir='ltr'><strong>pio</strong></span> <span class='ocrx_word' id='word_1_31' title='bbox 1953 1181 1990 1250; x_wconf 89' lang='lat' dir='ltr'><strong>et</strong></span> <span class='ocrx_word' id='word_1_32' title='bbox 2016 1179 2180 1269; x_wconf 88' lang='lat' dir='ltr'><strong>paterno,</strong></span> 
     </span>
     <span class='ocr_line' id='line_1_5' title="bbox 1010 1295 2182 1392; baseline -0.005 -20"><span class='ocrx_word' id='word_1_33' title='bbox 1010 1299 1057 1373; x_wconf 90' lang='lat' dir='ltr'><strong>de</strong></span> <span class='ocrx_word' id='word_1_34' title='bbox 1082 1317 1157 1392; x_wconf 94' lang='lat' dir='ltr'><strong>quo</strong></span> <span class='ocrx_word' id='word_1_35' title='bbox 1182 1298 1321 1372; x_wconf 90' lang='lat' dir='ltr'><strong>dietum</strong></span> <span class='ocrx_word' id='word_1_36' title='bbox 1348 1305 1412 1372; x_wconf 89' lang='lat' dir='ltr'><strong>est.</strong></span> <span class='ocrx_word' id='word_1_37' title='bbox 1439 1297 1508 1372; x_wconf 76' lang='lat' dir='ltr'><strong>Alii</strong></span> <span class='ocrx_word' id='word_1_38' title='bbox 1534 1304 1657 1371; x_wconf 75' lang='lat' dir='ltr'><strong>tauma</strong></span> <span class='ocrx_word' id='word_1_39' title='bbox 1682 1301 1900 1371; x_wconf 90' lang='lat' dir='ltr'><strong>construunt</strong></span> <span class='ocrx_word' id='word_1_40' title='bbox 1922 1295 1992 1369; x_wconf 89' lang='lat' dir='ltr'><strong>sie:</strong></span> <span class='ocrx_word' id='word_1_41' title='bbox 2014 1298 2050 1368; x_wconf 89' lang='lat' dir='ltr'><strong>to</strong></span> <span class='ocrx_word' id='word_1_42' title='bbox 2071 1297 2182 1386; x_wconf 67' lang='lat' dir='ltr'><strong>epieto</strong></span> 
     </span>
     <span class='ocr_line' id='line_1_6' title="bbox 1011 1413 2180 1512; baseline -0.003 -22"><span class='ocrx_word' id='word_1_43' title='bbox 1011 1420 1146 1510; x_wconf 69' lang='lat' dir='ltr'><strong>pium,</strong></span> <span class='ocrx_word' id='word_1_44' title='bbox 1174 1418 1274 1510; x_wconf 92' lang='lat' dir='ltr'><strong>mibi,</strong></span> <span class='ocrx_word' id='word_1_45' title='bbox 1299 1418 1439 1512; x_wconf 85' lang='lat' dir='ltr'>supple,</span> <span class='ocrx_word' id='word_1_46' title='bbox 1469 1418 1642 1509; x_wconf 79' lang='lat' dir='ltr'><strong>ptoeondo</strong></span> <span class='ocrx_word' id='word_1_47' title='bbox 1670 1437 1695 1488; x_wconf 87' lang='lat' dir='ltr'><strong>a</strong></span> <span class='ocrx_word' id='word_1_48' title='bbox 1727 1417 1840 1508; x_wconf 79' lang='lat' dir='ltr'><strong>edire,</strong></span> <span class='ocrx_word' id='word_1_49' title='bbox 1882 1414 2028 1507; x_wconf 87' lang='lat' dir='ltr'><strong>scilicet,</strong></span> <span class='ocrx_word' id='word_1_50' title='bbox 2060 1413 2180 1508; x_wconf 92' lang='lat' dir='ltr'><strong>ipsum</strong></span> 
     </span>
     <span class='ocr_line' id='line_1_7' title="bbox 1011 1534 2180 1634; baseline -0.002 -24"><span class='ocrx_word' id='word_1_51' title='bbox 1011 1540 1178 1634; x_wconf 93' lang='lat' dir='ltr'><strong>spiritum</strong></span> <span class='ocrx_word' id='word_1_52' title='bbox 1205 1539 1387 1613; x_wconf 80' lang='lat' dir='ltr'><strong>dicentem</strong></span> <span class='ocrx_word' id='word_1_53' title='bbox 1416 1539 1527 1612; x_wconf 91' lang='lat' dir='ltr'><strong>verba</strong></span> <span class='ocrx_word' id='word_1_54' title='bbox 1548 1546 1622 1611; x_wconf 91' lang='lat' dir='ltr'><strong>lam</strong></span> <span class='ocrx_word' id='word_1_55' title='bbox 1641 1536 1783 1630; x_wconf 90' lang='lat' dir='ltr'><strong>blanda,</strong></span> <span class='ocrx_word' id='word_1_56' title='bbox 1801 1559 1821 1608; x_wconf 92' lang='lat' dir='ltr'><strong>e</strong></span> <span class='ocrx_word' id='word_1_57' title='bbox 1836 1555 1860 1608; x_wconf 87' lang='lat' dir='ltr'><strong>o</strong></span> <span class='ocrx_word' id='word_1_58' title='bbox 1876 1539 2013 1628; x_wconf 78' lang='lat' dir='ltr'><strong><em>vedere,</em></strong></span> <span class='ocrx_word' id='word_1_59' title='bbox 2033 1534 2180 1626; x_wconf 89' lang='lat' dir='ltr'><strong>scilicet,</strong></span> 
     </span>
     <span class='ocr_line' id='line_1_8' title="bbox 1013 1655 2181 1754; baseline -0.003 -24"><span class='ocrx_word' id='word_1_60' title='bbox 1013 1658 1231 1754; x_wconf 84' lang='lat' dir='ltr'><strong>beatricem,</strong></span> <span class='ocrx_word' id='word_1_61' title='bbox 1248 1658 1325 1732; x_wconf 88' lang='lat' dir='ltr'><strong>sive</strong></span> <span class='ocrx_word' id='word_1_62' title='bbox 1342 1657 1624 1753; x_wconf 81' lang='lat' dir='ltr'>pulcritudinem</span> <span class='ocrx_word' id='word_1_63' title='bbox 1642 1656 1837 1732; x_wconf 89' lang='lat' dir='ltr'><strong>oculorum</strong></span> <span class='ocrx_word' id='word_1_64' title='bbox 1855 1655 2040 1754; x_wconf 82' lang='lat' dir='ltr'><strong>beatricis,</strong></span> <span class='ocrx_word' id='word_1_65' title='bbox 2061 1656 2100 1727; x_wconf 88' lang='lat' dir='ltr'><strong>nt</strong></span> <span class='ocrx_word' id='word_1_66' title='bbox 2116 1674 2181 1726; x_wconf 84' lang='lat' dir='ltr'><strong>suo</strong></span> 
     </span>
     <span class='ocr_line' id='line_1_9' title="bbox 1008 1777 2182 1872; baseline -0.006 -20"><span class='ocrx_word' id='word_1_67' title='bbox 1008 1782 1195 1872; x_wconf 82' lang='lat' dir='ltr'><strong>principio,</strong></span> <span class='ocrx_word' id='word_1_68' title='bbox 1231 1778 1378 1872; x_wconf 90' lang='lat' dir='ltr'><strong>scilicet,</strong></span> <span class='ocrx_word' id='word_1_69' title='bbox 1412 1778 1673 1872; x_wconf 83' lang='lat' dir='ltr'><strong>praedictorum</strong></span> <span class='ocrx_word' id='word_1_70' title='bbox 1708 1777 1932 1851; x_wconf 90' lang='lat' dir='ltr'><strong>verborum:</strong></span> <span class='ocrx_word' id='word_1_71' title='bbox 1971 1780 2001 1849; x_wconf 90' lang='lat'><em>0</em></span> <span class='ocrx_word' id='word_1_72' title='bbox 2037 1778 2182 1866; x_wconf 79' lang='lat' dir='ltr'><strong>sanquis</strong></span> 
     </span>
     <span class='ocr_line' id='line_1_10' title="bbox 1012 1894 2182 1991; baseline -0.006 -21"><span class='ocrx_word' id='word_1_73' title='bbox 1012 1919 1129 1991; x_wconf 74' lang='lat' dir='ltr'><strong>meus5</strong></span> <span class='ocrx_word' id='word_1_74' title='bbox 1154 1896 1219 1972; x_wconf 90' lang='lat' dir='ltr'><strong>sed</strong></span> <span class='ocrx_word' id='word_1_75' title='bbox 1246 1897 1345 1991; x_wconf 91' lang='lat' dir='ltr'><strong>prior</strong></span> <span class='ocrx_word' id='word_1_76' title='bbox 1370 1904 1604 1972; x_wconf 90' lang='lat' dir='ltr'><strong>constructus</strong></span> <span class='ocrx_word' id='word_1_77' title='bbox 1627 1903 1684 1970; x_wconf 89' lang='lat' dir='ltr'><strong>est</strong></span> <span class='ocrx_word' id='word_1_78' title='bbox 1708 1894 1850 1988; x_wconf 89' lang='lat' dir='ltr'><strong>melior,</strong></span> <span class='ocrx_word' id='word_1_79' title='bbox 1875 1916 1953 1968; x_wconf 81' lang='lat' dir='ltr'><strong>cose</strong></span> <span class='ocrx_word' id='word_1_80' title='bbox 1983 1897 2083 1968; x_wconf 82' lang='lat' dir='ltr'><strong>et&#39;io</strong></span> <span class='ocrx_word' id='word_1_81' title='bbox 2111 1913 2182 1964; x_wconf 81' lang='lat' dir='ltr'><strong>non</strong></span> 
     </span>
     <span class='ocr_line' id='line_1_11' title="bbox 1014 2009 2183 2111; baseline -0.004 -21"><span class='ocrx_word' id='word_1_82' title='bbox 1014 2021 1125 2109; x_wconf 80' lang='lat' dir='ltr'><strong>intest,</strong></span> <span class='ocrx_word' id='word_1_83' title='bbox 1150 2009 1309 2109; x_wconf 71' lang='lat' dir='ltr'><strong>otperto</strong></span> <span class='ocrx_word' id='word_1_84' title='bbox 1338 2020 1531 2111; x_wconf 73' lang='lat' dir='ltr'><strong>profonda,</strong></span> <span class='ocrx_word' id='word_1_85' title='bbox 1558 2016 1663 2110; x_wconf 86' lang='lat' dir='ltr'><strong>quasi</strong></span> <span class='ocrx_word' id='word_1_86' title='bbox 1691 2016 1797 2108; x_wconf 91' lang='lat' dir='ltr'><strong>dicat,</strong></span> <span class='ocrx_word' id='word_1_87' title='bbox 1827 2014 1924 2108; x_wconf 90' lang='lat' dir='ltr'><strong>quod</strong></span> <span class='ocrx_word' id='word_1_88' title='bbox 1956 2015 2070 2089; x_wconf 86' lang='lat' dir='ltr'><strong>verba</strong></span> <span class='ocrx_word' id='word_1_89' title='bbox 2103 2013 2183 2088; x_wconf 87' lang='lat' dir='ltr'><strong>eius</strong></span> 
     </span>
    </p>
   </div>
   <div class='ocr_carea' id='block_1_3' title="bbox 1013 2135 2185 2723">
    <p class='ocr_par' dir='ltr' id='par_1_3' title="bbox 1013 2135 2185 2723">
     <span class='ocr_line' id='line_1_12' title="bbox 1014 2135 2183 2233; baseline -0.005 -23"><span class='ocrx_word' id='word_1_90' title='bbox 1014 2157 1087 2210; x_wconf 89' lang='lat' dir='ltr'><strong>noo</strong></span> <span class='ocrx_word' id='word_1_91' title='bbox 1114 2137 1265 2210; x_wconf 87' lang='lat' dir='ltr'><strong>luerunt</strong></span> <span class='ocrx_word' id='word_1_92' title='bbox 1290 2136 1535 2232; x_wconf 78' lang='lat' dir='ltr'><strong>intelligibilia.</strong></span> <span class='ocrx_word' id='word_1_93' title='bbox 1555 2137 1599 2210; x_wconf 88' lang='lat' dir='ltr'><strong>Et</strong></span> <span class='ocrx_word' id='word_1_94' title='bbox 1615 2135 1775 2233; x_wconf 88' lang='lat' dir='ltr'><strong>assignat</strong></span> <span class='ocrx_word' id='word_1_95' title='bbox 1799 2155 1949 2210; x_wconf 89' lang='lat' dir='ltr'><strong>causam</strong></span> <span class='ocrx_word' id='word_1_96' title='bbox 1976 2153 2094 2228; x_wconf 89' lang='lat' dir='ltr'><strong>quare</strong></span> <span class='ocrx_word' id='word_1_97' title='bbox 2110 2153 2183 2206; x_wconf 92' lang='lat' dir='ltr'><strong>non</strong></span> 
     </span>
     <span class='ocr_line' id='line_1_13' title="bbox 1013 2250 2184 2352; baseline -0.002 -22"><span class='ocrx_word' id='word_1_98' title='bbox 1013 2257 1189 2332; x_wconf 83' lang='lat' dir='ltr'><strong>intellexit</strong></span> <span class='ocrx_word' id='word_1_99' title='bbox 1214 2277 1313 2351; x_wconf 89' lang='lat' dir='ltr'><strong>eum,</strong></span> <span class='ocrx_word' id='word_1_100' title='bbox 1339 2257 1474 2352; x_wconf 90' lang='lat' dir='ltr'><strong>dicens,</strong></span> <span class='ocrx_word' id='word_1_101' title='bbox 1500 2258 1600 2352; x_wconf 92' lang='lat' dir='ltr'><strong>quod</strong></span> <span class='ocrx_word' id='word_1_102' title='bbox 1625 2258 1696 2332; x_wconf 92' lang='lat' dir='ltr'><strong>boc</strong></span> <span class='ocrx_word' id='word_1_103' title='bbox 1720 2276 1794 2330; x_wconf 90' lang='lat' dir='ltr'><strong>uon</strong></span> <span class='ocrx_word' id='word_1_104' title='bbox 1820 2255 1888 2328; x_wconf 88' lang='lat' dir='ltr'><strong>luit</strong></span> <span class='ocrx_word' id='word_1_105' title='bbox 1913 2274 1958 2328; x_wconf 81' lang='lat' dir='ltr'><strong>ex</strong></span> <span class='ocrx_word' id='word_1_106' title='bbox 1984 2250 2184 2328; x_wconf 87' lang='lat' dir='ltr'><strong>intentione</strong></span> 
     </span>
     <span class='ocr_line' id='line_1_14' title="bbox 1014 2371 2185 2472; baseline -0.003 -21"><span class='ocrx_word' id='word_1_107' title='bbox 1014 2378 1207 2472; x_wconf 86' lang='lat' dir='ltr'><strong>loquentis,</strong></span> <span class='ocrx_word' id='word_1_108' title='bbox 1225 2378 1288 2452; x_wconf 90' lang='lat' dir='ltr'><strong>sed</strong></span> <span class='ocrx_word' id='word_1_109' title='bbox 1310 2399 1356 2452; x_wconf 84' lang='lat' dir='ltr'><strong>ex</strong></span> <span class='ocrx_word' id='word_1_110' title='bbox 1383 2378 1594 2453; x_wconf 84' lang='lat' dir='ltr'><strong>infirmitate</strong></span> <span class='ocrx_word' id='word_1_111' title='bbox 1618 2377 1808 2452; x_wconf 87' lang='lat' dir='ltr'><strong>audientis.</strong></span> <span class='ocrx_word' id='word_1_112' title='bbox 1832 2376 1933 2452; x_wconf 86' lang='lat' dir='ltr'><strong>Unde</strong></span> <span class='ocrx_word' id='word_1_113' title='bbox 1948 2375 2055 2451; x_wconf 87' lang='lat' dir='ltr'><strong>dicit:</strong></span> <span class='ocrx_word' id='word_1_114' title='bbox 2076 2371 2122 2449; x_wconf 71' lang='lat' dir='ltr'><strong>ne*</strong></span> <span class='ocrx_word' id='word_1_115' title='bbox 2136 2378 2185 2448; x_wconf 83' lang='lat' dir='ltr'><strong>mi</strong></span> 
     </span>
     <span class='ocr_line' id='line_1_15' title="bbox 1013 2496 2181 2594; baseline -0.002 -22"><span class='ocrx_word' id='word_1_116' title='bbox 1013 2503 1044 2572; x_wconf 78' lang='lat' dir='ltr'><strong>sl</strong></span> <span class='ocrx_word' id='word_1_117' title='bbox 1081 2521 1240 2592; x_wconf 82' lang='lat' dir='ltr'><strong>nuscose,</strong></span> <span class='ocrx_word' id='word_1_118' title='bbox 1281 2499 1384 2592; x_wconf 89' lang='lat' dir='ltr'><strong>idest,</strong></span> <span class='ocrx_word' id='word_1_119' title='bbox 1414 2499 1473 2574; x_wconf 89' lang='lat' dir='ltr'><strong>ille</strong></span> <span class='ocrx_word' id='word_1_120' title='bbox 1510 2499 1657 2594; x_wconf 94' lang='lat' dir='ltr'><strong>spiritus</strong></span> <span class='ocrx_word' id='word_1_121' title='bbox 1690 2519 1764 2572; x_wconf 92' lang='lat' dir='ltr'><strong>nou</strong></span> <span class='ocrx_word' id='word_1_122' title='bbox 1796 2497 1994 2572; x_wconf 80' lang='lat' dir='ltr'><strong>occultavit</strong></span> <span class='ocrx_word' id='word_1_123' title='bbox 2023 2517 2064 2572; x_wconf 87' lang='lat' dir='ltr'><strong>se</strong></span> <span class='ocrx_word' id='word_1_124' title='bbox 2095 2496 2181 2570; x_wconf 90' lang='lat' dir='ltr'><strong>mibi</strong></span> 
     </span>
     <span class='ocr_line' id='line_1_16' title="bbox 1014 2617 2183 2723; baseline -0.004 -29"><span class='ocrx_word' id='word_1_125' title='bbox 1014 2621 1209 2715; x_wconf 87' lang='lat' dir='ltr'><strong>loquendo,</strong></span> <span class='ocrx_word' id='word_1_126' title='bbox 1233 2641 1300 2723; x_wconf 86' lang='lat' dir='ltr'><strong>per</strong></span> <span class='ocrx_word' id='word_1_127' title='bbox 1324 2623 1470 2712; x_wconf 83' lang='lat' dir='ltr'><strong>etezton,</strong></span> <span class='ocrx_word' id='word_1_128' title='bbox 1499 2620 1601 2713; x_wconf 89' lang='lat' dir='ltr'><strong>idest,</strong></span> <span class='ocrx_word' id='word_1_129' title='bbox 1627 2641 1673 2694; x_wconf 83' lang='lat' dir='ltr'><strong>ex</strong></span> <span class='ocrx_word' id='word_1_130' title='bbox 1710 2620 1917 2712; x_wconf 75' lang='lat' dir='ltr'><strong>voluntate,</strong></span> <span class='ocrx_word' id='word_1_131' title='bbox 1944 2617 2047 2713; x_wconf 89' lang='lat' dir='ltr'><strong>quasi</strong></span> <span class='ocrx_word' id='word_1_132' title='bbox 2077 2617 2183 2709; x_wconf 79' lang='lat' dir='ltr'><strong>dieat,</strong></span> 
     </span>
    </p>
   </div>
   <div class='ocr_carea' id='block_1_4' title="bbox 1012 2739 2253 4879">
    <p class='ocr_par' dir='ltr' id='par_1_4' title="bbox 1012 2739 2253 4879">
     <span class='ocr_line' id='line_1_17' title="bbox 1015 2739 2183 2836; baseline -0.003 -22"><span class='ocrx_word' id='word_1_133' title='bbox 1015 2761 1088 2814; x_wconf 91' lang='lat' dir='ltr'><strong>non</strong></span> <span class='ocrx_word' id='word_1_134' title='bbox 1113 2741 1159 2815; x_wconf 90' lang='lat' dir='ltr'><strong>de</strong></span> <span class='ocrx_word' id='word_1_135' title='bbox 1185 2740 1376 2834; x_wconf 88' lang='lat' dir='ltr'><strong>industria,</strong></span> <span class='ocrx_word' id='word_1_136' title='bbox 1395 2761 1468 2814; x_wconf 92' lang='lat' dir='ltr'><strong>non</strong></span> <span class='ocrx_word' id='word_1_137' title='bbox 1492 2740 1578 2815; x_wconf 87' lang='lat' dir='ltr'><strong>data</strong></span> <span class='ocrx_word' id='word_1_138' title='bbox 1603 2760 1715 2836; x_wconf 90' lang='lat' dir='ltr'><strong>opera</strong></span> <span class='ocrx_word' id='word_1_139' title='bbox 1741 2739 1825 2814; x_wconf 85' lang='lat' dir='ltr'><strong>lecit</strong></span> <span class='ocrx_word' id='word_1_140' title='bbox 1850 2741 1930 2832; x_wconf 87' lang='lat' dir='ltr'><strong>boc,</strong></span> <span class='ocrx_word' id='word_1_141' title='bbox 1952 2761 2011 2812; x_wconf 87' lang='lat' dir='ltr'><strong>mo</strong></span> <span class='ocrx_word' id='word_1_142' title='bbox 2033 2760 2098 2830; x_wconf 88' lang='lat' dir='ltr'><strong>per</strong></span> <span class='ocrx_word' id='word_1_143' title='bbox 2122 2759 2183 2811; x_wconf 84' lang='lat' dir='ltr'><strong>ne-</strong></span> 
     </span>
     <span class='ocr_line' id='line_1_18' title="bbox 1014 2851 2184 2955; baseline -0.003 -21"><span class='ocrx_word' id='word_1_144' title='bbox 1014 2851 1157 2954; x_wconf 66' lang='lat' dir='ltr'><strong>cessitat,</strong></span> <span class='ocrx_word' id='word_1_145' title='bbox 1184 2869 1222 2936; x_wconf 88' lang='lat' dir='ltr'><strong>et</strong></span> <span class='ocrx_word' id='word_1_146' title='bbox 1246 2881 1334 2935; x_wconf 89' lang='lat' dir='ltr'><strong>ecce</strong></span> <span class='ocrx_word' id='word_1_147' title='bbox 1359 2860 1556 2955; x_wconf 92' lang='lat' dir='ltr'><strong>quomodo,</strong></span> <span class='ocrx_word' id='word_1_148' title='bbox 1582 2859 1644 2934; x_wconf 69' lang='lat' dir='ltr'><strong>ete*</strong></span> <span class='ocrx_word' id='word_1_149' title='bbox 1664 2863 1691 2934; x_wconf 88' lang='lat' dir='ltr'><strong>&#39;t</strong></span> <span class='ocrx_word' id='word_1_150' title='bbox 1712 2881 1777 2934; x_wconf 84' lang='lat' dir='ltr'><strong>suo</strong></span> <span class='ocrx_word' id='word_1_151' title='bbox 1801 2868 1966 2950; x_wconf 83' lang='lat' dir='ltr'><strong>concello,</strong></span> <span class='ocrx_word' id='word_1_152' title='bbox 1985 2859 2087 2952; x_wconf 78' lang='lat' dir='ltr'><strong>idest,</strong></span> <span class='ocrx_word' id='word_1_153' title='bbox 2103 2858 2184 2932; x_wconf 88' lang='lat' dir='ltr'><strong>eius</strong></span> 
     </span>
     <span class='ocr_line' id='line_1_19' title="bbox 1016 2979 2182 3074; baseline -0.003 -20"><span class='ocrx_word' id='word_1_154' title='bbox 1016 2982 1183 3056; x_wconf 80' lang='lat' dir='ltr'><strong>mentalis</strong></span> <span class='ocrx_word' id='word_1_155' title='bbox 1202 2981 1380 3074; x_wconf 91' lang='lat' dir='ltr'><strong>loquutio,</strong></span> <span class='ocrx_word' id='word_1_156' title='bbox 1392 2986 1423 3054; x_wconf 85' lang='lat' dir='ltr'><strong>st</strong></span> <span class='ocrx_word' id='word_1_157' title='bbox 1439 3003 1654 3073; x_wconf 82' lang='lat' dir='ltr'><strong>souruppose</strong></span> <span class='ocrx_word' id='word_1_158' title='bbox 1671 2985 1710 3054; x_wconf 85' lang='lat' dir='ltr'><strong>et</strong></span> <span class='ocrx_word' id='word_1_159' title='bbox 1722 3003 1831 3073; x_wconf 80' lang='lat' dir='ltr'><strong>sepau</strong></span> <span class='ocrx_word' id='word_1_160' title='bbox 1850 2982 2065 3070; x_wconf 85' lang='lat' dir='ltr'><strong>de’mortoti,</strong></span> <span class='ocrx_word' id='word_1_161' title='bbox 2080 2979 2182 3071; x_wconf 90' lang='lat' dir='ltr'><strong>idest,</strong></span> 
     </span>
     <span class='ocr_line' id='line_1_20' title="bbox 1015 3099 2182 3197; baseline -0.004 -21"><span class='ocrx_word' id='word_1_162' title='bbox 1015 3101 1201 3197; x_wconf 87' lang='lat' dir='ltr'><strong>superavit</strong></span> <span class='ocrx_word' id='word_1_163' title='bbox 1227 3122 1335 3176; x_wconf 87' lang='lat' dir='ltr'><strong>voces</strong></span> <span class='ocrx_word' id='word_1_164' title='bbox 1361 3102 1464 3175; x_wconf 91' lang='lat' dir='ltr'><strong>nobis</strong></span> <span class='ocrx_word' id='word_1_165' title='bbox 1480 3101 1733 3197; x_wconf 81' lang='lat' dir='ltr'><strong>intelligibiles,</strong></span> <span class='ocrx_word' id='word_1_166' title='bbox 1746 3121 1831 3194; x_wconf 79' lang='lat' dir='ltr'><strong>quae</strong></span> <span class='ocrx_word' id='word_1_167' title='bbox 1848 3120 1957 3175; x_wconf 85' lang='lat' dir='ltr'><strong>voces</strong></span> <span class='ocrx_word' id='word_1_168' title='bbox 1973 3107 2059 3173; x_wconf 91' lang='lat' dir='ltr'><strong>sunt</strong></span> <span class='ocrx_word' id='word_1_169' title='bbox 2080 3099 2182 3194; x_wconf 91' lang='lat' dir='ltr'><strong>signa</strong></span> 
     </span>
     <span class='ocr_line' id='line_1_21' title="bbox 1016 3221 2178 3318; baseline -0.005 -20"><span class='ocrx_word' id='word_1_170' title='bbox 1016 3222 1295 3316; x_wconf 85' lang='lat' dir='ltr'><strong>conceptionum</strong></span> <span class='ocrx_word' id='word_1_171' title='bbox 1314 3223 1542 3317; x_wconf 81' lang='lat' dir='ltr'><strong>mentalium,</strong></span> <span class='ocrx_word' id='word_1_172' title='bbox 1560 3223 1665 3318; x_wconf 90' lang='lat' dir='ltr'><strong>quasi</strong></span> <span class='ocrx_word' id='word_1_173' title='bbox 1683 3223 1789 3315; x_wconf 85' lang='lat' dir='ltr'><strong>dieat,</strong></span> <span class='ocrx_word' id='word_1_174' title='bbox 1803 3221 1903 3316; x_wconf 92' lang='lat' dir='ltr'><strong>quod</strong></span> <span class='ocrx_word' id='word_1_175' title='bbox 1917 3221 1987 3294; x_wconf 87' lang='lat' dir='ltr'><strong>luit</strong></span> <span class='ocrx_word' id='word_1_176' title='bbox 2003 3221 2178 3314; x_wconf 83' lang='lat' dir='ltr'><strong>loquutus</strong></span> 
     </span>
     <span class='ocr_line' id='line_1_22' title="bbox 1014 3339 2182 3436; baseline -0.001 -22"><span class='ocrx_word' id='word_1_177' title='bbox 1014 3341 1153 3416; x_wconf 86' lang='lat' dir='ltr'><strong>delam</strong></span> <span class='ocrx_word' id='word_1_178' title='bbox 1176 3342 1250 3414; x_wconf 89' lang='lat' dir='ltr'><strong>alta</strong></span> <span class='ocrx_word' id='word_1_179' title='bbox 1269 3341 1423 3416; x_wconf 89' lang='lat' dir='ltr'><strong>materia</strong></span> <span class='ocrx_word' id='word_1_180' title='bbox 1444 3343 1543 3436; x_wconf 92' lang='lat' dir='ltr'><strong>quod</strong></span> <span class='ocrx_word' id='word_1_181' title='bbox 1563 3342 1785 3417; x_wconf 83' lang='lat' dir='ltr'><strong>transcendit</strong></span> <span class='ocrx_word' id='word_1_182' title='bbox 1801 3340 2013 3416; x_wconf 73' lang='lat' dir='ltr'><strong>facilitatem</strong></span> <span class='ocrx_word' id='word_1_183' title='bbox 2032 3339 2182 3416; x_wconf 83' lang='lat' dir='ltr'><strong>bomani</strong></span> 
     </span>
     <span class='ocr_line' id='line_1_23' title="bbox 1012 3461 2184 3552; baseline 0 -18"><span class='ocrx_word' id='word_1_184' title='bbox 1012 3462 1218 3537; x_wconf 88' lang='lat' dir='ltr'><strong>intellectus</strong></span> <span class='ocrx_word' id='word_1_185' title='bbox 1238 3463 1438 3538; x_wconf 86' lang='lat' dir='ltr'><strong>viventium</strong></span> <span class='ocrx_word' id='word_1_186' title='bbox 1457 3463 1493 3536; x_wconf 92' lang='lat' dir='ltr'><strong>in</strong></span> <span class='ocrx_word' id='word_1_187' title='bbox 1514 3464 1581 3537; x_wconf 88' lang='lat' dir='ltr'><strong>ista</strong></span> <span class='ocrx_word' id='word_1_188' title='bbox 1595 3463 1668 3537; x_wconf 84' lang='lat' dir='ltr'><strong>vita</strong></span> <span class='ocrx_word' id='word_1_189' title='bbox 1688 3463 1941 3537; x_wconf 80' lang='lat' dir='ltr'><strong>mortali-E</strong></span> <span class='ocrx_word' id='word_1_190' title='bbox 1955 3464 2107 3552; x_wconf 81' lang='lat' dir='ltr'><strong>quondo.</strong></span> <span class='ocrx_word' id='word_1_191' title='bbox 2120 3461 2184 3534; x_wconf 88' lang='lat' dir='ltr'><strong>llio</strong></span> 
     </span>
     <span class='ocr_line' id='line_1_24' title="bbox 1013 3581 2183 3678; baseline -0.003 -22"><span class='ocrx_word' id='word_1_192' title='bbox 1013 3589 1122 3656; x_wconf 90' lang='lat' dir='ltr'><strong>autor</strong></span> <span class='ocrx_word' id='word_1_193' title='bbox 1147 3582 1303 3656; x_wconf 89' lang='lat' dir='ltr'><strong>ostendit</strong></span> <span class='ocrx_word' id='word_1_194' title='bbox 1328 3583 1515 3676; x_wconf 87' lang='lat' dir='ltr'><strong>quomodo</strong></span> <span class='ocrx_word' id='word_1_195' title='bbox 1539 3583 1659 3658; x_wconf 90' lang='lat' dir='ltr'><strong>dictus</strong></span> <span class='ocrx_word' id='word_1_196' title='bbox 1683 3583 1830 3678; x_wconf 91' lang='lat' dir='ltr'><strong>spiritus</strong></span> <span class='ocrx_word' id='word_1_197' title='bbox 1860 3590 1939 3678; x_wconf 89' lang='lat' dir='ltr'><strong>post</strong></span> <span class='ocrx_word' id='word_1_198' title='bbox 1972 3582 2044 3656; x_wconf 88' lang='lat' dir='ltr'><strong>tale</strong></span> <span class='ocrx_word' id='word_1_199' title='bbox 2067 3581 2183 3657; x_wconf 82' lang='lat' dir='ltr'><strong>altum</strong></span> 
     </span>
     <span class='ocr_line' id='line_1_25' title="bbox 1015 3701 2184 3799; baseline -0.002 -24"><span class='ocrx_word' id='word_1_200' title='bbox 1015 3703 1114 3797; x_wconf 92' lang='lat' dir='ltr'><strong>loqui</strong></span> <span class='ocrx_word' id='word_1_201' title='bbox 1132 3723 1206 3776; x_wconf 91' lang='lat' dir='ltr'><strong>noo</strong></span> <span class='ocrx_word' id='word_1_202' title='bbox 1223 3701 1444 3799; x_wconf 82' lang='lat' dir='ltr'><strong>intelligibile</strong></span> <span class='ocrx_word' id='word_1_203' title='bbox 1460 3703 1571 3798; x_wconf 89' lang='lat' dir='ltr'><strong>coepit</strong></span> <span class='ocrx_word' id='word_1_204' title='bbox 1586 3703 1686 3797; x_wconf 91' lang='lat' dir='ltr'><strong>loqui</strong></span> <span class='ocrx_word' id='word_1_205' title='bbox 1703 3702 1985 3799; x_wconf 81' lang='lat' dir='ltr'><strong>intelligibiliter,</strong></span> <span class='ocrx_word' id='word_1_206' title='bbox 2002 3707 2039 3776; x_wconf 91' lang='lat' dir='ltr'><strong>et</strong></span> <span class='ocrx_word' id='word_1_207' title='bbox 2056 3721 2184 3796; x_wconf 90' lang='lat' dir='ltr'><strong>regra-</strong></span> 
     </span>
     <span class='ocr_line' id='line_1_26' title="bbox 1015 3821 2184 3919; baseline -0.003 -23"><span class='ocrx_word' id='word_1_208' title='bbox 1015 3821 1126 3896; x_wconf 90' lang='lat' dir='ltr'><strong>tiatus</strong></span> <span class='ocrx_word' id='word_1_209' title='bbox 1151 3829 1205 3895; x_wconf 89' lang='lat' dir='ltr'><strong>est</strong></span> <span class='ocrx_word' id='word_1_210' title='bbox 1221 3822 1298 3896; x_wconf 87' lang='lat' dir='ltr'><strong>Deo</strong></span> <span class='ocrx_word' id='word_1_211' title='bbox 1322 3823 1369 3897; x_wconf 90' lang='lat' dir='ltr'><strong>de</strong></span> <span class='ocrx_word' id='word_1_212' title='bbox 1392 3823 1510 3919; x_wconf 87' lang='lat' dir='ltr'><strong>gratia</strong></span> <span class='ocrx_word' id='word_1_213' title='bbox 1535 3843 1705 3898; x_wconf 81' lang='lat' dir='ltr'><strong>concessa</strong></span> <span class='ocrx_word' id='word_1_214' title='bbox 1732 3823 1874 3915; x_wconf 88' lang='lat' dir='ltr'><strong>autori;</strong></span> <span class='ocrx_word' id='word_1_215' title='bbox 1897 3821 1994 3896; x_wconf 76' lang='lat' dir='ltr'><strong>trude</strong></span> <span class='ocrx_word' id='word_1_216' title='bbox 2010 3821 2114 3895; x_wconf 89' lang='lat' dir='ltr'><strong>dicit:</strong></span> <span class='ocrx_word' id='word_1_217' title='bbox 2133 3826 2184 3892; x_wconf 83' lang='lat' dir='ltr'><strong>be</strong></span> 
     </span>
     <span class='ocr_line' id='line_1_27' title="bbox 1012 3939 2185 4040; baseline 0.003 -28"><span class='ocrx_word' id='word_1_218' title='bbox 1012 3945 1132 4036; x_wconf 67' lang='lat' dir='ltr'><strong>patrna</strong></span> <span class='ocrx_word' id='word_1_219' title='bbox 1143 3963 1228 4014; x_wconf 84' lang='lat' dir='ltr'><strong>cosa</strong></span> <span class='ocrx_word' id='word_1_220' title='bbox 1239 3944 1299 4016; x_wconf 80' lang='lat' dir='ltr'><strong>elle</strong></span> <span class='ocrx_word' id='word_1_221' title='bbox 1308 3964 1375 4034; x_wconf 85' lang='lat' dir='ltr'><strong>per</strong></span> <span class='ocrx_word' id='word_1_222' title='bbox 1387 3964 1441 4016; x_wconf 85' lang='lat' dir='ltr'><strong>me</strong></span> <span class='ocrx_word' id='word_1_223' title='bbox 1451 3946 1601 4034; x_wconf 81' lang='lat' dir='ltr'><strong>s’tntese,</strong></span> <span class='ocrx_word' id='word_1_224' title='bbox 1611 3943 1782 4040; x_wconf 87' lang='lat' dir='ltr'><strong>ergoalia</strong></span> <span class='ocrx_word' id='word_1_225' title='bbox 1793 3942 1904 4018; x_wconf 88' lang='lat' dir='ltr'><strong>verba</strong></span> <span class='ocrx_word' id='word_1_226' title='bbox 1920 3939 2097 4036; x_wconf 83' lang='lat' dir='ltr'><strong>protunda</strong></span> <span class='ocrx_word' id='word_1_227' title='bbox 2110 3960 2185 4015; x_wconf 89' lang='lat' dir='ltr'><strong>noo</strong></span> 
     </span>
     <span class='ocr_line' id='line_1_28' title="bbox 1015 4061 2186 4158; baseline -0.002 -22"><span class='ocrx_word' id='word_1_228' title='bbox 1015 4063 1257 4155; x_wconf 85' lang='lat' dir='ltr'><strong>intellexerat,</strong></span> <span class='ocrx_word' id='word_1_229' title='bbox 1273 4065 1314 4156; x_wconf 84' lang='lat' dir='ltr'><strong>su</strong></span> <span class='ocrx_word' id='word_1_230' title='bbox 1331 4067 1425 4136; x_wconf 81' lang='lat' dir='ltr'><strong>trtrw</strong></span> <span class='ocrx_word' id='word_1_231' title='bbox 1441 4067 1485 4138; x_wconf 86' lang='lat' dir='ltr'><strong>ed</strong></span> <span class='ocrx_word' id='word_1_232' title='bbox 1500 4084 1584 4155; x_wconf 83' lang='lat' dir='ltr'><strong>uno,</strong></span> <span class='ocrx_word' id='word_1_233' title='bbox 1599 4064 1782 4158; x_wconf 72' lang='lat' dir='ltr'><strong>sciliceta</strong></span> <span class='ocrx_word' id='word_1_234' title='bbox 1803 4064 1913 4156; x_wconf 85' lang='lat' dir='ltr'><strong>Deus,</strong></span> <span class='ocrx_word' id='word_1_235' title='bbox 1928 4061 1990 4156; x_wconf 96' lang='lat' dir='ltr'><strong>qui</strong></span> <span class='ocrx_word' id='word_1_236' title='bbox 2011 4083 2051 4136; x_wconf 91' lang='lat' dir='ltr'><strong>es</strong></span> <span class='ocrx_word' id='word_1_237' title='bbox 2068 4061 2186 4134; x_wconf 92' lang='lat' dir='ltr'><strong>trinus</strong></span> 
     </span>
     <span class='ocr_line' id='line_1_29' title="bbox 1016 4182 2185 4278; baseline 0 -22"><span class='ocrx_word' id='word_1_238' title='bbox 1016 4183 1052 4256; x_wconf 94' lang='lat' dir='ltr'><strong>in</strong></span> <span class='ocrx_word' id='word_1_239' title='bbox 1066 4182 1229 4278; x_wconf 86' lang='lat' dir='ltr'><strong>personis</strong></span> <span class='ocrx_word' id='word_1_240' title='bbox 1242 4191 1280 4256; x_wconf 90' lang='lat' dir='ltr'><strong>et</strong></span> <span class='ocrx_word' id='word_1_241' title='bbox 1294 4204 1389 4255; x_wconf 89' lang='lat' dir='ltr'><strong>unus</strong></span> <span class='ocrx_word' id='word_1_242' title='bbox 1402 4183 1439 4256; x_wconf 91' lang='lat' dir='ltr'><strong>in</strong></span> <span class='ocrx_word' id='word_1_243' title='bbox 1452 4185 1950 4277; x_wconf 65' lang='lat' dir='ltr'><strong>substanttapenedeuostem</strong></span> <span class='ocrx_word' id='word_1_244' title='bbox 1962 4185 2185 4256; x_wconf 81' lang='lat' dir='ltr'><strong>ctese’tonto</strong></span> 
     </span>
     <span class='ocr_line' id='line_1_30' title="bbox 1014 4302 2253 4399; baseline 0 -23"><span class='ocrx_word' id='word_1_245' title='bbox 1014 4311 1145 4376; x_wconf 86' lang='lat' dir='ltr'><strong>cortese</strong></span> <span class='ocrx_word' id='word_1_246' title='bbox 1169 4306 1229 4376; x_wconf 84' lang='lat' dir='ltr'><strong>net</strong></span> <span class='ocrx_word' id='word_1_247' title='bbox 1251 4306 1322 4375; x_wconf 84' lang='lat' dir='ltr'><strong>mio</strong></span> <span class='ocrx_word' id='word_1_248' title='bbox 1345 4323 1449 4394; x_wconf 77' lang='lat' dir='ltr'><strong>cerne,</strong></span> <span class='ocrx_word' id='word_1_249' title='bbox 1475 4303 1579 4396; x_wconf 86' lang='lat' dir='ltr'><strong>quasi</strong></span> <span class='ocrx_word' id='word_1_250' title='bbox 1604 4304 1710 4396; x_wconf 82' lang='lat' dir='ltr'><strong>dicat,</strong></span> <span class='ocrx_word' id='word_1_251' title='bbox 1737 4304 1800 4397; x_wconf 93' lang='lat' dir='ltr'><strong>qui</strong></span> <span class='ocrx_word' id='word_1_252' title='bbox 1821 4311 1896 4378; x_wconf 89' lang='lat' dir='ltr'><strong>tam</strong></span> <span class='ocrx_word' id='word_1_253' title='bbox 1919 4304 2021 4399; x_wconf 84' lang='lat' dir='ltr'><strong>large</strong></span> <span class='ocrx_word' id='word_1_254' title='bbox 2045 4302 2184 4376; x_wconf 88' lang='lat' dir='ltr'><strong>donasti</strong></span> <span class='ocrx_word' id='word_1_255' title='bbox 2248 4366 2253 4376; x_wconf 92' lang='lat'><em>.</em></span> 
     </span>
     <span class='ocr_line' id='line_1_31' title="bbox 1015 4420 2187 4518; baseline -0.001 -22"><span class='ocrx_word' id='word_1_256' title='bbox 1015 4421 1152 4518; x_wconf 85' lang='lat' dir='ltr'><strong>gratias</strong></span> <span class='ocrx_word' id='word_1_257' title='bbox 1170 4420 1227 4494; x_wconf 89' lang='lat' dir='ltr'><strong>isti</strong></span> <span class='ocrx_word' id='word_1_258' title='bbox 1243 4421 1290 4495; x_wconf 90' lang='lat' dir='ltr'><strong>de</strong></span> <span class='ocrx_word' id='word_1_259' title='bbox 1310 4423 1490 4518; x_wconf 89' lang='lat' dir='ltr'><strong>sauguine</strong></span> <span class='ocrx_word' id='word_1_260' title='bbox 1516 4443 1611 4498; x_wconf 87' lang='lat' dir='ltr'><strong>meo.</strong></span> <span class='ocrx_word' id='word_1_261' title='bbox 1639 4425 1684 4497; x_wconf 82' lang='lat' dir='ltr'><strong>Et</strong></span> <span class='ocrx_word' id='word_1_262' title='bbox 1707 4425 1778 4499; x_wconf 90' lang='lat' dir='ltr'><strong>boe</strong></span> <span class='ocrx_word' id='word_1_263' title='bbox 1802 4425 1894 4517; x_wconf 91' lang='lat' dir='ltr'><strong>dico,</strong></span> <span class='ocrx_word' id='word_1_264' title='bbox 1920 4423 2027 4497; x_wconf 82' lang='lat' dir='ltr'><strong>dixit:</strong></span> <span class='ocrx_word' id='word_1_265' title='bbox 2045 4425 2187 4515; x_wconf 78' lang='lat' dir='ltr'><strong>quondo</strong></span> 
     </span>
     <span class='ocr_line' id='line_1_32' title="bbox 1016 4542 2188 4639; baseline 0 -23"><span class='ocrx_word' id='word_1_266' title='bbox 1016 4545 1140 4616; x_wconf 74' lang='lat' dir='ltr'><strong>carco</strong></span> <span class='ocrx_word' id='word_1_267' title='bbox 1155 4544 1234 4614; x_wconf 89' lang='lat' dir='ltr'><strong>dett&#39;</strong></span> <span class='ocrx_word' id='word_1_268' title='bbox 1247 4545 1396 4616; x_wconf 82' lang='lat' dir='ltr'><strong>ardente</strong></span> <span class='ocrx_word' id='word_1_269' title='bbox 1419 4548 1549 4637; x_wconf 73' lang='lat' dir='ltr'><strong>effeto,</strong></span> <span class='ocrx_word' id='word_1_270' title='bbox 1571 4543 1674 4639; x_wconf 85' lang='lat' dir='ltr'><strong>idest,</strong></span> <span class='ocrx_word' id='word_1_271' title='bbox 1696 4551 1890 4638; x_wconf 84' lang='lat' dir='ltr'><strong>postquam</strong></span> <span class='ocrx_word' id='word_1_272' title='bbox 1917 4542 2113 4618; x_wconf 84' lang='lat' dir='ltr'><strong>intellectio</strong></span> <span class='ocrx_word' id='word_1_273' title='bbox 2130 4545 2188 4617; x_wconf 86' lang='lat' dir='ltr'><strong>vel</strong></span> 
     </span>
     <span class='ocr_line' id='line_1_33' title="bbox 1017 4656 2188 4760; baseline 0.002 -25"><span class='ocrx_word' id='word_1_274' title='bbox 1017 4660 1183 4756; x_wconf 89' lang='lat' dir='ltr'><strong>loquutio</strong></span> <span class='ocrx_word' id='word_1_275' title='bbox 1195 4662 1606 4758; x_wconf 79' lang='lat' dir='ltr'><strong>magnaealiectionis,so</strong></span> <span class='ocrx_word' id='word_1_276' title='bbox 1618 4656 1800 4760; x_wconf 75' lang='lat' dir='ltr'><strong>sissopoto</strong></span> <span class='ocrx_word' id='word_1_277' title='bbox 1812 4666 2188 4756; x_wconf 75' lang='lat' dir='ltr'><strong>ebediseeseitpurtor</strong></span> 
     </span>
     <span class='ocr_line' id='line_1_34' title="bbox 1016 4775 2187 4879; baseline 0 -23"><span class='ocrx_word' id='word_1_278' title='bbox 1016 4787 1055 4856; x_wconf 86' lang='lat' dir='ltr'><strong>to</strong></span> <span class='ocrx_word' id='word_1_279' title='bbox 1072 4775 1134 4854; x_wconf 68' lang='lat' dir='ltr'><strong>ver</strong></span> <span class='ocrx_word' id='word_1_280' title='bbox 1151 4783 1185 4854; x_wconf 90' lang='lat' dir='ltr'><strong>to</strong></span> <span class='ocrx_word' id='word_1_281' title='bbox 1202 4802 1310 4872; x_wconf 82' lang='lat' dir='ltr'><strong>sepno</strong></span> <span class='ocrx_word' id='word_1_282' title='bbox 1325 4783 1384 4856; x_wconf 87' lang='lat' dir='ltr'><strong>del</strong></span> <span class='ocrx_word' id='word_1_283' title='bbox 1397 4789 1520 4856; x_wconf 68' lang='lat' dir='ltr'><strong>nosue</strong></span> <span class='ocrx_word' id='word_1_284' title='bbox 1536 4785 1710 4877; x_wconf 83' lang='lat' dir='ltr'><strong>inteltetto,</strong></span> <span class='ocrx_word' id='word_1_285' title='bbox 1723 4785 1810 4879; x_wconf 90' lang='lat' dir='ltr'><strong>quia</strong></span> <span class='ocrx_word' id='word_1_286' title='bbox 1823 4784 1958 4859; x_wconf 89' lang='lat' dir='ltr'><strong>scilicet</strong></span> <span class='ocrx_word' id='word_1_287' title='bbox 1974 4784 2083 4879; x_wconf 80' lang='lat' dir='ltr'><strong>coepit</strong></span> <span class='ocrx_word' id='word_1_288' title='bbox 2098 4803 2187 4859; x_wconf 88' lang='lat' dir='ltr'><strong>con-</strong></span> 
     </span>
    </p>
   </div>
   <div class='ocr_carea' id='block_1_5' title="bbox 1017 4900 2334 5000">
    <p class='ocr_par' dir='ltr' id='par_1_5' title="bbox 1017 4900 2334 5000">
     <span class='ocr_line' id='line_1_35' title="bbox 1017 4900 2334 5000; baseline 0.002 -24"><span class='ocrx_word' id='word_1_289' title='bbox 1017 4900 1194 4977; x_wconf 88' lang='lat' dir='ltr'><strong>seendere</strong></span> <span class='ocrx_word' id='word_1_290' title='bbox 1218 4901 1265 4974; x_wconf 90' lang='lat' dir='ltr'><strong>ad</strong></span> <span class='ocrx_word' id='word_1_291' title='bbox 1291 4901 1404 4976; x_wconf 89' lang='lat' dir='ltr'><strong>verba</strong></span> <span class='ocrx_word' id='word_1_292' title='bbox 1438 4902 1672 5000; x_wconf 88' lang='lat' dir='ltr'><strong>intelligibilia</strong></span> <span class='ocrx_word' id='word_1_293' title='bbox 1703 4910 1740 4980; x_wconf 90' lang='lat' dir='ltr'><strong>et</strong></span> <span class='ocrx_word' id='word_1_294' title='bbox 1770 4904 2109 5000; x_wconf 89' lang='lat' dir='ltr'><strong>comprehensibilia</strong></span> <span class='ocrx_word' id='word_1_295' title='bbox 2137 4905 2185 4978; x_wconf 90' lang='lat' dir='ltr'><strong>ab</strong></span> <span class='ocrx_word' id='word_1_296' title='bbox 2331 4902 2334 4904; x_wconf 72' lang='grc'>’</span> 
     </span>
    </p>
   </div>
   <div class='ocr_carea' id='block_1_6' title="bbox 0 0 2437 6642">
    <p class='ocr_par' dir='ltr' id='par_1_6' title="bbox 0 0 2437 6642">
     <span class='ocr_line' id='line_1_36' title="bbox 0 0 2437 6642; baseline 0 0"><span class='ocrx_word' id='word_1_297' title='bbox 0 0 2437 6642; x_wconf 95' lang='lat' dir='ltr'><strong> </strong></span> 
     </span>
    </p>
   </div>
  </div>
 </body>
</html>
