4842 6642
903 845 948 912 18
1293 859 1498 915 commeruit
1522 861 1691 916 sudumst

899 1007 1018 1080 Sicheo
1035 1011 1118 1098 etc,
1138 1013 1171 1078 et
1185 1025 1210 1076 a
1231 1008 1374 1096 Creusa,
1392 1026 1477 1100 quae
1503 1006 1572 1079 luit
1595 1006 1714 1102 prima
1742 1028 1836 1081 uuor
1861 1009 1981 1102 Eueae,
1999 1007 2072 1082 iilia

899 1126 1033 1203 Priami
1061 1125 1157 1223 regis
1182 1125 1346 1220 Troiani3
1372 1120 1460 1218 et(¹)
1488 1135 1613 1203 tamm
1638 1129 1708 1204 hoc
1741 1131 1839 1223 quod
1864 1129 1998 1203 dicitur
2026 1128 2074 1203 de

899 1248 1038 1323 Didone
1064 1253 1118 1322 est
1142 1253 1261 1322 totum
1287 1246 1468 1342 fictitium,
1494 1268 1541 1322 ue
1565 1249 1685 1323 dicam
1712 1250 1854 1342 salsum,
1873 1256 1916 1322 ut
1941 1248 2073 1324 totiens

900 1368 1038 1443 dictum
1070 1375 1136 1444 est.
1167 1368 1358 1442 Secundus
1391 1389 1509 1462 amor,
1544 1389 1657 1463 quem
1692 1369 1840 1444 adducit
1867 1369 2002 1444 Fuluus
2036 1369 2071 1442 in

785 1515 788 1521 Δ
901 1490 1112 1584 exemplum
1139 1487 1195 1563 sui
1222 1487 1369 1583 amoris,
1395 1493 1451 1562 est
1474 1487 1522 1562 de
1547 1488 1718 1584 Phyllide.
1746 1489 1880 1585 Phyllis
1910 1507 2073 1583 namque

902 1611 1028 1707 regina
1054 1609 1227 1702 Thraciae,
1255 1617 1295 1681 ut
1320 1615 1420 1703 patet
1449 1609 1546 1705 apud
1580 1609 1769 1705 Virgilium
1804 1609 1897 1685 lihro
1927 1609 2073 1685 Bucoli-

900 1753 1043 1824 corum,
1054 1737 1091 1806 et
1103 1730 1271 1805 Ovidium
1287 1729 1380 1804 lihro
1392 1729 1649 1825 Epistularum,
1664 1731 1801 1826 recepit
1812 1731 2073 1827 Demophoon·

900 1857 975 1926 tem
993 1850 1108 1924 lilium
1122 1849 1225 1924 ducis
1238 1850 1466 1923 Athenarum
1484 1849 1702 1924 redeuntem
1719 1851 1767 1924 ab
1784 1851 1925 1926 excidio
1942 1850 2094 1944 Troice,

900 1976 1117 2066 tempestate
1134 1969 1328 2062 deiectum,
1346 1968 1527 2063 quassatis
1542 1975 1580 2044 ot
1596 1970 1764 2045 laceratis
1781 1971 1948 2066 navibus,
1965 1977 2072 2066 capta

900 2091 980 2168 eius
1002 2109 1148 2183 amore,
1166 2089 1230 2182 qui
1252 2095 1463 2185 resumptus
1480 2091 1606 2164 volens
1622 2091 1797 2166 recedere
1818 2092 1982 2187 promisit
2002 2098 2071 2168 etc.

900 2212 963 2286 llla
978 2202 1014 2304 (¹)
1024 2237 1028 2244 ’
1040 2209 1176 2284 amoris
1192 2215 1231 2284 et
1248 2228 1364 2281 morae
1380 2209 1573 2304 impatiens
1589 2231 1630 2284 se
1646 2210 1780 2304 laqueo
1796 2212 1984 2307 suspendit
2001 2219 2071 2287 etc.

899 2331 991 2406 Dicit
1023 2350 1114 2426 ergo
1139 2329 1295 2402 Fulcus:
1326 2325 1373 2403 ne*
1404 2332 1519 2420 quoda
1551 2333 1731 2423 Podopeu,
1764 2331 1912 2424 scilicet,
1938 2332 2074 2428 Phyllis

900 2451 1028 2548 regina
1046 2449 1220 2543 Thraciae,
1241 2450 1348 2524 cuius
1365 2471 1472 2523 mons
1488 2456 1545 2524 est
1561 2450 1745 2545 Rhodope,
1764 2452 1846 2526 ideo
1864 2459 1972 2527 vocat
1988 2473 2071 2527 eam

901 2572 1228 2666 Rhodopeium,che
1236 2575 1278 2664 so
1292 2573 1412 2644 deluso
1429 2573 1478 2643 da
1491 2576 1729 2667 Demosoonte,
1743 2573 1805 2665 qui
1824 2572 1947 2648 loiellit
1961 2571 2071 2649 iidem

901 2694 1037 2786 domm,
1047 2693 1142 2766 sicut
1154 2692 1263 2766 lason
1277 2691 1481 2786 llypsypile.
1496 2690 1630 2786 Phyllis
1642 2691 1809 2766 dicituro
1824 2693 1963 2789 phylos,
1973 2693 2072 2786 quod

900 2823 956 2889 est
981 2833 1086 2887 amor
1112 2833 1247 2908 grace,
1265 2811 1352 2906 quia
1377 2817 1453 2886 tota
1472 2831 1663 2886 amorosa:
1682 2813 1852 2905 quamvis
1872 2821 1910 2889 et
1927 2809 2074 2889 thraces

899 2936 969 3008 sint
999 2933 1103 3029 proni
1132 2933 1169 3006 in
1201 2932 1395 3025 Venerem,
1432 2938 1473 3004 ut
1501 2931 1638 3006 dictum
1673 2941 1729 3008 est
1758 2934 1805 3008 de
1834 2934 1952 3010 Tereo
1985 2955 2074 3031 rege

900 3054 1063 3129 Thraciae
1090 3053 1126 3126 in
1152 3051 1389 3150 Purgatori03
1415 3052 1554 3145 supple,
1582 3071 1654 3125 non
1680 3053 1797 3148 magis
1826 3054 1915 3128 arsit
1943 3075 2074 3130 amore

902 3195 1016 3268 quam
1043 3193 1113 3269 ego
1138 3173 1283 3246 Fulcus.
1312 3170 1455 3244 Tertius
1480 3191 1587 3245 amor
1607 3178 1661 3245 est
1678 3172 1725 3246 de
1742 3172 1900 3249 llcrcule
1925 3175 2075 3268 quando

901 3303 1029 3391 captus
1056 3293 1122 3368 luit
1147 3312 1278 3368 amore
1294 3292 1402 3385 toles,
1420 3291 1483 3384 qui
1502 3297 1644 3365 mutum
1666 3294 1804 3368 exarsit
1828 3294 1908 3368 eius
1932 3315 2073 3369 amore.

899 3416 953 3490 nd
988 3415 1088 3510 quod
1124 3412 1327 3506 sciendum,
1354 3410 1452 3506 quod
1482 3411 1658 3487 Hercules
1691 3414 1885 3489 debellavit
1918 3415 2074 3509 patriam

899 3536 1028 3632 Euryti
1043 3535 1139 3632 regis
1152 3532 1340 3630 Phrygiae3
1355 3532 1461 3607 cuius
1474 3532 1556 3605 liliae
1574 3553 1704 3609 umore
1721 3539 1863 3608 tanturm
1875 3525 1913 3628 (³)
1927 3535 2074 3628 exarsit,

900 3657 998 3752 quod
1025 3657 1158 3732 oblitus
1183 3655 1363 3729 Deianirae
1380 3661 1479 3727 totus
1504 3659 1586 3727 orat
1609 3653 1776 3728 subditus
1798 3654 1854 3728 isti
1871 3655 1971 3748 Jolae,
1989 3674 2074 3748 quae

901 3776 1076 3851 induebat
1101 3777 1220 3870 ipsum
1247 3779 1367 3848 vestes
1387 3772 1597 3867 muliebres,
1615 3778 1654 3847 et
1669 3773 1825 3849 iaciebat
1850 3774 1970 3869 ipsum
1989 3795 2074 3848 mu-

901 3897 1028 3972 liebria
1055 3897 1188 3989 lacere,
1206 3895 1300 3968 sicut
1317 3893 1432 3986 filare,
1458 3898 1495 3967 et
1519 3893 1590 3967 alia
1608 3892 1746 3967 homini
1765 3893 2073 3990 ignominiosiora,

899 4017 995 4092 sicut
1019 4016 1194 4112 scriptum
1222 4021 1278 4088 est
1301 4014 1338 4086 in
1365 4013 1531 4087 interno:
1555 4015 1690 4104 parcite
1709 4034 1840 4106 puoem,
1848 4015 1987 4104 jndices
2003 4021 2073 4088 etc.

901 4138 992 4213 Dicit
1017 4158 1108 4233 ergo
1135 4135 1203 4210 iste
1230 4133 1387 4208 Fulcus:
1418 4129 1464 4207 ne*
1494 4136 1624 4226 Alcide,
1658 4133 1759 4228 idest,
1785 4135 1962 4209 Herculeo
1994 4156 2075 4209 ma·

900 4259 956 4357 gis
970 4247 1007 4349 (⁴)
1022 4257 1111 4331 arsit
1128 4276 1259 4330 amore
1276 4274 1390 4348 quam
1409 4274 1495 4349 ego:
1516 4263 1554 4329 ct
1567 4254 1700 4328 dicitur
1717 4254 1858 4330 Alcides
1877 4255 1981 4350 quasi
1999 4257 2075 4330 vir-

903 4389 1031 4456 tuosus
1056 4387 1092 4455 et
1118 4381 1322 4454 formosus:
1349 4379 1491 4468 woodo
1512 4376 1853 4451 euroaustrum
1877 4382 1935 4452 oet
1956 4399 2073 4452 cuore.

900 4541 950 4556 -
965 4506 1045 4574 Non
1072 4495 1170 4592 perd.
1205 4499 1271 4572 llic
1305 4497 1438 4571 Fulcus
1472 4504 1640 4572 removet
1669 4519 1780 4572 unam
1812 4495 2073 4574 dubitationem

901 4642 985 4716 quae
1011 4621 1156 4695 videtur
1182 4619 1280 4693 nasci
1306 4640 1352 4693 ex
1381 4618 1502 4692 verbis
1518 4617 1617 4692 eius:
1637 4626 1757 4713 posset
1774 4620 1872 4694 enim
1889 4627 2000 4694 autor
2019 4618 2075 4693 di·

901 4762 1007 4817 cere:
1034 4741 1221 4836 quomodo
1248 4747 1287 4813 tu
1313 4740 1444 4815 heatus
1469 4739 1506 4812 in
1531 4739 1599 4814 ista
1621 4760 1728 4834 spera
1758 4741 1896 4816 coelesti
1921 4763 2075 4816 enarras

904 4880 941 4886 —
962 4927 990 4987 (¹)
1007 4927 1038 4976 Ε.
1056 4926 1178 4986 Troiani3
1195 4930 1317 4975 attamen.
1523 4924 1550 4985 P)
1566 4925 1599 4975 B.
1614 4926 1717 4976 ιιιιᾱοιιι
1733 4927 1787 4989 ipo·
1801 4932 1829 4977 ot
1844 4927 1949 4978 amorio.

905 5035 909 5042 -
964 5002 991 5064 (⁸)
1008 5002 1040 5052 Ε.
1055 5003 1082 5051 ίιι
1098 5005 1210 5052 tantum.
1523 5001 1550 5063 [ry
1567 5002 1597 5052 Ε.
1613 5016 1630 5052 o
1644 5007 1669 5062 t,
1684 5002 1785 5066 cuppla,
1800 5004 1890 5068 maglo.
