4842 6642
814 857 885 926 398
1206 870 1413 927 uouuurnn
1437 873 1605 927 utrumn

809 1017 892 1111 plus
916 1019 1060 1095 ceteris
1085 1016 1194 1093 allicit
1225 1017 1346 1092 uisum
1372 1022 1411 1091 et
1436 1016 1614 1092 animum.
1644 1013 1748 1090 Unde
1776 1014 1988 1092 Aristoteles

807 1136 892 1212 dicit
916 1139 963 1214 de
988 1140 1123 1214 llelena
1149 1138 1271 1233 primo
1297 1137 1520 1231 Ethicorum,
1538 1136 1638 1233 quod
1654 1156 1760 1211 senes
1776 1142 1845 1211 ete.
1864 1136 1908 1209 at
1924 1158 1987 1211 ar·

809 1256 959 1333 tidcialis
984 1258 1096 1335 etiam
1121 1257 1319 1354 aliquando
1344 1258 1500 1335 delectat
1526 1258 1562 1331 in
1588 1264 1731 1331 tantum
1759 1258 1874 1353 quod,
1893 1258 1987 1335 sicut

808 1378 931 1453 scribit
958 1379 1136 1474 Valerius,
1154 1380 1326 1455 inventus
1346 1385 1401 1453 est
1418 1380 1541 1473 homo,
1563 1378 1627 1473 qui
1645 1385 1774 1473 captus
1790 1385 1846 1453 ert
1867 1379 1986 1455 torma

810 1496 964 1573 Veneris
989 1498 1139 1595 sculptae
1153 1492 1204 1596 (¹),
1234 1504 1273 1574 et
1302 1498 1400 1573 illam
1431 1498 1612 1595 cognovit.
1644 1498 1736 1573 nteit
1764 1520 1874 1597 ergo:
1902 1496 1988 1575 'mtto

810 1620 976 1713 Manae,
1003 1618 1105 1713 idest,
1122 1639 1252 1694 omnes
1268 1618 1374 1694 dictae
1390 1626 1550 1714 pastnrae
1565 1624 1640 1693 tam
1663 1619 1850 1694 naturales
1872 1640 1985 1714 quam

809 1740 1014 1815 artificiales
1041 1739 1203 1816 reductae
1223 1740 1260 1813 in
1281 1760 1411 1835 unum,
1427 1741 1621 1833 perredder
1637 1743 1750 1814 nante
1771 1736 1832 1814 udr
1852 1743 1886 1813 lo
1902 1743 1987 1833 pin-

809 1882 869 1933 cer
892 1863 1024 1953 dinuo,
1050 1860 1152 1956 idest,
1180 1868 1349 1956 respectu
1376 1861 1615 1957 placibilitatis
1639 1860 1734 1935 illins
1750 1860 1882 1935 divinas
1900 1882 1987 1934 rnu-

810 1978 919 2074 lieris,
954 1983 1014 2054 ete
1045 1984 1094 2055 mi
1124 1984 1260 2075 adfulse,
1294 1981 1397 2075 idest,
1431 1981 1494 2076 qui
1527 1980 1750 2077 resplenduit
1781 1980 1818 2054 in
1852 1980 1984 2055 faciem

813 2120 948 2195 rueanr,
975 2103 1117 2193 qnando
1142 2106 1190 2175 mi
1215 2106 1304 2177 notri
1327 2106 1367 2176 nt
1388 2124 1453 2176 ruo
1480 2106 1554 2176 otro
1574 2104 1718 2194 namn,
1737 2101 1838 2197 idest,
1858 2102 1985 2175 laetum

810 2226 848 2295 et
868 2220 1194 2317 jocundum-E
1217 2226 1254 2296 ta
1279 2218 1381 2298 virui.
1408 2223 1473 2298 llic
1497 2229 1608 2298 autor
1627 2222 1783 2299 ostendit
1799 2221 1987 2317 quomodo

812 2341 947 2417 virtute
972 2342 1146 2417 Beatriois
1171 2344 1248 2438 ipse
1272 2342 1477 2419 ascenderit
1502 2343 1548 2419 ad
1575 2364 1709 2419 nonam
1743 2364 1901 2439 speram,
1927 2342 1984 2416 di·

810 2484 914 2538 oens:
941 2468 974 2535 Ε
997 2466 1033 2553 lu
1058 2458 1150 2539 virtri
1174 2466 1235 2539 cta
1257 2468 1293 2540 to
1316 2468 1475 2558 spaurde
1500 2467 1705 2559 m'indutre,
1733 2464 1835 2559 idest,
1868 2484 1982 2558 quarn

814 2582 934 2657 ridens
963 2590 1131 2679 aspectus
1165 2584 1341 2661 Beatricis
1370 2585 1470 2660 dedit
1502 2585 1601 2681 milri,
1631 2588 1680 2659 mi
1711 2588 1851 2677 diune,
1881 2584 1984 2679 idest,

812 2702 983 2797 extraxit,
1009 2706 1067 2778 det
1089 2705 1144 2777 det
1166 2708 1251 2779 nido
1274 2708 1313 2781 dt
1336 2708 1445 2797 Leda,
1464 2706 1568 2800 idest,
1585 2705 1632 2781 de
1648 2700 1776 2801 pulcro
1794 2705 1900 2801 signo
1920 2724 1987 2802 ge-

813 2822 1017 2918 minorum;
1045 2845 1130 2898 narn
1157 2825 1286 2902 Castor
1310 2834 1348 2901 et
1373 2827 1504 2901 Pollux
1531 2825 1592 2901 tilii
1613 2824 1713 2901 louis
1730 2825 1802 2900 nati
1822 2846 1870 2901 ex
1887 2826 1985 2901 Leda

812 2949 932 3017 matre
963 2944 1110 3019 llelenae
1143 2944 1334 3043 tinguntur
1365 2945 1529 3021 translati
1565 2945 1780 3042 insignum
1814 2944 1984 3041 gemino-

813 3084 911 3158 rum,
942 3064 1036 3140 sicut
1066 3065 1151 3141 alibi
1188 3066 1395 3161 expositum
1429 3072 1486 3166 est
1519 3066 1556 3140 in
1588 3064 1795 3163 Purgatorii
1830 3053 1986 3160 cantica,

812 3184 875 3258 ubi
901 3184 1006 3259 dicit:
1032 3207 1069 3259 se
1097 3189 1241 3260 cuore
1264 3209 1284 3260 e
1307 3190 1447 3262 Polluce
1472 3193 1540 3263 eta.
1568 3186 1612 3260 Et
1641 3186 1745 3260 dicit:
1770 3188 1816 3259 m’
1824 3188 1982 3279 impulse,

812 3304 849 3379 in
874 3307 944 3381 hoc
971 3312 1071 3381 notat
1096 3306 1172 3381 vim
1197 3314 1236 3381 et
1259 3308 1462 3384 efficaciam
1489 3308 1645 3403 virtutis,
1671 3309 1728 3381 nel
1749 3308 1815 3381 niet
1838 3310 1983 3381 vetans-

810 3430 914 3519 sr‘mo,
940 3426 1041 3521 idest,
1068 3426 1105 3503 in
1134 3427 1298 3523 primum
1333 3427 1477 3505 mobile.
1492 3434 1601 3503 -Le
1628 3432 1738 3523 portt
1773 3427 1839 3503 llic
1872 3432 1983 3502 autor

812 3548 984 3624 describit
1008 3547 1167 3623 formam
1195 3548 1307 3644 ipsius
1332 3569 1439 3624 nonae
1463 3570 1581 3645 sperae
1606 3570 1786 3627 excusans
1802 3550 1889 3626 sesi
1907 3570 1983 3625 non

776 3694 780 3704 ·
812 3669 926 3745 relert
951 3688 1017 3767 per
1042 3690 1155 3765 quam
1182 3677 1326 3766 partem
1347 3670 1428 3745 eius
1448 3670 1651 3766 intraverit,
1667 3670 1810 3747 dicens:
1827 3673 1987 3764 teperti
2080 3722 2085 3729 -

814 3811 874 3864 sua
908 3792 1092 3883 nussime,
1125 3788 1227 3884 idest,
1257 3790 1501 3886 divinissime,
1532 3794 1577 3865 ed
1606 3794 1742 3882 enata,
1768 3790 1871 3885 idest,
1900 3792 1986 3866 altae

813 3910 900 4005 quia
926 3917 980 3985 est
1005 3930 1117 4005 super
1142 3930 1271 3985 omnus
1296 3930 1433 4006 speras,
1450 3932 1516 3985 son
1540 3905 1570 3984 si
1594 3914 1774 4006 uniformi,
1796 3910 1883 4005 quia
1909 3916 1984 3985 tota

814 4030 930 4105 virtus
956 4030 1122 4104 omniurn
1150 4050 1344 4125 sperarum
1380 4030 1597 4107 inferiorum
1628 4037 1684 4107 est
1715 4030 1816 4105 unita
1847 4030 1884 4104 in
1918 4030 1986 4107 istu

815 4172 912 4226 nona
937 4171 1055 4247 spera,
1082 4153 1133 4224 clt'
1146 4154 1182 4225 io
1207 4172 1280 4225 non
1298 4173 1339 4225 so
1356 4153 1446 4243 dae,
1467 4151 1569 4247 idest,
1587 4172 1661 4226 nou
1682 4171 1830 4247 possum
1848 4150 1987 4225 deseri·

815 4272 915 4367 bere,
932 4294 999 4366 per
1025 4275 1110 4365 qual
1132 4275 1238 4364 tropo
1266 4274 1422 4346 Beatrr'ce
1446 4274 1495 4345 mi
1517 4274 1635 4366 scelse,
1654 4271 1757 4366 idest,
1775 4271 1904 4369 selegit
1925 4291 1986 4346 me

813 4390 1036 4470 ducendum.
1049 4434 1099 4449 -
1111 4396 1175 4467 Mu
1198 4394 1277 4466 elta.
1305 4390 1370 4467 llic
1386 4397 1497 4467 antor
1513 4392 1669 4468 ostendit
1685 4392 1873 4488 quomodo
1890 4393 1987 4467 Bea-

811 4514 882 4589 trix
901 4511 1186 4588 manileetaverit
1203 4512 1270 4586 sibi
1288 4518 1460 4587 naturam
1478 4518 1516 4588 et
1535 4512 1707 4589 virtutem
1726 4514 1836 4588 huius
1851 4533 1982 4609 sperae,

811 4632 952 4709 dicens:
979 4637 1042 4708 Mn
1066 4636 1134 4708 ello
1158 4634 1218 4707 cte
1243 4634 1373 4707 oedem
1388 4636 1416 4707 n
1431 4635 1501 4706 mio
1517 4636 1637 4725 diora,
1659 4634 1746 4730 quia
1763 4635 1899 4712 scilicet
1917 4634 1985 4710 de-

810 4753 1018 4829 siderabam
1043 4753 1179 4847 aliquid
1205 4753 1299 4829 scire
1325 4751 1371 4828 de
1396 4752 1600 4829 conditione
1626 4754 1730 4829 istius
1761 4755 1870 4851 primi
1903 4774 1987 4829 mo-

768 5052 770 5057 ·
877 5014 906 5081 υ)
922 5016 953 5068 Ε.
969 5016 1113 5082 insculpta.
