4842 6642
767 880 908 937 usurus
932 884 1123 939 vrersmus
1148 885 1331 939 susumus.
1567 874 1637 943 tot

465 1028 579 1121 flutio,
598 1026 701 1119 idest,
715 1028 889 1103 humanm
912 1034 1107 1124 creature,
1121 1033 1159 1103 di
1176 1033 1257 1122 quet
1270 1032 1331 1103 cle
1347 1036 1501 1123 apporto
1521 1052 1636 1125 motu,

462 1149 621 1221 clusus
654 1168 753 1243 suu,
788 1149 924 1225 scilicet
957 1151 1052 1247 solis,
1087 1151 1171 1225 solis
1202 1151 1284 1227 dioo
1307 1151 1469 1246 justitiae,
1501 1152 1638 1229 scilicet

462 1268 541 1362 Dei,
571 1268 634 1364 qni
667 1269 776 1345 affert
807 1291 929 1365 mane,
960 1272 1063 1366 idest,
1094 1273 1216 1347 lucem
1250 1270 1390 1369 gratim,
1422 1278 1460 1346 et
1492 1272 1638 1348 dimittit

462 1408 558 1484 sero,
584 1388 687 1483 idest,
714 1390 866 1465 remittit
898 1392 1194 1478 tenebrositatem
1222 1392 1372 1488 peccati,
1402 1395 1434 1465 si
1459 1396 1501 1487 [a
1533 1414 1637 1486 noa,

464 1509 566 1604 idest,
601 1510 697 1585 ioeda
735 1517 773 1587 et
811 1512 927 1607 turpis
965 1512 1216 1607 inquinatione
1249 1512 1401 1608 peccati,
1432 1517 1491 1587 oet
1517 1518 1637 1608 primo

463 1637 608 1723 expelto,
635 1630 739 1726 idest,
757 1632 794 1707 ln
812 1634 931 1729 prima
949 1639 1067 1709 attale.
1086 1634 1154 1709 Alii
1175 1640 1300 1710 tameo
1321 1645 1511 1730 exponunt
1530 1636 1636 1712 aliter

466 1756 722 1846 retorquentes
748 1752 843 1829 istud
868 1753 1007 1829 dictum
1033 1754 1080 1830 ad
1105 1754 1285 1850 praelatos,
1311 1754 1358 1829 de
1383 1774 1545 1850 quorum
1569 1776 1637 1831 cu-

464 1870 612 1965 piditate
637 1872 727 1947 dixit
751 1894 882 1969 supra3
908 1882 947 1949 et
971 1875 1097 1950 dicunt
1122 1876 1221 1971 quod
1251 1877 1353 1971 pellis
1384 1876 1522 1971 pulcrae
1553 1876 1636 1953 liliae

465 1992 562 2088 solis,
589 1992 680 2068 idest
706 1994 880 2089 ecclesiae,
906 2016 991 2089 quae
1016 2003 1072 2071 est
1097 1996 1168 2072 filia
1196 1997 1275 2091 Dei,
1295 1997 1455 2072 efficitur
1480 2018 1527 2071 ex
1551 1998 1635 2072 alba

468 2114 585 2211 nigra,
610 2114 701 2190 idest
727 2135 772 2191 ex
799 2136 893 2211 pura
919 2122 957 2191 et
980 2117 1155 2213 virtuosa,
1174 2119 1333 2193 obscura
1350 2125 1388 2194 et
1405 2117 1545 2193 vitiosa.
1564 2117 1634 2193 Sed

463 2235 546 2311 licet
571 2235 638 2347 ista
665 2235 840 2331 expositio
852 2228 888 2329 (¹)
918 2236 1086 2312 videatur
1110 2238 1262 2334 subtilis,
1279 2246 1405 2314 tamen
1431 2237 1636 2313 nonhabet

466 2356 588 2431 locum
606 2358 686 2451 hic;
705 2358 804 2453 quia,
824 2365 866 2431 nt
888 2364 988 2453 patet
1013 2380 1058 2434 ex
1085 2359 1198 2456 dictis,
1216 2367 1326 2436 autor
1343 2360 1527 2435 exclamat
1544 2378 1635 2433 con·

465 2482 521 2553 tra
549 2478 761 2575 generalem
795 2478 1030 2573 cupiditatem
1063 2480 1269 2580 hominum,
1299 2481 1406 2555 cuius
1435 2486 1490 2555 est
1520 2498 1633 2555 causa

464 2598 640 2693 cupiditas
665 2600 894 2694 particularis
919 2600 1169 2695 prelatorum,
1188 2602 1366 2677 utstatim
1391 2601 1577 2695 sequitur:
1597 2607 1635 2677 et

395 2702 398 2707 Δ
461 2726 639 2814 preterea
666 2720 816 2795 ecclesia
842 2720 907 2796 Dei
933 2742 1006 2797 non
1034 2730 1108 2795 tam
1126 2722 1197 2797 cito
1217 2728 1358 2799 mauu
1383 2729 1440 2800 est
1464 2742 1511 2797 ex
1537 2723 1633 2801 bona

466 2839 504 2913 in
517 2842 739 2935 prava;ideo
752 2843 935 2919 concludit
947 2843 1179 2940 generaliter,
1189 2842 1283 2917 sicut
1292 2842 1498 2939 expositum
1512 2850 1634 2918 est.-

471 2966 532 3035 ilt.
549 2961 614 3035 llic
632 2963 763 3037 Petrus
780 2963 935 3038 ostendit
951 2963 1073 3038 autori
1091 2982 1176 3058 quae
1188 2954 1228 3056 (³)
1244 2964 1290 3037 sit
1313 2963 1498 3058 potissima
1518 2984 1630 3039 causa

466 3081 670 3176 cupiditatis
694 3088 733 3157 et
756 3082 1022 3179 depravationis
1048 3082 1132 3159 vitae
1149 3084 1359 3178 hominum3
1377 3091 1415 3159 et
1430 3083 1516 3157 dicit
1532 3082 1631 3178 quod

465 3206 520 3275 est
536 3203 643 3297 culpa
661 3202 827 3297 pastoris,
845 3202 938 3277 sicut
954 3204 1037 3277 alili
1056 3224 1153 3299 saepe
1169 3204 1268 3279 dixit.
1286 3204 1379 3279 uicit
1395 3225 1486 3301 ergo
1503 3204 1631 3279 exclu-

461 3320 550 3397 dens
566 3322 846 3399 admirationem
863 3325 1021 3400 autoris:
1045 3331 1108 3417 ru,
1121 3322 1251 3420 perctd
1263 3346 1336 3399 ooo
1353 3329 1379 3400 ti
1395 3328 1487 3421 socci
1507 3346 1633 3399 moro·

463 3444 584 3536 undo,
615 3444 760 3539 scilicet,
793 3465 911 3540 quare
942 3465 1071 3521 omnes
1106 3452 1191 3521 sunt
1221 3445 1271 3519 ita
1304 3445 1413 3521 dediti
1445 3444 1631 3540 cupiditati

464 3563 696 3658 generaliter,
710 3585 823 3658 peasa
840 3568 900 3639 cle
914 3568 952 3639 iu
969 3573 1067 3639 terro
1091 3586 1164 3640 ooo
1188 3562 1209 3641 c*
1230 3567 1285 3639 clu'
1308 3569 1469 3657 ponuat,
1484 3564 1633 3660 scilicet,

460 3696 529 3757 nec
562 3685 765 3780 temporale
795 3706 863 3761 nec
892 3686 1090 3781 spirituale,
1120 3685 1207 3780 quia
1239 3682 1445 3761 Bonitacius
1480 3692 1637 3781 usurpat

461 3813 659 3901 utramque
684 3812 914 3903 potestatem,
941 3814 982 3881 ut
1002 3810 1081 3903 jam
1107 3827 1204 3903 saepe
1229 3806 1368 3882 dictum
1393 3813 1466 3882 est:
1487 3826 1535 3883 ex
1557 3828 1652 3902 quo·

459 3925 625 4019 sequitur
658 3928 757 4022 quod
788 3949 879 4025 gens
910 3931 1073 4003 humana
1102 3928 1225 4003 deviat
1255 3950 1279 4003 a
1309 3927 1368 4003 via
1401 3934 1515 4023 recta,
1549 3948 1633 4021 quae

460 4044 559 4120 ducit
583 4047 629 4123 ad
659 4040 807 4143 coelum,
839 4054 876 4123 et
906 4048 1077 4123 discurrit
1106 4069 1171 4144 per
1202 4048 1309 4125 deria
1335 4046 1522 4143 vitiorum,
1548 4066 1634 4142 quae

459 4166 599 4241 ducunt
624 4166 670 4242 ad
696 4176 866 4243 mortem.
893 4169 1029 4245 Dicunt
1050 4170 1149 4245 enim
1176 4170 1281 4244 multi
1306 4175 1343 4245 et
1366 4174 1549 4266 arguunt:
1577 4168 1633 4242 vi-

459 4286 589 4363 demus
614 4287 714 4383 quod
741 4289 880 4384 praelati
907 4296 993 4363 suut
1017 4310 1164 4365 summe
1189 4289 1322 4386 cupidi,
1348 4289 1412 4383 qui
1443 4309 1517 4363 nou
1547 4310 1632 4363 sen·

460 4408 554 4483 tunt
570 4408 778 4505 angustiam
802 4408 856 4483 rei
880 4408 1077 4503 familiaris,
1095 4429 1181 4484 cum
1200 4430 1273 4485 noo
1291 4409 1449 4485 habeant
1471 4427 1629 4483 uxorem

459 4548 581 4622 neque
606 4527 709 4623 tilios,
735 4534 772 4603 et
797 4528 827 4603 si
852 4530 1000 4624 habent,
1026 4550 1099 4605 noo
1125 4530 1262 4604 audent
1287 4528 1410 4604 dicere
1441 4528 1541 4623 quod
1570 4528 1628 4603 sui

459 4646 546 4741 siot;
573 4667 667 4743 ergo
689 4653 829 4742 quanto
855 4648 971 4744 magis
997 4649 1163 4725 homines
1194 4646 1354 4743 impliciti
1387 4647 1486 4723 curis
1511 4664 1629 4723 saecu·

460 4766 599 4842 laribus
625 4774 662 4843 et
688 4769 812 4843 multis
837 4768 1227 4845 incommodist-llla
1249 4772 1379 4862 poma.
1406 4768 1472 4843 llic
1496 4769 1628 4844 Petrus

522 5029 551 5095 tt
567 5030 598 5081 Ε·
615 5033 784 5096 computos.
1112 5030 1139 5095 ι’)
1157 5033 1189 5085 u.
1206 5033 1270 5099 qun
1285 5033 1326 5085 aa.
