4842 6642
802 823 873 890 336
1194 834 1398 896 consuatur
1421 835 1588 891 rxnnursx

802 979 1066 1054 nobilissimum
1096 978 1303 1053 sodalitium
1337 979 1641 1074 temperatissime
1672 977 1895 1072 ordinatum,
1927 978 1975 1054 ita

668 1154 672 1160 .
802 1100 901 1194 quud
929 1123 1002 1176 una
1028 1121 1147 1196 spera,
1174 1100 1251 1176 sive
1276 1100 1398 1174 anima
1427 1099 1655 1176 concorditer
1676 1101 1976 1176 conformabatur

802 1220 920 1313 alteri,
945 1228 983 1296 et
1008 1241 1082 1296 una
1109 1221 1330 1296 movebatur
1357 1220 1530 1312 velocius,
1551 1219 1699 1314 scilicet,
1718 1241 1802 1315 quae
1821 1221 1978 1296 habebat

803 1342 885 1436 plus
897 1339 1040 1436 gloriae3
1054 1338 1124 1414 alia
1144 1360 1234 1414 vero
1252 1339 1402 1435 tardius,
1424 1360 1508 1434 quae
1524 1341 1683 1416 habebat
1701 1341 1822 1416 minus
1839 1340 1976 1436 glortae,

804 1466 842 1535 et
861 1481 990 1534 omnes
1006 1460 1323 1535 contentabantur.
1336 1460 1422 1535 ldeo
1440 1461 1639 1536 benedixit
1656 1462 1821 1538 Christus
1836 1455 1873 1555 (¹)
1893 1462 1977 1557 ipsis

804 1580 976 1676 apostolis
1000 1579 1304 1656 contendentibus
1328 1581 1375 1655 de
1400 1581 1602 1676 principatu
1635 1586 1703 1656 etc.
1738 1583 1781 1656 lit
1813 1583 1864 1656 sic
1896 1581 1977 1657 vide

794 1700 991 1796 ¹quomodo
1018 1702 1244 1796 comparatio
1271 1703 1448 1797 horologii
1471 1701 1637 1777 nobiliter
1659 1710 1897 1799 repraesentat
1914 1725 1977 1779 or-

805 1821 927 1897 dinem
953 1824 1203 1916 apostolorum
1232 1821 1290 1898 hic
1314 1842 1354 1898 se
1380 1822 1759 1898 circumvolventium.
1783 1822 1903 1918 Aliqui
1921 1830 1977 1898 ta-

805 1963 891 2019 men
917 1943 1122 2039 intelligunt
1147 1943 1204 2018 hic
1233 1943 1330 2038 quod
1349 1944 1479 2018 Petrus
1496 1943 1614 2018 stabat
1635 1943 1767 2019 firmus
1785 1945 1821 2019 in
1841 1944 1977 2039 medio,

805 2068 843 2138 ct
871 2063 932 2137 alii
962 2063 1207 2138 movebantur
1234 2063 1449 2138 incircuitu
1483 2055 1758 2157 differentert2),
1792 2065 1891 2158 quod
1923 2073 1978 2140 est

805 2183 1037 2260 salsissimum
1064 2191 1133 2258 etc.

878 2306 1073 2395 Diouelto.
1100 2304 1185 2378 Hac
1210 2311 1265 2378 est
1290 2304 1450 2380 secunda
1468 2325 1553 2400 pars
1572 2305 1754 2402 generalis
1770 2295 1821 2398 (³),
1844 2305 1977 2399 inqua

805 2432 915 2498 autor
933 2424 1129 2499 introducit
1146 2425 1297 2500 Petrum
1317 2425 1516 2521 principem
1535 2425 1798 2521 apostolorum,
1813 2426 1876 2521 qui
1890 2446 1978 2501 exa-

805 2546 923 2620 minat
947 2565 1033 2620 eum
1062 2545 1108 2620 de
1133 2545 1204 2620 lide
1230 2551 1267 2621 et
1290 2545 1453 2620 articulis
1479 2545 1581 2639 fidei3
1607 2552 1643 2620 et
1674 2545 1793 2641 primo
1824 2554 1978 2642 apparat

806 2667 926 2762 ipsum
953 2665 999 2740 ad
1026 2666 1265 2761 loquendum,
1292 2673 1329 2741 et
1353 2665 1456 2762 lingit
1481 2667 1580 2761 quod
1605 2687 1652 2742 ex
1677 2667 1754 2762 ipso
1776 2667 1977 2742 clarissimo

805 2787 972 2861 omnium
999 2787 1112 2862 exivit
1139 2807 1211 2860 una
1237 2786 1390 2860 scintilla
1415 2785 1519 2882 ignis,
1540 2807 1624 2880 quae
1651 2794 1707 2860 ter
1724 2786 1979 2862 circumcinxit

698 2899 702 2905 ’
805 2906 1010 2982 Beatricem
1037 2927 1124 2981 cum
1141 2912 1252 2981 cantu
1273 2906 1493 2980 dulcissimo.
1512 2907 1603 2980 Dicit
1621 2927 1730 3004 ergo;
1757 2910 1869 2980 Vid'io
1885 2911 1979 2980 ascir

805 3046 853 3100 un
876 3029 994 3120 succo,
1021 3025 1126 3121 quasi
1151 3026 1257 3120 dicat,
1290 3047 1400 3100 unam
1433 3025 1589 3100 favillam
1623 3026 1785 3102 ardentis
1805 3027 1977 3117 caritatis,

806 3146 883 3222 sive
910 3147 1054 3221 radium
1080 3147 1190 3222 clarae
1216 3147 1318 3242 lucis,
1344 3150 1382 3220 di
1406 3149 1521 3239 quella
1549 3169 1654 3239 sparo
1684 3149 1735 3220 cd’
1748 3150 1783 3221 io
1812 3151 1910 3223 notui
1943 3151 1980 3222 di

802 3264 864 3361 piri
895 3269 1062 3360 bellezza,
1095 3268 1182 3363 quia
1208 3269 1341 3344 Petrus
1375 3275 1429 3342 est
1464 3267 1766 3363 praeclarissimus
1798 3269 1980 3364 apostolo-

808 3409 917 3481 rum3
943 3394 980 3463 ct
1004 3388 1109 3463 dicit:
1135 3381 1297 3482 sisclicc,
1324 3388 1472 3482 scilicet,
1498 3389 1533 3462 in
1560 3389 1725 3464 claritate
1751 3390 1889 3486 gloriae,
1921 3392 1980 3464 cte

806 3511 915 3598 nullo,
941 3508 1088 3602 scilicet,
1116 3507 1252 3602 iocum,
1285 3512 1319 3581 oi
1347 3501 1454 3582 toscid
1485 3511 1522 3582 di
1548 3505 1610 3602 piri
1639 3511 1842 3602 cliorczzo,
1877 3509 1979 3603 idest,
2102 3599 2106 3607 ¹

809 3628 957 3703 maioris
982 3629 1154 3704 claritatis
1179 3636 1217 3702 et
1243 3627 1509 3722 luminositatis,
1535 3629 1620 3723 quia
1648 3630 1769 3704 nullus
1798 3629 1980 3724 apostolo-

810 3771 893 3824 rum
920 3741 1038 3844 attigit
1062 3749 1109 3824 ad
1135 3757 1273 3824 tanmm
1302 3749 1520 3843 felicitatem,
1539 3749 1633 3824 sicut
1650 3750 1791 3824 Petrus.
1807 3791 1856 3804 -
1869 3755 1902 3823 Ε
1916 3757 1978 3822 tre.

808 3871 873 3945 llic
897 3876 1007 3944 autor
1031 3869 1202 3944 describit
1226 3875 1349 3944 actum
1383 3876 1420 3944 et
1449 3874 1599 3944 cantum
1630 3870 1725 3944 illius
1755 3871 1888 3944 animae
1920 3892 1980 3944 ar-

808 3990 926 4065 dentis
951 3997 987 4064 et
1012 3989 1176 4082 lucentiS,
1202 3989 1343 4064 dicens:
1369 3994 1413 4080 E,
1439 3988 1498 4063 ille
1524 3989 1628 4085 ignis,
1652 3993 1685 4062 si
1709 3993 1803 4066 volsa
1824 3999 1877 4062 tra
1897 3993 1981 4082 liuta

808 4115 949 4186 intorno
969 4113 1007 4184 di
1026 4113 1195 4201 Beatricc,
1213 4110 1259 4184 ad
1277 4111 1457 4184 honorem
1474 4109 1669 4204 Trinitatis,
1686 4112 1733 4186 de
1750 4133 1824 4205 qua
1842 4117 1979 4185 tracta-

808 4241 916 4309 turus
940 4237 1031 4325 erat,
1054 4230 1234 4305 utstatim
1252 4229 1388 4325 patebit
1404 4254 1414 4322 3
1431 4229 1490 4304 vel
1507 4229 1544 4303 in
1562 4229 1721 4327 liguram
1739 4231 1888 4326 triplicis
1905 4231 1979 4304 xir-

808 4353 903 4428 tutis·
918 4352 1061 4445 divinae,
1087 4372 1200 4446 super
1225 4371 1300 4444 qua
1325 4355 1435 4424 autor
1461 4351 1726 4425 examinandus
1751 4357 1844 4445 erat,
1867 4358 1908 4423 ut
1924 4351 1992 4422 in-·

809 4477 864 4550 lra
895 4476 1061 4567 dicetur3
1094 4479 1131 4546 et
1163 4472 1265 4546 dicit:
1300 4493 1367 4546 con
1400 4492 1448 4544 un
1482 4479 1584 4545 conto
1618 4479 1714 4546 tunm
1748 4475 1843 4562 diuo,
1877 4470 1979 4564 idest,

809 4595 944 4689 divino,
965 4594 1051 4688 quia
1068 4591 1381 4688 superexcedcbat
1406 4592 1503 4668 vires
1529 4593 1733 4687 humanas3
1757 4593 1853 4668 unde
1871 4592 1977 4667 dicit:

719 4725 723 4732 '
810 4718 870 4788 cle
894 4719 930 4789 lo
954 4719 1026 4788 mio
1052 4717 1212 4810 [namsia
1243 4716 1305 4786 not
1334 4716 1384 4786 nri
1415 4715 1537 4803 ridde,
1570 4714 1671 4807 idest,
1708 4713 1872 4788 redicere
1906 4731 1979 4785 non

872 4905 899 4964 l'l
914 4903 946 4954 E.
961 4902 1038 4954 lum
1052 4902 1179 4954 ennena.
1428 4901 1456 4963 (²)
1475 4901 1504 4951 Ε.
1521 4903 1650 4954 divinitus.

874 4978 902 5043 (⁸)
918 4979 948 5030 E.
964 4979 1092 5044 generalis
1108 4980 1186 5030 huius
1201 4978 1316 5042 capituli,
1333 4979 1360 5027 in
1376 4991 1436 5042 qua.
