4842 6642
804 854 878 925 iti
1195 865 1401 924 mannan!
1425 869 1593 926 ananan

802 1015 851 1090 do
864 1013 1066 1090 octonibus
1090 1013 1168 1088 sive
1191 1013 1239 1090 de
1263 1014 1441 1108 hostibus,
1455 1016 1573 1107 suoot'a
1589 1016 1615 1088 t·
1630 1015 1710 1092 olid
1724 1017 1867 1090 meatu
1882 1034 1976 1092 m

802 1137 965 1228 opressa
989 1135 1040 1210 ila
1065 1134 1165 1230 quod
1191 1135 1286 1216 bene
1302 1140 1341 1210 et
1357 1135 1458 1210 clare
1473 1134 1679 1230 exprimam
1697 1135 1797 1228 qnod
1814 1135 1974 1232 ooneepi

802 1255 848 1330 ut
871 1255 932 1330 nto
955 1261 1043 1330 nota
1068 1253 1169 1349 qood
1193 1254 1328 1330 merito
1352 1261 1463 1330 autor
1487 1253 1573 1332 lacit
1603 1255 1662 1332 laio
1689 1255 1795 1334 istan
1827 1255 1975 1335 insonae

802 1375 953 1469 tioneau
978 1375 1064 1470 quia
1090 1375 1121 1448 si
1146 1374 1351 1452 mundum
1377 1373 1594 1450 sententiam
1613 1374 1773 1452 Platonis
1792 1375 1830 1450 ia
1844 1367 1881 1468 (¹)
1904 1375 1974 1456 mir

802 1495 910 1570 umis
922 1502 979 1570 est
991 1495 1156 1571 divinam
1173 1495 1353 1570 auxilium
1372 1495 1656 1591 implorandum,
1675 1497 1791 1574 anullo
1805 1496 1921 1592 nangis
1933 1495 1970 1576 iu

802 1615 984 1690 maximis.
994 1616 1038 1690 Et
1051 1615 1174 1690 subdit
1188 1615 1286 1692 unde
1300 1616 1411 1694 trahit
1425 1615 1677 1695 diffinitionem
1690 1615 1971 1710 Meuaniam

800 1736 1071 1830 subsequenter
1094 1735 1202 1830 (linet,
1227 1736 1370 1812 dimas:
1396 1757 1415 1808 e
1438 1737 1604 1827 nanto.-
1629 1757 1652 1808 o
1673 1737 1802 1829 padre,
1826 1734 1973 1828 scilicet,

800 1857 921 1950 Petne,
947 1863 1052 1952 pater
1082 1864 1158 1932 mm
1191 1857 1334 1933 ratione
1365 1856 1601 1950 antiquitatis,
1630 1877 1745 1950 quana
1779 1857 1975 1954 dignitatis,

801 1999 900 2052 nome
925 1981 951 2052 'l
974 1998 1100 2050 verooe
1121 1979 1202 2052 stilo
1227 1979 1286 2052 del
1307 1985 1365 2052 tuo
1389 1980 1608 2071 mostata,
1633 1977 1735 2071 idest,
1765 1977 1880 2072 Pauli,
1910 1978 1971 2072 qui

801 2097 873 2172 luit
890 2096 1003 2172 irater
1021 2103 1109 2172 taus
1134 2117 1208 2173 non
1234 2097 1424 2193 sanguine,
1445 2095 1509 2172 sed
1533 2115 1664 2172 amore
1688 2097 1811 2174 sociali
1828 2096 1865 2174 ia
1884 2117 1973 2193 apo

800 2219 960 2311 stolata;
985 2217 1085 2294 unde
1108 2217 1217 2294 dicit:
1243 2219 1304 2292 olo
1327 2221 1412 2294 mue
1436 2224 1509 2294 taoo
1533 2223 1648 2294 Romo
1683 2221 1743 2294 nal
1772 2219 1865 2298 luant
1885 2221 1973 2312 filoa

800 2339 944 2414 clarum
970 2337 1153 2428 enim-est
1185 2337 1373 2432 quomodo
1402 2337 1534 2416 Petras
1565 2343 1603 2412 et
1633 2337 1770 2416 Paulus
1800 2338 1975 2434 prauna-

801 2457 999 2534 vernatio
1026 2459 1133 2553 urbe,
1158 2468 1198 2533 ot
1222 2458 1453 2534 reduxemnt
1486 2459 1622 2534 maltos
1651 2459 1698 2536 ad
1731 2459 1829 2538 vum
1865 2466 1975 2544 rectu

800 2577 896 2673 fidei,
917 2599 984 2674 pro
1001 2601 1077 2673 qua
1097 2585 1318 2674 receperant
1340 2579 1560 2676 martyrium
1578 2579 1649 2656 sub
1665 2579 1888 2674 nequissimo
1904 2580 1975 2659 No-

802 2718 915 2792 rnne;
940 2720 985 2772 ne
1006 2702 1145 2794 sousa,
1169 2699 1317 2793 seilicet,
1343 2699 1381 2773 in
1406 2697 1564 2795 Epistola
1595 2699 1643 2773 aa
1673 2699 1846 2776 aaaron
1876 2701 1975 2796 cupl-

802 2820 880 2894 tulo
894 2819 954 2894 lll.
966 2859 1016 2876 -
1028 2823 1131 2896 Fede.
1149 2819 1214 2897 llic
1230 2829 1340 2897 autor
1356 2819 1466 2896 tradit
1482 2819 1734 2897 diffinitionem
1752 2821 1847 2917 lidei,
1860 2841 1974 2916 quam

801 2941 903 3036 ponit
927 2942 1058 3016 beatus
1075 2940 1225 3034 Paulus,
1246 2961 1331 3034 quae
1356 2940 1436 3018 talis
1461 2947 1534 3015 est:
1562 2940 1650 3016 fldes
1675 2948 1731 3018 est
1761 2941 1972 3021 substantia

800 3061 893 3136 Dicit
911 3082 1021 3156 ergo:
1042 3065 1135 3138 Faue
1152 3058 1369 3138 emunata
1393 3065 1432 3136 di
1455 3083 1534 3136 oose
1549 3070 1700 3162 apum,
1717 3071 1750 3137 et
1768 3072 1974 3156 arvom

800 3184 890 3256 dene
914 3203 987 3256 noa
1008 3185 1185 3274 peremti,
1209 3182 1315 3278 idest,
1349 3202 1423 3258 non
1456 3182 1732 3278 apparentium
1757 3190 1794 3260 et
1823 3183 1929 3260 dicit:
1956 3207 1975 3259 e

802 3310 923 3394 questo
940 3323 1035 3396 pare
1057 3322 1083 3374 o
1108 3325 1163 3376 me
1176 3323 1244 3378 aaa
1261 3305 1438 3394 wolon,
1458 3302 1563 3395 idest,
1579 3303 1744 3379 diffinitio
1763 3325 1849 3398 quae
1865 3304 1996 3382 datur·

801 3441 870 3517 per
894 3423 1155 3498 substantialia.
1183 3423 1247 3498 Est
1271 3423 1369 3498 enim
1395 3422 1575 3517 quidditas
1600 3425 1755 3502 essentia
1780 3425 1858 3500 sivo
1888 3426 1975 3502 suli-

801 3543 933 3618 stantia
960 3543 1014 3618 rei
1039 3563 1125 3639 quae
1150 3543 1232 3620 ideo
1257 3550 1412 3619 vocatur
1437 3544 1630 3640 quidditas,
1648 3545 1735 3640 qaia
1751 3545 1797 3620 ad
1817 3546 1975 3622 interro-

800 3665 986 3760 gationem
1018 3664 1151 3740 iactam
1184 3683 1251 3759 par
1283 3663 1371 3758 quid
1404 3664 1669 3760 respondemus
1697 3665 1745 3742 de
1774 3665 1973 3746 substantia

802 3784 876 3877 rei3
902 3790 938 3858 et
962 3783 1129 3860 diffinitio
1153 3791 1211 3859 est
1237 3785 1331 3860 ratio
1356 3783 1517 3862 indloans
1541 3784 1629 3879 qaid
1655 3792 1710 3860 est
1734 3805 1815 3860 esso
1836 3785 1888 3862 aei
1908 3805 1975 3880 poa

741 3976 745 3984 .
800 3905 1061 3982 substantialia.
1089 3905 1133 3980 Et
1158 3904 1217 3980 hio
1240 3905 1393 3982 adverte
1410 3906 1509 4000 quod
1529 3905 1624 3982 istud
1641 3905 1750 3982 debet
1766 3905 1975 4000 precedens

801 4025 899 4102 illam
924 4025 1156 4122 particulam,
1180 4031 1218 4102 et
1242 4025 1381 4104 subdit:
1403 4033 1440 4101 et
1460 4025 1570 4102 debet
1595 4027 1647 4102 sio
1668 4025 1828 4102 ordinari
1851 4025 1972 4108 litera:

800 4150 1015 4239 asepuitoi:
1038 4149 1131 4222 Fede
1164 4143 1186 4221 e*
1215 4151 1285 4223 etc.
1299 4185 1348 4200 -
1361 4147 1497 4222 Altam
1525 4146 1590 4222 llic
1619 4147 1750 4222 Petrus
1783 4146 1974 4224 oonliamat

801 4266 934 4342 dinam
950 4257 989 4357 (¹)
1012 4265 1267 4342 diffinitionem
1296 4265 1391 4358 talei,
1416 4274 1455 4340 et
1479 4265 1569 4361 petit
1599 4266 1861 4362 expositionem
1895 4267 1975 4350 niue

800 4387 849 4461 ab
861 4377 899 4480 (³)
926 4392 1079 4462 autore:
1105 4385 1206 4463 unde
1230 4386 1339 4462 dicit:
1365 4387 1493 4462 Altoro
1515 4389 1603 4477 uati,
1627 4386 1774 4480 scilieet,
1806 4387 1974 4481 alatro,

799 4511 1032 4583 doiuomettte
1055 4512 1158 4599 seno,
1181 4509 1229 4584 de
1255 4507 1337 4602 lide,
1354 4529 1392 4584 se
1416 4509 1499 4584 bauo
1523 4509 1666 4600 mundi,
1684 4527 1776 4603 ergo
1792 4506 1849 4586 dte
1875 4507 1974 4601 milti,

797 4626 938 4722 percle,
963 4630 1094 4725 supple
1117 4630 1250 4704 beatas
1275 4629 1424 4722 Paulus,
1450 4631 1487 4702 lo
1511 4631 1628 4721 mpose
1653 4636 1711 4702 tro
1743 4629 1774 4702 la
1802 4629 1976 4704 munao

801 4753 896 4842 epol
911 4754 970 4822 tro
986 4751 1037 4838 pli
1052 4750 1265 4841 orpoauenti,
1290 4749 1395 4842 quasi
1420 4747 1535 4824 dicat:
1557 4768 1676 4841 quare
1694 4745 1832 4824 Paulus
1856 4747 1975 4844 posuit

865 5015 894 5078 (¹)
910 5017 941 5068 B.
957 5016 1036 5067 etiam
1051 5018 1087 5067 la.
1205 5015 1234 5079 (Ἴ
1250 5016 1281 5067 B.
1297 5029 1312 5066 a
1328 5014 1354 5066 S.
1371 5015 1466 5065 (laum.
1591 5010 1666 5074 (Π.
1681 5011 1714 5066 ab
1728 5013 1840 5077 lpmat
1854 5017 1955 5066 mure.
