4842 6642
797 823 935 879 caurus
960 824 1116 879 uncinus
1141 824 1285 879 suxrus.
1557 813 1627 880 175

453 975 491 1044 et
516 968 697 1065 probitate
724 971 881 1043 multum
909 968 1082 1043 exaltavit
1107 968 1261 1045 domum
1278 990 1398 1045 suam.
1420 973 1571 1066 Tamen,
1586 977 1627 1045 ut

453 1088 536 1163 dicit
567 1096 689 1184 autor,
716 1089 866 1165 luerunt
896 1089 1038 1185 expulsi
1073 1088 1246 1183 superbia
1274 1110 1354 1186 sua,
1384 1090 1432 1167 de
1464 1110 1626 1187 quorum

455 1209 671 1306 expulsione
695 1210 833 1285 dictum
860 1216 916 1285 est
939 1210 977 1285 iu
1004 1212 1161 1286 lnleruo.
1188 1208 1233 1283 Et
1258 1209 1352 1287 sorte
1371 1210 1524 1286 avaritia
1540 1211 1627 1285 nibil
1742 1260 1747 1277 .

453 1330 589 1426 proluit
614 1330 692 1405 sibi.
724 1330 827 1405 Unde
860 1330 950 1405 dom
984 1336 1153 1427 tempore
1185 1332 1407 1427 expulsionis
1435 1330 1625 1415 Gbibellini

455 1451 667 1526 recedentes
692 1451 942 1547 pervenissent
975 1452 1021 1527 ad
1054 1453 1189 1546 locum,
1221 1452 1285 1545 qui
1314 1451 1459 1547 dicitur,
1485 1456 1627 1544 Lesbo,

454 1591 528 1645 non
555 1572 663 1667 longe
688 1594 710 1646 a
736 1572 894 1666 civitate,
919 1571 1091 1647 dominus
1120 1571 1290 1647 Fariuata
1317 1572 1512 1667 praedictus
1537 1592 1628 1649 con·

455 1694 683 1787 querebatur
708 1700 746 1768 et
771 1692 1013 1787 exclamabat,
1033 1692 1177 1768 dicens:
1201 1694 1267 1767 beu
1291 1696 1398 1767 omia
1421 1697 1502 1786 mu,
1523 1696 1628 1767 omo

455 1819 545 1889 md!
557 1815 658 1889 Tunc
672 1814 849 1889 bomirum
862 1814 985 1889 Musca
998 1813 1044 1888 de
1057 1814 1262 1889 Lambertis
1275 1815 1481 1911 respondit:
1499 1834 1628 1910 quoere

457 1934 521 2008 tibi
538 1934 575 2007 in
593 1936 725 2029 bursa;
751 1938 821 2008 etc
842 1937 958 2028 polle,⁹
983 1934 1042 2009 bic
1066 1933 1238 2009 describit
1261 1933 1478 2009 lambertus
1496 1935 1545 2009 ab
1563 1954 1628 2008 nr-

457 2060 606 2129 matura
631 2061 669 2129 et
694 2055 837 2130 llorenti
861 2062 971 2149 statu,
998 2055 1140 2129 diceus:
1165 2077 1185 2128 e
1209 2056 1357 2148 lepulle
1379 2057 1537 2128 dett’oro
1558 2056 1627 2147 do-

454 2176 535 2247 rion
562 2178 738 2249 liorem
756 2178 795 2249 iu
811 2180 886 2249 tulli
900 2179 914 2249 i
929 2178 1006 2249 suoi
1020 2195 1115 2267 prou
1128 2177 1219 2268 sodi.
1237 2175 1282 2249 itt
1298 2194 1346 2249 ex
1363 2175 1434 2249 boc
1453 2173 1627 2270 colligere

456 2301 570 2389 potes,
597 2295 696 2389 quod
721 2295 905 2371 lamberti
930 2295 1081 2370 luerunt
1106 2294 1302 2370 nobiliores
1321 2293 1476 2389 Ubertis,
1495 2300 1533 2369 et
1551 2314 1625 2369 cre·

455 2416 552 2509 teris,
579 2417 748 2510 quemvis
773 2416 834 2491 alii
858 2416 964 2491 aliter
981 2416 1113 2510 dicant,
1131 2416 1219 2510 quia
1239 2414 1276 2489 in
1293 2414 1465 2490 omuibus
1485 2415 1628 2512 magnis

456 2534 557 2611 lactis
582 2539 889 2633 praeferebantur:
917 2536 1015 2632 quod
1040 2542 1161 2631 posset
1178 2535 1283 2610 lacile
1300 2535 1448 2631 probari
1464 2556 1512 2611 ex
1530 2535 1627 2609 mul·

456 2657 501 2730 tis
536 2658 732 2755 privilegiis
762 2665 799 2733 et
828 2656 989 2732 ecclesiis
1019 2656 1314 2731 Lambertorum.
1353 2654 1424 2731 Sed
1455 2656 1627 2731 omnbus

453 2778 596 2851 omissis
621 2779 806 2876 singulare
831 2778 976 2875 signum
1004 2777 1198 2852 nobilitatis
1231 2798 1363 2853 eorum
1399 2784 1491 2872 erat,
1525 2777 1626 2872 quod

455 2898 590 2971 mortui
616 2898 883 2994 sepeliebantur
909 2898 1051 2993 equites
1067 2891 1104 2991 (¹)
1131 2898 1267 2976 scilicet
1282 2898 1449 2973 sedentes
1469 2898 1507 2971 in
1527 2919 1626 2993 equo

454 3017 622 3113 brungio.
636 3058 685 3071 -
701 3010 779 3091 Cori
794 3022 957 3112 [oceano.
976 3018 1040 3093 llic
1058 3017 1297 3113 Caeciaguida
1323 3018 1495 3093 describit
1511 3038 1625 3092 unam

458 3138 653 3212 notabilem
680 3138 866 3233 familiam,
893 3160 1006 3235 quam
1032 3140 1242 3236 magnificat
1266 3160 1288 3213 a
1313 3140 1469 3234 duobus,
1491 3140 1627 3215 seilicet

456 3280 478 3332 a
504 3258 647 3333 lloreuti
666 3263 776 3354 statu,
801 3266 838 3333 et
864 3259 1023 3354 quodam
1042 3256 1220 3355 singulari
1237 3260 1438 3357 privilegio.
1458 3260 1511 3335 Ad
1528 3262 1626 3355 quod

453 3377 654 3473 sciendum,
680 3378 779 3472 quod
804 3379 861 3452 isti
887 3385 974 3453 sunt
995 3379 1205 3475 Visdomiui,
1228 3381 1292 3476 qui
1315 3382 1627 3476 quandocumque

454 3505 559 3574 vacat
584 3500 775 3596 episcopus
792 3492 828 3593 (²)
856 3500 1061 3594 Florentiae,
1088 3506 1174 3575 sunt
1208 3501 1403 3595 oeeonomi,
1435 3501 1539 3595 idest,
1570 3502 1626 3575 di—

453 3626 691 3713 spensatores.
718 3619 811 3694 llicit
828 3639 935 3717 ergo:
958 3613 1035 3694 doci
1050 3625 1218 3715 (oceano,
1239 3621 1386 3714 scilieet,
1404 3620 1499 3695 sicut
1515 3623 1626 3695 Lam·

452 3739 558 3835 berti,
585 3741 672 3835 quia
697 3740 833 3815 scilicet
858 3742 909 3816 ita
926 3742 1104 3816 llorebaut
1122 3739 1158 3814 in
1175 3740 1347 3815 omnibus
1364 3741 1507 3837 magnis
1523 3740 1626 3815 lamb

453 3858 656 3955 Florentiae,
682 3864 696 3934 i
726 3864 849 3954 padri,
878 3861 980 3955 idest,
1006 3860 1307 3957 predecessores,
1334 3864 1372 3935 di
1395 3863 1529 3952 coloro,
1555 3861 1626 3935 sci·

454 3978 548 4075 licet,
574 3981 883 4076 llisdomiuorunr,
909 3984 969 4055 clu
996 3984 1164 4077 sisouno
1188 3985 1309 4076 prasci
1338 3984 1516 4057 standon
1538 4002 1625 4057 cotr-

453 4102 594 4195 sistoro,
623 4100 709 4195 quia
730 4107 820 4176 tunc
837 4102 965 4177 vivunt
985 4103 1169 4201 pinguiter
1195 4104 1363 4199 expensis
1382 4104 1625 4200 episcopatos,

452 4242 589 4315 sempre
619 4224 679 4296 cte
711 4224 749 4295 tu
773 4230 894 4295 omtro
928 4225 1056 4315 emmo,
1090 4224 1237 4320 scilicet,
1266 4224 1489 4321 episcopalis,
1524 4246 1625 4299 voco.

451 4344 522 4419 lsta
547 4342 680 4418 domus
706 4349 817 4418 tantae
842 4343 1025 4441 dignitatis
1051 4346 1155 4440 quasi
1180 4345 1329 4441 deiecit;
1356 4352 1481 4422 tamen
1506 4366 1555 4422 ex
1581 4366 1625 4422 ea

453 4466 558 4540 lactae
583 4471 668 4539 sunt
693 4464 777 4539 duae
802 4466 884 4539 aliae
908 4464 1052 4561 domm,
1078 4466 1224 4562 scilicet,
1250 4468 1299 4542 illi
1325 4467 1371 4544 de
1397 4470 1432 4544 la
1456 4470 1561 4563 Tosa,
1587 4476 1628 4543 et

451 4583 645 4659 Aliotti.-
658 4587 695 4657 L’
709 4587 927 4659 oltrocotutu.
954 4585 1020 4659 llic
1045 4584 1285 4683 Caeciaguida
1311 4593 1496 4662 memorat
1511 4588 1621 4663 aliam
1712 4637 1716 4645 -

454 4704 629 4779 familiam
656 4726 892 4781 numerosam
918 4706 1034 4800 valde,
1061 4726 1172 4801 quam
1201 4707 1448 4803 multipliciter
1472 4708 1626 4785 infamat

515 4963 542 5027 (¹)
559 4959 590 5013 E
606 4964 706 5028 equites
721 4966 847 5019 ndentes.
1033 4964 1061 5031 (¹)
1078 4966 1108 5019 Ε.
1124 4967 1296 5032 episcopum.
