4842 6642
847 853 918 921 llo
1239 862 1446 917 connum
1469 860 1638 916 nsnmrsr

846 1010 982 1087 tissima
1007 1019 1046 1087 et
1071 1007 1506 1107 superexcellentissima3
1524 1005 1606 1081 ideo
1623 1004 1671 1080 ad
1689 1006 1926 1081 exaltandum
1944 1014 2022 1104 sty-

844 1130 922 1204 lum
957 1130 1103 1226 expcdit
1141 1128 1310 1205 revidere
1348 1127 1468 1201 maius
1507 1128 1635 1201 lumen
1669 1126 1875 1223 theologie.
1901 1168 1952 1183 -
1977 1131 2023 1202 Se
2144 1158 2148 1165 ·

845 1256 985 1347 quanm.
1011 1248 1076 1326 llic
1102 1254 1213 1324 autor
1237 1246 1390 1323 intendit
1407 1246 1602 1323 ostendere
1617 1266 1836 1343 supremum
1860 1247 2017 1345 gradum

845 1368 1096 1465 pulcritudinis
1121 1368 1316 1463 Beatricis3
1342 1368 1441 1442 unde
1473 1374 1627 1443 excusat
1655 1386 1696 1443 se
1728 1388 1751 1443 a
1775 1367 2019 1463 descriptione

847 1488 958 1564 huius
977 1498 1173 1585 postvcmae
1191 1488 1456 1585 pulcritudinis,
1470 1488 1557 1583 quia
1574 1487 1695 1563 omnis
1712 1488 1906 1584 descriptio
1923 1497 2021 1567 esset

846 1630 960 1707 parva
977 1616 1014 1685 et
1031 1630 1149 1707 pauca
1167 1610 1214 1685 ad
1232 1608 1532 1685 manifestandam
1548 1608 1654 1683 istam
1675 1608 1841 1683 ultimam
1860 1616 1898 1683 et
1916 1630 2020 1683 snm·

848 1752 948 1807 mam
974 1730 1268 1826 pulcritudinem.
1297 1729 1399 1805 Unde
1422 1729 1528 1805 dicit:
1545 1750 1582 1802 se
1604 1736 1734 1821 poento
1757 1733 1790 1803 si
1813 1732 1889 1803 dice
1907 1732 1946 1803 dr·
1962 1732 2019 1821 nt,

848 1848 950 1946 idest,
977 1850 1005 1926 si
1032 1856 1149 1926 toturn
1176 1851 1211 1924 id
1237 1850 1336 1945 quod
1368 1848 1541 1925 scribitur
1572 1847 1619 1923 de
1649 1847 1895 1945 pulcritudine
1928 1850 2020 1945 eius,

847 1974 956 2066 influo
982 1994 1006 2045 a
1031 1975 1102 2065 poi,
1131 1972 1234 2066 idest,
1251 1992 1318 2068 per
1341 1977 1459 2046 totum
1485 1970 1622 2045 librum
1647 1990 1671 2044 a
1697 1969 1874 2066 principio
1899 1990 2020 2065 usque

847 2092 894 2169 ad
921 2093 1031 2168 istum
1057 2112 1218 2189 passum,
1240 2096 1337 2188 fosse
1359 2094 1544 2166 omeliaco
1573 2098 1657 2165 mtto
1686 2093 1724 2163 ia
1749 2110 1822 2164 mro
1846 2093 1944 2183 todo,
1971 2091 2021 2165 ita

847 2214 946 2310 quod
970 2220 1022 2289 tot
1055 2212 1181 2289 laudes
1211 2212 1452 2308 particulares
1482 2214 1586 2288 lacte
1618 2211 1863 2287 diversimode
1894 2211 1941 2287 de
1977 2232 2021 2287 ea

847 2334 1115 2409 reducerentur
1139 2332 1176 2407 in
1202 2354 1328 2426 unam,
1344 2354 1435 2427 poco
1451 2334 1594 2407 sorellae
1614 2353 1639 2405 a
1653 2336 1774 2429 smair
1795 2338 1915 2425 questo
1935 2336 2020 2425 vice,

847 2453 949 2549 idest,
975 2452 1022 2529 ad
1056 2452 1319 2549 perficiendum
1346 2455 1458 2528 istum
1489 2461 1700 2529 tractatum.
1727 2455 1771 2528 llt
1795 2452 2020 2529 benedicit:

849 2594 935 2649 nam
955 2583 1077 2668 autor,
1094 2574 1325 2650 ascendendo
1350 2574 1532 2672 gradatim
1557 2596 1623 2670 per
1639 2594 1770 2650 omnes
1785 2595 1912 2671 speras
1929 2574 2017 2650 bea·

849 2702 972 2770 torum
992 2700 1030 2770 et
1045 2696 1278 2793 angelorum,
1304 2696 1478 2770 continuo
1495 2694 1783 2791 superexaltavit
1802 2694 2017 2790 pulcritudi-

849 2836 934 2891 nem
961 2816 1156 2909 Beatricis3
1182 2834 1283 2890 nunc
1307 2836 1399 2891 vero
1423 2836 1510 2890 cum
1537 2816 1746 2912 pervenerit
1770 2815 1815 2890 ad
1841 2812 2017 2890 visionem

849 2936 926 3031 Dei,
937 2934 1112 3032 quidquid
1127 2936 1265 3011 diceret
1276 2937 1322 3011 de
1336 2936 1581 3031 pulcritudine
1591 2930 1734 3029 (⁴)esset
1746 2956 1891 3032 parum,
1905 2934 2020 3011 irnmo

850 3057 947 3131 nihil.
961 3062 1075 3131 -Lu
1101 3060 1264 3132 telerna.
1289 3057 1355 3133 llic
1379 3064 1490 3132 autor
1515 3056 1632 3131 reddit
1649 3058 1829 3133 rationem
1848 3058 1905 3131 sui
1922 3058 2017 3153 dicti,

849 3175 990 3252 dicens:
1018 3183 1070 3252 Lo
1094 3178 1248 3252 bettezzc
1273 3180 1372 3251 ctr'io
1398 3180 1471 3251 olda·
1492 3181 1525 3251 si
1548 3178 1744 3268 cosmodin,
1770 3177 1873 3271 idest,
1891 3176 2020 3253 transit

850 3298 1002 3373 modum
1030 3304 1067 3375 et
1094 3318 1320 3392 mensuram,
1346 3318 1418 3372 non
1439 3319 1511 3391 pur
1535 3298 1574 3373 di
1596 3288 1634 3372 ol
1658 3301 1709 3372 do
1731 3302 1806 3389 noi,
1827 3297 1929 3391 idest,
1948 3318 2020 3373 non

849 3418 969 3493 solum
996 3420 1093 3494 nitra
1119 3418 1345 3495 intellectum
1363 3421 1592 3513 humanum3
1610 3425 1649 3495 et
1663 3418 1761 3513 dicit,
1785 3438 1845 3492 nro
1869 3425 1964 3492 certo
1987 3420 2023 3491 io

846 3540 955 3613 credo
978 3542 1039 3613 cte
1062 3542 1138 3614 solo
1163 3543 1191 3614 tt
1213 3562 1277 3614 suo
1290 3544 1414 3636 fultor,
1431 3540 1570 3616 scilicet
1601 3540 1700 3615 Deus
1716 3539 1780 3634 qui
1801 3539 1885 3615 lecit
1906 3540 2020 3635 ipsam

850 3659 1085 3757 theologiam,
1112 3667 1197 3735 tutto
1227 3664 1265 3734 la
1294 3664 1404 3753 poda,
1432 3660 1524 3735 idest
1558 3660 1758 3758 intelligat3
1789 3659 1894 3754 quasi
1925 3658 2024 3735 dicat

848 3785 969 3875 autor,
992 3781 1091 3876 quod
1117 3802 1186 3857 nec
1211 3781 1419 3857 intellectus
1432 3770 1470 3873 (²)
1500 3780 1643 3875 beatus,
1662 3800 1731 3855 nec
1755 3779 1945 3877 angelicus
1969 3780 2024 3853 io·

852 3900 978 3997 telligit
1002 3902 1163 3998 periecte
1188 3903 1319 3998 Deum,
1339 3922 1407 3978 nec
1430 3922 1498 3997 per
1522 3921 1751 3996 consequens
1778 3908 1893 3976 tntam
1918 3902 2024 3978 theo·

851 4018 998 4116 logiam,
1016 4021 1164 4116 quando
1190 4027 1323 4097 tractat
1348 4021 1395 4097 de
1419 4022 1497 4119 ipso
1523 4023 1618 4116 De03
1639 4022 1723 4099 ideo
1748 4024 1844 4099 bene
1862 4022 2022 4098 Simoni·

851 4139 915 4215 des
939 4140 1186 4239 interrogatus
1217 4142 1304 4237 quid
1333 4150 1429 4219 esset
1460 4144 1570 4237 Deos,
1603 4144 1753 4241 egregie
1783 4151 1823 4219 et
1849 4148 1961 4219 caute
1984 4162 2025 4219 se

851 4262 1065 4339 exoneravit
1090 4270 1158 4338 etc.
1174 4268 1295 4337 —Do
1320 4264 1532 4356 mesmillo
1556 4270 1667 4339 autor
1691 4264 1885 4361 prodtotur
1910 4264 2026 4338 insul·-

851 4383 1047 4459 dcientiam
1065 4405 1172 4459 suam
1199 4384 1237 4459 in
1261 4385 1332 4460 hoc
1358 4403 1425 4479 per
1449 4386 1781 4481 comparationem
1800 4393 1838 4462 et
1861 4386 2025 4462 breviter

851 4502 937 4579 dicit
963 4504 1061 4599 quod
1087 4505 1211 4579 nullus
1237 4505 1304 4580 luit
1329 4511 1437 4600 poeta
1460 4525 1637 4600 unquam,
1655 4506 1847 4581 comoedus
1869 4506 1928 4582 vel
1947 4514 2024 4581 tra·

851 4624 983 4721 goedus
1003 4626 1054 4700 ita
1071 4631 1267 4723 superatus
1292 4646 1315 4701 a
1336 4626 1491 4701 materia
1509 4647 1576 4700 sua
1594 4626 1725 4723 ardna,
1746 4648 1860 4722 quam
1876 4647 2025 4703 assum·

853 4744 964 4840 psorit
989 4746 1264 4821 describendam
1279 4736 1331 4841 (ἢ,
1357 4746 1451 4821 sicut
1475 4767 1574 4823 nunc
1591 4746 1668 4844 lpse
1684 4757 1833 4854 nutura
1854 4748 2026 4845 praesenti

917 4936 945 4996 υ)
961 4935 992 4987 n.
1009 4936 1184 5001 pulcritudine
1200 4938 1324 4991 neuram
1340 4936 1409 4987 rores
1425 4950 1527 5002 pram.
1552 4916 1556 4921 ’

917 5007 945 5071 (¹)
962 5008 992 5061 B.
1009 5010 1157 5064 intellectus
1173 5014 1302 5064 humanus
1316 5013 1415 5065 marm
1571 5013 1599 5078 [ἢ
1613 5013 1640 5067 Β.
1656 5014 1689 5065 nd
1705 5014 1876 5066 reddendam.
