4842 6642
771 845 910 905 caurus
933 849 1125 906 vmasmus
1149 849 1327 916 noturus.
1564 838 1639 912 317.

465 990 528 1092 qni
546 989 635 1085 petit
657 989 755 1066 unde
778 991 970 1086 proveniat
994 992 1062 1068 sibi
1079 993 1139 1070 illa
1156 992 1349 1088 certitudo,
1367 993 1466 1089 qnod
1485 995 1545 1073 illa
1565 993 1636 1071 mi-

464 1111 589 1188 racula
614 1111 752 1189 tuerint
777 1112 872 1188 sicut
895 1112 1001 1190 dicit:
1029 1116 1189 1207 asporto
1203 1117 1342 1209 1111111111,
1360 1115 1508 1210 scilioat,
1526 1137 1550 1195 a
1566 1117 1637 1198 Pa·

462 1237 533 1325 tro,
550 1233 612 1324 di',
625 1235 680 1306 ati
695 1235 907 1324 emensa,
932 1234 1035 1332 idest,
1056 1235 1232 1312 certiorat
1249 1241 1296 1330 te,
1314 1239 1374 1310 cle
1390 1239 1500 1330 quelle
1515 1256 1632 1330 opera,

463 1351 610 1447 scilicet,
636 1345 868 1444 miraculosa,
892 1360 1032 1450 soram?
1056 1360 1135 1448 puel
1162 1360 1334 1432 medesmo
1359 1361 1420 1434 cta
1445 1361 1526 1436 vuol
1544 1379 1635 1457 pro-

464 1475 577 1565 varsi,
604 1472 708 1567 idest,
730 1473 817 1548 illud
835 1495 967 1552 rernm
986 1477 1085 1570 qnod
1105 1475 1231 1551 dicunt
1248 1477 1456 1574 scripturae3
1474 1487 1512 1554 at
1528 1478 1634 1560 dicite

462 1615 535 1670 non
551 1597 636 1668 otti
652 1598 680 1668 u
695 1598 721 1670 a·
737 1598 858 1686 ptura,
871 1580 979 1690 idest,
996 1617 1045 1670 an
1069 1596 1163 1672 alius
1188 1597 1384 1674 confirmat
1404 1600 1474 1676 hoc
1491 1600 1552 1676 tibi
1569 1594 1635 1692 (¹)i

465 1718 571 1788 -Sc
594 1717 624 1789 il
645 1718 786 1790 mondo.
814 1715 879 1790 llic
903 1724 1015 1792 antor
1040 1717 1236 1813 respondet
1265 1717 1426 1812 petitioni
1457 1719 1572 1812 raom,
1597 1725 1636 1798 ot

464 1833 628 1912 breviter
651 1833 797 1910 ridetur
821 1855 983 1931 arguere
1007 1835 1078 1911 sic:
1106 1837 1163 1912 vel
1188 1837 1249 1914 llla
1280 1837 1430 1916 luerunt
1455 1838 1633 1918 miracuta

465 1954 523 2032 rel
549 1974 643 2047 non;
670 1974 757 2030 nam
782 1955 950 2048 sequitur
976 1957 1076 2050 qnod
1107 1964 1366 2051 processerunt
1397 1959 1445 2038 ab
1480 1958 1540 2032 illo
1571 1957 1634 2052 qul

464 2081 520 2149 ast
535 2080 683 2150 creator
703 2081 862 2170 natnroe3
882 2075 912 2149 si
932 2075 1095 2171 luerunt,
1111 2077 1229 2152 liabeo
1247 2077 1487 2174 propositum,
1501 2077 1530 2152 si
1549 2097 1635 2170 non,

463 2201 501 2274 et
524 2214 655 2270 omncs
680 2194 842 2270 infideles
867 2196 946 2271 sine
971 2197 1082 2294 signis
1111 2197 1230 2272 solum
1262 2217 1327 2293 per
1359 2197 1472 2276 verba
1507 2197 1638 2302 praedi·

462 2313 625 2393 mnrium
657 2314 892 2395 crediderunt
924 2323 962 2391 et
994 2323 1213 2412 receperunt
1243 2316 1464 2412 baptismum
1501 2323 1537 2393 ct
1569 2337 1637 2392 no·

463 2455 546 2513 ram
567 2433 697 2528 fidem;
715 2435 811 2513 istud
837 2443 892 2513 est
920 2457 1035 2512 unum
1055 2443 1130 2510 tam
1152 2436 1381 2512 excessivnm
1402 2437 1634 2532 miraculum,

464 2555 564 2648 quod
590 2561 724 2630 catera
750 2555 929 2632 miracula
956 2577 1040 2651 qum
1065 2557 1277 2632 scribuntur
1295 2577 1367 2630 non
1385 2563 1471 2630 sunt
1487 2557 1533 2631 de
1550 2577 1637 2637 ceu-

466 2682 544 2748 tnm
573 2677 739 2772 partibus
766 2697 849 2753 una.
884 2676 976 2752 Dicit
1005 2697 1114 2772 ergo:
1148 2679 1241 2748 noc
1254 2679 1310 2750 io:
1342 2697 1379 2750 sc
1405 2678 1430 2752 'l
1452 2680 1580 2750 morrdo
1604 2681 1636 2762 ri

461 2800 592 2870 monice
615 2800 654 2869 al
678 2800 930 2889 misdonesmo,
956 2796 985 2872 si
1011 2817 1078 2893 pro
1104 2797 1202 2890 qnia,
1229 2795 1316 2891 quia
1342 2801 1441 2870 totus
1474 2797 1635 2874 mundus

463 2917 510 2995 de
534 2923 639 3014 parto
663 2918 710 2992 ad
736 2925 877 3013 partem
903 2917 1084 2994 convertit
1108 2937 1149 2992 so
1173 2916 1221 2990 ad
1245 2916 1480 2998 christianam
1512 2917 1634 3013 fidem,

464 3059 574 3114 ranzo
590 3040 764 3132 mdocott,
784 3042 987 3132 paestano,
1007 3038 1110 3130 idest,
1132 3037 1228 3111 istnd
1253 3037 1371 3112 solnm
1401 3038 1634 3132 miraculum,

358 3216 366 3224 .
464 3155 484 3232 ὁ
507 3163 589 3248 tole,
615 3159 718 3253 idest,
744 3165 800 3233 est
825 3167 900 3232 tam
926 3158 1120 3253 excellens,
1140 3160 1201 3232 rte
1217 3160 1268 3250 pti
1284 3161 1380 3252 altri,
1401 3158 1548 3252 scilicet,
1567 3158 1635 3234 mi-

464 3278 602 3372 racola,
628 3299 700 3352 non
725 3299 814 3351 sono
843 3282 870 3351 it
897 3286 1079 3368 cmtesmo,
1106 3278 1209 3371 idest,
1242 3276 1441 3354 centesima
1471 3297 1566 3373 pars.
1594 3277 1636 3354 Et

463 3400 594 3495 probat
618 3398 756 3477 dietum
783 3421 892 3472 snum
912 3420 976 3495 per
997 3399 1208 3494 exemplum
1228 3399 1338 3494 ipsius
1356 3398 1470 3492 Petri,
1493 3405 1531 3472 et
1547 3398 1632 3472 bre-

463 3518 558 3597 viter
588 3520 668 3596 vult
697 3519 840 3594 dicere:
867 3520 953 3614 quia
980 3525 1033 3613 tn,
1058 3528 1184 3593 sancte
1208 3521 1328 3612 Petro,
1363 3539 1436 3594 non
1462 3518 1633 3595 induxisti

463 3638 629 3712 hominos
654 3639 701 3714 ad
725 3638 947 3714 credendam
975 3659 1109 3714 novam
1135 3638 1243 3713 fidem
1271 3659 1337 3736 per
1363 3657 1531 3732 munera,
1555 3659 1635 3712 mo-

464 3766 586 3834 netam
603 3760 661 3835 vel
677 3760 808 3834 similia
827 3759 1084 3852 blandimenta,
1099 3758 1184 3852 qnia
1200 3779 1285 3834 eras
1303 3778 1442 3854 pauper
1460 3757 1634 3864 piscator,

464 3880 549 3955 dicit
573 3901 687 3976 ergo:
715 3885 775 3954 cle
805 3888 841 3956 tu
874 3884 1020 3957 entrare·
1048 3902 1183 3973 pavero
1214 3903 1232 3956 e
1263 3882 1405 3970 dipiuno
1429 3881 1467 3952 in
1497 3900 1635 3972 compo,

464 3998 568 4091 idest,
593 3999 629 4074 in
656 4002 836 4076 mnndum
865 4008 902 4076 et
927 4001 1022 4076 inter
1043 4000 1221 4094 hominos,
1247 4021 1272 4074 a
1295 4003 1451 4074 seminar
1467 4003 1503 4073 to
1520 4001 1636 4074 duona

460 4123 598 4212 picato,
631 4120 734 4214 idest,
769 4119 878 4196 fidem
912 4119 1139 4214 catholicam,
1171 4122 1232 4194 clre
1257 4123 1298 4214 su
1327 4109 1388 4210 pot
1423 4121 1499 4212 otta,
1534 4118 1635 4214 idest,

464 4239 664 4334 fructuosa,
689 4249 723 4316 et
745 4262 814 4314 oro
838 4237 970 4336 osana
989 4261 1123 4333 pruno,
1149 4240 1252 4332 idest,
1278 4239 1435 4335 spinosa,
1452 4237 1583 4314 sterilis
1600 4245 1637 4319 et

464 4360 702 4436 infructuosa.
729 4361 774 4434 Et
797 4360 856 4435 hic
881 4367 979 4454 nota,
1005 4361 1131 4453 lector,
1158 4357 1258 4453 qnod
1287 4357 1399 4457 aliqui
1430 4358 1547 4434 solent
1579 4358 1636 4438 hic

465 4479 644 4559 obiicere:
671 4462 793 4558 nonne
818 4480 936 4557 simile
961 4481 1182 4556 miraculum
1202 4478 1286 4554 lacit
1306 4479 1556 4554 Machametns
1573 4478 1636 4574 qui

465 4607 519 4678 tot
548 4600 715 4676 nationes
747 4600 938 4676 credentes
973 4600 1079 4676 istam
1114 4599 1226 4674 tidem
1251 4597 1298 4674 ad
1332 4619 1373 4674 se
1409 4598 1546 4675 traxit?
1578 4619 1637 4674 re-

464 4721 626 4816 spondeo
651 4721 749 4816 quod
775 4741 860 4814 non,
887 4721 972 4814 qnia
1000 4720 1086 4796 lioet
1110 4719 1266 4795 traxerit
1292 4739 1465 4816 magnam
1491 4727 1634 4814 partem

528 4987 556 5049 (¹)
572 4985 604 5035 Β.
619 4985 676 5036 noe
691 4985 738 5036 tlbl
752 4999 811 5050 qne
827 4985 965 5035 111111111-
975 4985 1013 5034 Se.
