4842 6642
809 831 880 902 32⁰
1199 846 1403 902 connnrnnr
1428 847 1595 914 nannoni

808 996 898 1086 Apta·
912 996 963 1084 nt·
978 995 1087 1084 occdi,
1099 993 1246 1087 scilicet,
1265 985 1550 1068 intellectualem
1568 991 1870 1088 speculationem,
1889 1015 1908 1066 e
1926 997 1980 1068 ri-

806 1116 950 1203 quardo
967 1117 1053 1207 quot
1066 1135 1131 1188 son
1148 1116 1205 1208 io,-
1219 1120 1256 1188 ot
1268 1112 1399 1209 probat
1412 1110 1511 1208 quod
1522 1111 1655 1222 debeat
1672 1131 1777 1206 posse
1795 1113 1979 1210 respicere

808 1234 1091 1328 pulcritudinem
1119 1234 1319 1308 maximam
1346 1233 1437 1327 eius,
1455 1232 1597 1308 dicens:
1617 1240 1651 1306 tu
1668 1235 1729 1306 boi
1746 1237 1866 1310 oecon
1888 1255 1979 1326 cose,

807 1354 1001 1430 essentiam
1020 1353 1162 1448 Christi,
1182 1355 1243 1430 cde
1256 1355 1304 1428 sd
1314 1357 1404 1448 sotto
1417 1360 1577 1447 poscente
1597 1375 1621 1426 a
1645 1361 1820 1430 sosteaere
1844 1359 1879 1430 lo
1903 1358 1980 1430 riso

808 1456 890 1568 mio,
910 1467 1070 1568 quemd)
1089 1474 1213 1583 paullo
1229 1481 1316 1549 ante
1332 1494 1406 1550 non
1423 1481 1570 1569 poteras
1589 1471 1886 1550 sustinere-Io
1902 1497 1977 1549 ern.

810 1593 873 1670 llic
903 1601 1016 1669 antor
1047 1594 1203 1670 ostendit
1234 1615 1341 1670 snam
1373 1593 1643 1690 dispositionem
1676 1595 1723 1670 ad
1756 1595 1977 1672 oblationem

808 1713 981 1789 Beatricis
1006 1735 1071 1810 per
1098 1735 1210 1789 unam
1238 1715 1550 1811 comparationem
1575 1715 1782 1811 propriam3
1800 1725 1837 1791 et
1857 1715 1980 1792 breri-

809 1835 963 1912 terruit
981 1835 1104 1911 dicere
1129 1835 1229 1929 qnod
1255 1841 1336 1912 erat
1361 1857 1460 1911 nune
1479 1835 1604 1911 similis
1622 1835 1670 1910 illi
1689 1837 1753 1931 qni
1773 1837 1980 1932 somniavit,

808 1963 846 2031 et
870 1955 1003 2050 qnaerit
1025 1957 1212 2038 somnium
1238 1957 1283 2032 ad
1311 1955 1527 2032 memoriam
1552 1976 1730 2032 revocare
1755 1977 1823 2034 nec
1847 1965 1977 2054 potest.

809 2075 900 2152 [licit
916 2096 1025 2172 ergo:
1042 2079 1084 2149 lo
1100 2097 1165 2149 era
1180 2097 1277 2150 come
1293 2080 1371 2169 poet
1386 2079 1446 2150 cde
1461 2079 1493 2150 si
1508 2078 1647 2168 mente,
1665 2076 1812 2171 scilicet,
1829 2079 1978 2173 quando

808 2196 964 2295 evigilat,
977 2199 1016 2271 di
1028 2199 1158 2271 visione
1172 2198 1293 2290 oblito,
1305 2197 1408 2291 idest,
1422 2196 1593 2272 oblivioni
1610 2197 1754 2292 tradita,
1771 2219 1791 2270 e
1810 2200 1871 2273 ete
1887 2201 1977 2272 s’io-

807 2338 923 2409 papam
947 2320 1102 2391 todomo
1127 2319 1166 2391 di
1187 2319 1360 2392 adortae
1383 2319 1457 2390 nito
1482 2325 1605 2408 oeae,
1628 2324 1666 2393 et
1692 2325 1815 2394 tanmn
1842 2318 1979 2394 frustra

807 2437 934 2535 fatigat
959 2437 1160 2534 ingenium,
1178 2438 1264 2532 quia
1291 2458 1364 2512 non
1389 2443 1508 2533 potest
1534 2438 1730 2512 recordari.
1750 2438 1793 2512 Et
1815 2437 1872 2512 bic
1890 2445 1976 2514 nota

809 2558 908 2652 qnod
935 2557 1002 2632 ista
1027 2563 1083 2632 est
1107 2556 1355 2654 propriissime
1388 2556 1636 2654 comparatio;
1662 2557 1879 2633 sicutenim
1910 2558 1977 2634 ali-

808 2675 955 2772 quando
980 2677 1093 2752 bomo
1118 2697 1185 2774 per
1209 2677 1385 2754 visionem
1412 2676 1510 2754 videt
1537 2698 1616 2754 rem
1638 2677 1809 2771 nobilem,
1828 2677 1979 2754 mirabi-

809 2799 881 2874 lem
908 2805 945 2872 et
970 2798 1261 2893 memorabilem,
1281 2820 1393 2894 qnam
1415 2805 1570 2874 conatur
1595 2797 1642 2874 ad
1669 2797 1888 2874 memoriam
1917 2819 1979 2874 re-

808 2917 955 3013 ducere,
970 2939 1038 2994 nec
1051 2925 1170 3015 potest
1183 2939 1334 3014 quoquo
1349 2918 1476 3012 modo;
1494 2919 1584 2994 itae
1602 2917 1837 2992 simili'antor
1855 2925 1979 2996 noster

809 3058 875 3132 per
899 3036 1181 3114 abstractionem
1207 3039 1340 3114 mentis
1371 3037 1512 3114 viderat
1542 3057 1621 3114 rem
1653 3035 1916 3112 nobilissimam
1942 3045 1978 3113 et

810 3155 1126 3253 mirabilissimam,
1151 3157 1285 3242 scilicet
1298 3149 1336 3251 (²)
1363 3177 1555 3254 personam
1579 3157 1721 3252 Christi,
1741 3177 1809 3232 nec
1834 3165 1979 3253 poterat

810 3277 990 3354 reminisci
1015 3278 1165 3374 qualem
1189 3279 1330 3354 viderat
1355 3279 1483 3374 ipsam.
1501 3278 1621 3373 Aliqui
1647 3286 1771 3354 tamen
1791 3279 1861 3354 boc
1883 3278 1979 3354 rele-

809 3407 896 3474 rnnt
927 3399 973 3474 ad
1012 3398 1294 3494 pulcritudinem
1329 3399 1519 3494 Beatrieis,
1558 3419 1670 3496 quarn
1710 3406 1820 3475 auter
1859 3401 1979 3476 luerat

807 3514 1081 3616 quodammodo
1105 3519 1251 3614 oblitus,
1275 3520 1324 3595 ita
1351 3520 1449 3615 quod
1474 3541 1572 3596 nuno
1599 3540 1671 3595 non
1697 3526 1840 3616 poterat
1866 3519 1978 3596 remi·

808 3640 894 3716 nisoi
920 3641 1010 3715 eins.
1035 3640 1106 3715 Sed
1132 3639 1232 3736 prior
1258 3641 1435 3736 expositio
1460 3641 1541 3737 plus
1567 3640 1654 3716 mibi
1680 3642 1808 3737 placet.
1828 3641 1872 3714 et
1888 3640 1978 3714 snb·

805 3760 877 3836 dit:
903 3761 984 3836 talis
1008 3765 1281 3855 eram-quood
1294 3765 1330 3836 to
1359 3764 1429 3836 udi
1442 3770 1561 3854 questa
1588 3767 1764 3856 profferto
1793 3765 1910 3854 mpod
1937 3764 1975 3837 di

806 3889 902 3958 teoto
926 3884 1057 3977 prodo,
1085 3881 1231 3976 scilicet,
1258 3903 1345 3958 cnm
1371 3883 1518 3958 Beatrir
1541 3883 1650 3958 dixit:
1676 3887 1760 3977 apri
1786 3885 1838 3975 pli
1864 3884 1971 3976 molti,

807 4024 891 4099 qnae
916 4002 1050 4078 oblatio
1075 4010 1155 4078 erat
1180 4003 1288 4101 digna
1314 4010 1414 4080 tanta
1440 4002 1645 4100 gratiarum
1672 4003 1815 4078 actione
1835 4011 1872 4078 et
1889 4022 1978 4100 gra·

807 4124 1013 4218 titicatione,
1039 4127 1099 4197 cte
1123 4126 1196 4198 moi
1219 4144 1292 4198 oon
1318 4127 1350 4198 st
1381 4126 1516 4216 otioque
1539 4127 1597 4200 del
1620 4123 1719 4216 libro,
1749 4123 1851 4218 idest,
1877 4123 1976 4219 qnod

807 4265 1013 4340 numquam
1030 4245 1200 4320 aboletur
1217 4245 1264 4320 de
1291 4244 1482 4339 memoria,
1499 4245 1559 4318 cte
1570 4247 1596 4318 ’1
1607 4245 1772 4337 preterito
1787 4264 1973 4336 rossepoo,

806 4365 894 4460 qnia
919 4363 1099 4440 memoria
1123 4371 1181 4440 est
1205 4364 1296 4441 liber
1322 4364 1359 4439 in
1384 4385 1460 4460 quo
1487 4363 1671 4459 praeterita
1704 4363 1976 4458 describuntur,

807 4485 856 4560 ita
882 4485 982 4581 qnod
1006 4485 1052 4560 de
1076 4487 1245 4581 praesenti
1266 4485 1443 4562 sciuntur.
1459 4489 1562 4558 -Se
1581 4505 1649 4558 mo.
1671 4483 1735 4558 Hic
1759 4490 1870 4559 antor
1891 4482 1974 4558 lacit

805 4605 1084 4702 descriptionem
1110 4605 1433 4702 superexcellentis
1462 4611 1498 4680 et
1525 4603 1814 4680 transcendentis
1839 4603 1975 4700 pulcri-

808 4725 941 4800 tudinis
958 4725 1150 4818 Beatricis3
1167 4735 1205 4801 et
1230 4725 1492 4802 sententialiter
1518 4731 1555 4800 et
1579 4724 1793 4826 summatim
1818 4725 1899 4800 vult
1922 4723 1977 4798 di·

867 4910 897 4971 l'l
913 4909 943 4961 lt
960 4924 976 4962 e
992 4911 1016 4961 b
1033 4925 1111 4976 qne·
1128 4917 1215 4964 tamen
1231 4910 1327 4976 paullo.

869 4983 897 5050 (¹)
912 4987 944 5038 B.
960 4986 1059 5040 scilicet
1073 4990 1210 5042 modam
1226 4988 1287 5040 lesu
1304 4987 1408 5050 christi,
1424 5001 1474 5040 nec
1490 4991 1582 5052 potest
