4842 6642
773 840 910 897 caurus
934 842 1152 899 rursusruus
1175 843 1339 898 rsnrrus.
1568 830 1637 898 525

464 987 641 1062 divinum.
660 988 704 1062 ut
720 986 824 1062 dicit:
851 994 887 1061 tu
909 990 989 1062 soto
1012 991 1173 1062 metuar
1191 991 1241 1062 do
1265 995 1309 1083 te,
1337 995 1370 1062 et
1392 991 1585 1064 uendente
1608 996 1639 1060 te

463 1111 582 1182 mildi
604 1109 649 1182 ed
670 1110 755 1202 onii,
783 1106 888 1202 idest,
906 1107 1101 1204 applaudis
1125 1114 1163 1184 et
1187 1109 1414 1205 complaces;
1431 1113 1545 1203 qesta
1565 1112 1640 1182 otr-

463 1231 657 1322 ooluziono,
685 1227 788 1322 idest,
816 1228 944 1324 triplex
970 1229 1131 1304 circulus
1144 1229 1339 1324 Trinitatis,
1365 1233 1425 1304 cto
1446 1223 1638 1324 poreoosi

462 1355 615 1423 ooncetto
639 1351 677 1422 io
702 1354 747 1440 te,
767 1347 862 1422 sicut
882 1349 1058 1444 scriptum
1079 1356 1135 1423 est
1150 1350 1275 1444 paullo
1293 1370 1416 1446 supra,
1435 1371 1531 1424 como
1549 1353 1639 1424 tonte

461 1473 617 1563 reflecto,
651 1466 739 1563 quia
769 1489 843 1544 una
877 1468 1067 1545 circulatio
1095 1469 1255 1565 jaciebat
1289 1469 1410 1545 radios
1441 1471 1478 1544 in
1512 1470 1636 1564 aliam,

463 1591 632 1682 alquanto
665 1590 910 1681 niconrpetto,
947 1588 1051 1684 idest,
1082 1590 1289 1685 paullulum
1319 1590 1547 1666 considerata
1578 1589 1639 1666 vel

464 1709 626 1804 inspecta
643 1709 797 1804 circum,
811 1711 911 1800 dupli
921 1711 1017 1782 occdi
1028 1713 1120 1800 ouo,
1133 1710 1451 1806 intellectualibus,
1466 1716 1514 1784 mi
1521 1732 1637 1804 paroc

461 1831 563 1922 pinta
586 1835 621 1902 et
639 1831 798 1920 figurato
822 1831 948 1902 denuo
971 1831 1021 1903 do
1044 1826 1096 1921 se',
1120 1828 1224 1924 idest,
1250 1829 1346 1905 intra
1372 1831 1488 1927 ipsam
1518 1831 1640 1906 circu·

463 1949 651 2043 lationem,
676 1951 735 2024 del
756 1969 821 2023 suo
850 1952 968 2023 colore
997 1955 1117 2044 stesso,
1145 1949 1292 2044 scilicet,
1317 1950 1524 2044 divinitatis,
1550 1951 1636 2045 quia

381 2160 385 2169 ¹
464 2069 552 2144 nibil
578 2069 705 2166 recipit
730 2068 778 2144 ab
802 2076 920 2164 extra,
945 2071 1038 2144 detto
1061 2076 1186 2144 nocuo
1216 2074 1323 2163 effipe,
1350 2070 1452 2164 idest,
1479 2070 1639 2168 imagine

464 2191 642 2284 bumana,
659 2189 746 2285 quia
767 2188 903 2266 scilicet
927 2190 1137 2265 humanitas
1153 2189 1286 2266 Christi
1303 2195 1359 2265 est
1376 2188 1424 2264 ibi
1444 2189 1639 2266 coniuncta

461 2329 550 2385 cum
576 2309 788 2405 divinitate;
814 2315 853 2385 et
877 2308 983 2384 dicit:
1006 2303 1135 2404 perebo*
1153 2312 1180 2383 ’t
1208 2313 1279 2384 mio
1309 2312 1384 2384 viso
1414 2313 1452 2383 in
1482 2312 1526 2383 lei
1556 2317 1640 2384 ooo

462 2451 530 2504 ero
556 2451 681 2522 merso,
706 2429 811 2524 idest,
835 2436 985 2525 propter
1009 2428 1110 2525 quod
1126 2429 1331 2505 intellectus
1352 2450 1458 2505 meus
1482 2429 1532 2504 ita
1558 2436 1639 2504 erat

465 2550 562 2625 fixus
592 2550 630 2625 in
661 2550 759 2626 illam
793 2549 993 2648 imaginem
1017 2552 1233 2626 humanam.
1247 2591 1297 2606 -
1313 2553 1411 2639 Quot.
1439 2549 1503 2624 llic
1528 2557 1640 2625 autor

464 2670 593 2747 nititur
609 2671 805 2754 ostendere
824 2671 1011 2765 quomodo
1030 2671 1089 2746 bic
1105 2670 1189 2746 lecit
1205 2671 1377 2746 ultimum
1399 2671 1446 2746 de
1463 2670 1638 2766 potentia,

464 2797 503 2867 et
527 2791 711 2866 contraxit
734 2811 865 2866 omnes
890 2790 987 2867 vires
1010 2790 1144 2866 anime
1168 2791 1206 2865 in
1230 2810 1362 2884 unum,
1380 2790 1408 2864 si
1433 2789 1527 2864 torte
1551 2810 1635 2885 pos-

466 2918 522 2987 set
546 2909 683 3004 aliquid
707 2909 900 3006 imaginari
925 2909 973 2985 ad
994 2909 1324 2986 manifestationem
1341 2909 1445 2985 istius
1464 2909 1637 2985 humaui·

466 3029 560 3105 tatis.
587 3029 632 3103 llt
663 3028 820 3125 explicat
851 3050 1040 3104 summum
1072 3036 1245 3104 conatum
1278 3050 1387 3104 suum
1424 3050 1490 3126 per
1521 3050 1636 3105 unam

466 3149 779 3246 comparationem
801 3149 1110 3247 elegantissimam
1125 3149 1172 3226 de
1190 3156 1395 3247 geometra,
1421 3151 1485 3245 qui
1509 3151 1637 3226 volens

400 3279 403 3287 '
466 3289 686 3347 mensurare
701 3270 884 3346 circulum
908 3270 995 3346 colit
1019 3291 1061 3346 se
1085 3277 1204 3346 totum
1222 3270 1309 3365 sibi;
1328 3277 1366 3346 et
1385 3269 1553 3366 quamvis
1571 3291 1640 3344 au-

464 3397 523 3466 tor
548 3390 718 3466 videatur
743 3390 843 3484 loqui
874 3390 1124 3467 communiter
1147 3391 1194 3466 de
1218 3390 1422 3486 geometria
1438 3385 1486 3484 (⁴),
1514 3397 1638 3466 tamen

464 3509 532 3585 iste
557 3517 662 3586 actus
687 3517 726 3585 et
748 3531 857 3586 casus
881 3531 994 3606 quem
1028 3509 1130 3607 ponit
1165 3509 1326 3584 maxime
1355 3508 1566 3584 verificatur
1591 3505 1639 3584 de

463 3629 682 3706 Archimede
706 3630 939 3727 philosopho:
965 3630 1012 3706 ad
1031 3629 1137 3736 guod
1161 3636 1216 3704 est
1240 3629 1517 3724 prenotandum
1530 3627 1636 3724 ¹quod

463 3750 558 3826 sicut
582 3749 707 3825 scribit
730 3749 833 3826 litus
856 3750 980 3825 Livius
1003 3757 1073 3826 etc
1091 3751 1197 3824 Nunc
1219 3748 1300 3826 vide
1316 3749 1460 3824 literam
1480 3770 1564 3844 quae
1582 3756 1638 3824 est

464 3870 517 3944 sic
529 3869 747 3945 ordinanda:
760 3875 803 3945 lo
814 3891 881 3944 ero
896 3872 986 3945 tolo
1005 3871 1120 3962 pecua
1132 3872 1221 3944 visto
1241 3889 1358 3944 nuovo
1375 3871 1460 3961 quot
1478 3865 1636 3961 e'ilpeo-

465 3997 578 4066 metru
602 3993 663 4064 cte
686 3997 770 4066 tutto
792 3993 948 4084 s'osltpe,
976 3989 1079 4084 idest,
1105 3989 1183 4087 llgit
1206 4009 1248 4066 se
1263 3995 1310 4065 -et
1335 3989 1468 4084 firmat,
1483 4011 1551 4082 per
1570 3991 1637 4063 mi-

464 4133 575 4186 suror
599 4115 634 4186 lo
659 4113 808 4204 cercta'o,
832 4133 852 4184 e
874 4132 949 4185 ooo
981 4113 1122 4184 titrow
1149 4113 1229 4202 pet
1249 4113 1425 4204 pmnmpt'o
1454 4111 1545 4184 onde
1568 4112 1637 4201 epti

465 4235 596 4328 indige,
615 4231 718 4328 idest,
735 4253 811 4328 quo
831 4231 988 4330 indiget3
1007 4229 1104 4306 unde
1120 4229 1261 4305 subdit:
1279 4233 1385 4306 ceder
1402 4233 1524 4307 volcoo
1539 4251 1636 4306 conte

465 4354 488 4427 1²
499 4357 633 4445 inope,
658 4352 805 4447 scilicet,
831 4353 1007 4445 bumana,
1030 4353 1063 4425 ri
1086 4371 1261 4425 convenae
1286 4353 1325 4425 al
1352 4352 1501 4444 cercido,
1532 4349 1637 4444 idest,

465 4472 708 4548 conformavit
731 4491 772 4548 se
796 4471 973 4548 divinitati
998 4471 1097 4546 intus
1125 4491 1219 4566 quas
1252 4470 1352 4545 nulla
1382 4468 1527 4545 videtur
1557 4491 1638 4545 esse

465 4592 784 4689 proportionaliter
809 4591 1013 4687 loquendo;
1040 4589 1138 4666 unde
1166 4590 1269 4665 dicit:
1304 4612 1324 4664 e
1357 4611 1453 4664 come
1483 4593 1518 4664 oi
1540 4592 1637 4664 sin-

465 4714 572 4808 dooa,
600 4712 704 4806 idest,
725 4712 885 4788 situatur
909 4719 947 4786 et
976 4712 1120 4786 locatur
1151 4709 1189 4784 in
1221 4729 1276 4784 ea.
1309 4711 1352 4784 ut
1383 4709 1504 4784 subdit
1528 4715 1638 4785 autor

530 4971 560 5039 (¹)
576 4975 607 5025 B.
624 4979 766 5040 geometra.
