4842 6642
768 874 907 930 caurus
930 875 1123 932 mersimus
1147 874 1344 931 sucuuous.
1567 863 1638 934 293

469 1020 613 1114 Dantes,
638 1040 806 1112 oppresso
831 1022 869 1094 di
890 1027 1044 1113 stupore,
1069 1019 1218 1113 scilicet,
1248 1019 1381 1093 mentis
1406 1027 1556 1114 propter
1582 1026 1640 1095 to-

468 1139 634 1214 nitruum
654 1146 876 1236 generatum
892 1159 939 1214 ex
957 1140 1122 1215 clamore
1139 1139 1286 1214 iliarum
1304 1139 1514 1214 animarum
1537 1160 1640 1215 com·

469 1259 721 1335 mendantium
746 1259 883 1335 dictum
910 1259 1007 1336 Petri
1032 1259 1198 1335 Damiani
1229 1265 1266 1334 et
1297 1259 1640 1340 clamantiumvin-

468 1379 602 1456 dictam
628 1380 675 1455 ad
700 1380 818 1456 Deum
843 1379 890 1456 de
916 1380 1021 1456 malis
1046 1380 1253 1476 pastoribus
1279 1379 1451 1474 ecclesiae,
1479 1385 1528 1455 mi
1554 1385 1641 1456 votsi

469 1503 542 1575 alta
567 1503 640 1574 mio
661 1503 783 1593 prado,
809 1501 955 1596 scilicet,
976 1501 1094 1597 retugi
1110 1501 1156 1576 ad
1178 1500 1394 1576 beatricem.
1413 1503 1457 1574 ut
1478 1502 1535 1576 hic
1554 1511 1639 1578 nota

469 1621 569 1716 quod
592 1628 703 1697 autor
727 1623 854 1718 pulcre
880 1622 983 1720 tingit
1008 1624 1088 1717 boc,
1111 1621 1198 1717 quia
1218 1621 1265 1696 de
1285 1621 1337 1697 rei
1364 1621 1518 1698 veritate
1537 1643 1640 1698 mens

468 1743 550 1818 eius
569 1745 607 1819 et
622 1742 743 1817 omnis
766 1741 938 1838 sapientis
961 1763 1060 1838 saepe
1084 1742 1294 1838 exagitatur
1315 1763 1451 1839 magno
1476 1750 1638 1839 stupore,

468 1861 616 1957 quando
639 1863 845 1938 considerat
869 1863 964 1938 dicta
990 1862 1088 1938 Petri
1105 1861 1274 1937 Damiani
1294 1847 1422 1938 contra
1441 1863 1525 1938 vitia
1545 1883 1640 1958 prae·

381 2005 386 2012 ·
468 1981 642 2076 latorum,
680 1990 719 2057 et
754 1982 842 2080 legit
873 1989 926 2057 tot
962 2001 1072 2056 voces
1109 1981 1267 2057 aliorum
1301 1981 1508 2076 doctorum,
1546 1984 1641 2060 sicut

468 2101 690 2198 Hieronymi,
716 2102 904 2196 Bernardi,
930 2110 969 2178 et
999 2103 1200 2177 multorum
1231 2101 1430 2177 dicentium
1461 2104 1577 2200 idem3
1604 2111 1641 2180 et

468 2221 614 2298 ridetur
638 2222 705 2296 sibi
731 2223 940 2297 horribilius
956 2223 1057 2297 omni
1075 2231 1251 2316 monstro,
1268 2223 1366 2316 quod
1385 2223 1483 2298 Deus
1502 2225 1565 2318 qui
1585 2231 1641 2300 to-

470 2350 549 2417 tum
578 2341 683 2440 regit,
704 2342 805 2438 juste
829 2343 1025 2440 gubernat,
1046 2350 1084 2418 et
1108 2344 1229 2417 solum
1255 2342 1351 2417 bona
1378 2345 1457 2418 vult
1481 2351 1518 2419 et
1544 2346 1640 2419 mala

468 2461 563 2537 relle
583 2483 656 2537 non
673 2469 802 2559 potest,
827 2463 1005 2540 sustineat
1026 2462 1121 2538 talia.
1140 2462 1243 2538 Unde
1261 2483 1332 2560 ego
1352 2463 1548 2559 aliquando
1565 2485 1639 2540 non

467 2582 547 2658 sine
573 2604 708 2680 magna
732 2583 975 2659 admiratione
1000 2583 1141 2678 notavi,
1161 2590 1287 2658 tamen
1311 2583 1346 2658 in
1374 2591 1472 2659 tanta
1491 2591 1639 2680 pertur-

469 2703 615 2799 batione
641 2704 772 2778 mcutis
797 2703 956 2780 recurrit
978 2703 1025 2778 ad
1051 2703 1267 2797 Beatricem,
1293 2704 1395 2799 idest,
1422 2704 1470 2790 ad¹
1494 2725 1638 2780 sacram

470 2823 804 2919 scripturamque
822 2825 1051 2901 demonstrat
1074 2824 1140 2899 sibi
1167 2825 1324 2920 qualiter
1342 2827 1440 2902 Deus
1465 2847 1533 2901 sua
1551 2848 1639 2922 pro-

469 2943 627 3020 videntia
654 2944 720 3020 ista
745 2944 920 3041 permittit
950 2945 1076 3020 multis
1099 2943 1147 3020 de
1176 2945 1308 3040 causis,
1335 2945 1419 3022 licet
1443 2947 1556 3023 bomo
1583 2955 1641 3022 to·

468 3071 545 3139 tam
560 3057 600 3157 (¹)
632 3064 758 3142 videre
787 3085 861 3140 non
896 3064 1025 3161 possit;
1061 3085 1147 3140 nam
1180 3085 1277 3161 saepe
1309 3073 1458 3164 propter
1490 3074 1640 3164 peccata

468 3183 698 3259 subditorum
717 3185 893 3280 permittit
910 3186 1027 3261 malos
1043 3190 1208 3280 pastores
1225 3192 1262 3260 et
1279 3187 1507 3282 hypocritam
1524 3179 1561 3282 (²)
1581 3209 1640 3264 re-

467 3325 594 3400 gnare.
620 3305 665 3381 Et
689 3305 852 3382 declarat
876 3327 985 3380 suum
1018 3325 1210 3380 recursum
1227 3295 1265 3398 (³)
1297 3324 1361 3401 per
1395 3309 1640 3403 comparatio-

467 3443 553 3498 nem
574 3425 758 3520 pulcram,
784 3425 926 3502 dicens:
955 3430 1058 3500 Come
1082 3428 1216 3518 parom
1245 3428 1305 3498 cltc
1336 3429 1474 3502 ricorre
1504 3449 1642 3521 sempre

467 3535 546 3619 cotd
570 3548 658 3620 dove
679 3542 741 3639 ptri
764 3550 796 3620 si
819 3549 972 3640 confide,
1000 3545 1148 3640 scilicet,
1174 3544 1220 3620 ad
1249 3551 1404 3622 matrem
1436 3548 1496 3622 rel
1522 3549 1641 3622 nutri·

423 3727 432 3736 ,
468 3685 561 3741 cem.
588 3667 691 3742 Unde
716 3674 801 3742 nota
828 3666 926 3761 quod
951 3666 1177 3760 comparatio
1197 3672 1255 3740 est
1273 3665 1420 3761 propria
1436 3668 1483 3743 de
1500 3667 1573 3744 tilio
1593 3669 1641 3744 ad

469 3792 645 3880 matrem;
663 3793 744 3862 erat
760 3787 858 3862 euim
875 3793 986 3861 autor
1002 3785 1175 3862 alumnus
1191 3785 1376 3879 Beatricis,
1391 3795 1429 3862 et
1445 3787 1506 3862 illa
1522 3793 1641 3864 mater

468 3915 507 3982 et
518 3909 681 4001 alumna,
695 3928 780 4002 quoe
793 3928 861 3983 suo
874 3908 970 3982 lacte
986 3907 1129 3983 foverat
1141 3907 1261 4002 ipsum
1280 3908 1491 4002 parvulum,
1505 3908 1641 3984 scilicet

338 4106 342 4112 ,
471 4027 673 4104 minoribus
691 4027 875 4122 doctrinis,
889 4033 977 4122 puta
998 4027 1253 4122 grammatica,
1271 4034 1310 4104 et
1335 4027 1529 4122 rhetorica,
1555 4047 1640 4122 quae

469 4156 556 4223 sunt
580 4147 719 4224 ancillae
746 4147 940 4244 theologiae
952 4135 991 4239 (ἥ
1002 4171 1013 4240 ;
1034 4147 1165 4222 deinde
1184 4147 1371 4225 cibaverat
1388 4148 1506 4243 ipsum
1526 4149 1640 4224 robu-

320 4255 324 4264 ’
468 4276 567 4343 stum
593 4287 689 4363 pane
712 4273 751 4342 et
775 4267 863 4342 cibis
888 4265 1055 4360 sortibus,
1081 4265 1218 4342 scilicet
1248 4267 1448 4343 maioribus
1473 4275 1511 4343 et
1534 4269 1641 4342 altio·

422 4422 425 4427 ⁴
471 4390 572 4465 ribus
597 4388 766 4483 scientiis,
783 4389 879 4464 sicut
902 4387 1139 4484 philosophia,
1159 4389 1299 4483 poetria
1321 4395 1389 4464 etc.
1403 4395 1498 4464 -Ε
1515 4390 1639 4481 pretia.

469 4511 534 4585 llic
558 4515 667 4584 autor
692 4509 864 4584 describit
888 4527 1109 4584 succursum
1135 4507 1202 4581 sibi
1224 4507 1345 4583 subito
1362 4509 1488 4583 datum
1510 4508 1641 4584 aBea·

471 4631 572 4725 trice,
606 4649 691 4724 quae
727 4629 946 4705 confortavit
979 4629 1098 4724 ipsum
1139 4628 1329 4704 excutiens
1368 4635 1555 4724 stuporem
1595 4628 1641 4704 de

469 4756 595 4826 mente
619 4749 710 4826 eius.
736 4749 839 4824 Unde
863 4749 969 4824 dicit:
999 4754 1032 4824 Ε
1059 4751 1185 4842 meta,
1209 4769 1305 4823 come
1329 4752 1454 4824 madre
1478 4752 1538 4824 cle
1560 4769 1641 4824 soc·

532 4935 561 5001 l')
576 4936 607 4986 E·
623 4942 718 4986 rorum.
1013 4935 1040 4998 (¹)
1056 4935 1082 4987 S.
1100 4937 1257 5000 hypocritas.

532 5010 559 5074 t¹t
576 5012 606 5062 Β·
624 5025 768 5064 ffffffff
1013 5015 1040 5075 (Ἴ
1057 5013 1087 5063 Ε.
1103 5015 1270 5066 sanctissime
1288 5015 1434 5080 theologius.
