4842 6642
755 916 893 973 caurus
918 920 1110 975 rueramus
1134 920 1303 987 Qurnrus.
1542 910 1614 979 355

442 1055 639 1155 scilicet(¹)‚
670 1060 877 1137 concivium
909 1069 947 1137 et
978 1073 1309 1140 conterraneorum
1346 1086 1528 1161 meorum,
1553 1070 1615 1141 cde

439 1184 488 1254 mi
511 1201 618 1255 serra
640 1183 739 1274 saur,
764 1182 866 1278 idest,
896 1203 956 1259 me
973 1185 1158 1259 exclaudit
1172 1177 1210 1279 (¹)
1228 1186 1266 1260 in
1286 1187 1451 1282 exilium,
1471 1191 1530 1262 del
1543 1189 1615 1262 det-

440 1304 578 1393 revue,
610 1302 713 1396 idest,
749 1304 887 1398 pulcrae
921 1305 1076 1379 civitatis
1107 1307 1312 1402 Florentiae,
1348 1311 1403 1381 ου’
1419 1312 1456 1383 io
1484 1310 1617 1382 dornrii

440 1426 595 1515 ancello,
622 1424 724 1516 idest,
744 1426 892 1520 juvenis
920 1446 1034 1520 purus
1060 1432 1096 1501 et
1121 1428 1313 1522 innocens3
1331 1434 1368 1503 et
1393 1436 1517 1504 servat
1536 1450 1612 1504 me·

442 1547 646 1642 taphoram,
672 1546 759 1639 quia
785 1544 883 1621 enim
909 1552 1107 1623 vocaverat
1132 1548 1355 1623 Florentiam
1381 1551 1488 1645 ovile,
1514 1549 1613 1643 quod

442 1673 498 1743 est
530 1666 715 1741 stabulum
749 1666 887 1760 ovium,
913 1666 994 1741 ideo
1027 1674 1135 1743 vocat
1164 1689 1205 1743 se
1235 1691 1396 1767 agnum;
1430 1677 1467 1745 et
1503 1670 1612 1744 dicit:

441 1788 589 1877 nomme,
615 1785 760 1877 scilicet,
787 1793 935 1883 propter
961 1787 1056 1863 bene
1081 1789 1238 1885 operari,
1274 1797 1317 1864 ut
1346 1790 1524 1887 scriptum
1558 1797 1614 1866 est

443 1914 554 2003 supra
579 1907 738 2004 capitulo
763 1907 872 1983 liuius
890 1909 1063 2004 Paradisi,
1081 1914 1119 1984 ai
1142 1914 1227 2005 lupi,
1244 1912 1422 2008 *scilicet
1450 1912 1613 1988 llorenti·

444 2016 577 2103 norum
604 2028 811 2122 rapacium3
831 2028 929 2104 uude
946 2036 1055 2104 antor
1072 2040 1180 2106 vocat
1196 2053 1261 2109 eos
1282 2026 1387 2128 lupos
1406 2033 1444 2107 in
1469 2033 1613 2128 Purga-

442 2148 524 2224 torii
541 2148 719 2243 capitulo:
739 2155 776 2224 et
793 2148 887 2225 bene
912 2150 1015 2226 dicit:
1042 2155 1080 2226 oi
1104 2143 1376 2248 lupi*(³)‚quia
1400 2153 1475 2248 lupi
1502 2161 1612 2228 natu-

442 2269 567 2344 raliter
594 2269 808 2345 insidiantur
833 2272 948 2367 aguis,
975 2278 1012 2347 et
1037 2272 1085 2347 ita
1111 2274 1215 2369 pravi
1230 2262 1266 2366 (⁸)
1285 2274 1401 2369 honis,
1419 2274 1506 2367 quia
1524 2282 1610 2349 sunt

441 2388 507 2465 sibi
534 2390 759 2465 dissimillimi
786 2391 821 2464 in
847 2392 1018 2467 omnibus
1043 2402 1291 2490 preterquam
1319 2395 1354 2469 in
1382 2395 1501 2491 figura
1526 2416 1612 2470 cor-

439 2512 566 2607 porali.
593 2512 637 2585 Et
660 2511 764 2587 dicit:
791 2514 851 2585 cte
874 2515 925 2605 oli
948 2515 1069 2588 dentre
1094 2535 1243 2606 auena,
1269 2516 1356 2610 quia
1382 2515 1527 2609 scilicet,
1555 2522 1612 2590 te·

440 2638 527 2707 nent
554 2652 637 2707 earn
665 2632 701 2706 in
727 2632 948 2709 dissensione
967 2634 1074 2729 civili,
1093 2656 1176 2731 quae
1200 2643 1256 2711 est
1285 2638 1388 2733 peior
1412 2637 1513 2712 omni
1538 2658 1605 2734 pu·

439 2772 510 2847 gna
537 2752 723 2828 exteriori.
751 2754 795 2828 nr
819 2754 877 2829 un
903 2761 987 2829 nou
1014 2756 1112 2849 quoe
1138 2762 1248 2831 autor
1278 2756 1362 2831 utcu
1387 2737 1609 2831 uunrunvo:

439 2893 478 2945 se
503 2875 575 2945 moi
598 2876 775 2964 contineo,
805 2874 890 2968 quia
921 2873 967 2950 de
998 2876 1051 2950 rei
1085 2876 1239 2951 veritate
1272 2897 1463 2971 nunquam
1493 2877 1612 2972 potuit

441 2992 587 3081 reverti.
621 2994 818 3088 Oportebat
848 2994 945 3069 enim
980 2996 1182 3070 secundum
1218 3017 1359 3073 morem
1387 2996 1525 3093 patriae,
1552 2998 1611 3073 vel

440 3111 540 3208 quod
566 3113 807 3191 reduceretur
832 3136 897 3210 per
923 3116 1223 3193 reformationem
1242 3123 1310 3191 ete.
1333 3117 1376 3190 Et
1396 3122 1483 3192 nota
1498 3118 1609 3193 etiam

440 3233 539 3327 qrrod
563 3232 700 3329 aliquid
725 3234 841 3331 tetigit
867 3234 912 3309 de
937 3256 1012 3331 spe,
1034 3257 1107 3311 non
1133 3237 1320 3311 tamenin
1346 3244 1527 3331 quantum
1554 3245 1610 3313 est

440 3354 556 3429 virtus
589 3355 805 3453 theologica,
842 3355 928 3450 quia
959 3377 1041 3453 spes
1075 3358 1210 3432 multos
1241 3358 1340 3433 sonet
1370 3364 1407 3433 et
1446 3358 1612 3434 maxime

439 3476 567 3551 exules
592 3476 655 3569 qui
680 3482 766 3550 sunt
794 3483 899 3552 extra
929 3478 1093 3572 domum,
1124 3479 1210 3572 quia
1242 3478 1321 3553 sine
1354 3499 1400 3553 ea
1434 3479 1609 3555 caderent

439 3596 474 3671 in
500 3598 745 3673 miserabilem
774 3598 898 3692 vitam,
924 3598 1039 3673 immo
1064 3618 1161 3693 saepe
1192 3597 1230 3671 in
1262 3598 1452 3673 crudelem
1478 3597 1610 3694 despe-

439 3717 630 3793 rationem.
664 3719 755 3793 Nota
782 3718 891 3794 etiarn
927 3718 1026 3813 quod
1055 3719 1091 3793 in
1123 3720 1190 3792 lrac
1216 3726 1320 3815 parte
1349 3725 1460 3793 autor
1484 3725 1610 3793 osten-

437 3820 489 3912 dit
514 3836 738 3914 nobilitatem
764 3840 820 3913 sui
848 3838 968 3933 studii,
995 3838 1257 3937 malignitatem
1282 3860 1438 3914 suorum
1456 3838 1607 3934 civium,

439 3978 545 4036 suam
585 3959 840 4055 innocentiam,
875 3965 912 4035 et
950 3959 1187 4036 intentionem
1222 3959 1409 4035 obtinendi
1440 3961 1607 4035 lauream

440 4101 626 4156 coronam.
654 4122 704 4136 -
727 4074 830 4155 Perd.
866 4081 930 4156 liic
963 4088 1072 4157 autor
1104 4082 1266 4179 assignat
1304 4100 1455 4156 causam
1490 4102 1609 4175 quare

440 4202 560 4298 potius
585 4202 737 4300 elegerit
761 4202 898 4277 dictum
925 4204 1045 4277 locum
1066 4202 1326 4299 baptismalem
1351 4224 1430 4277 suae
1461 4202 1610 4277 laurea-

440 4322 539 4417 tioni,
566 4342 679 4416 qnam
713 4322 872 4416 aliquem
908 4322 1033 4417 ulium,
1066 4323 1212 4399 dicens:
1238 4317 1332 4397 Perti
1362 4326 1461 4397 rl'io
1493 4326 1610 4397 mirei

417 4446 544 4536 orda,
569 4442 715 4537 scilicet,
742 4444 778 4517 in
816 4442 916 4519 iente
952 4444 1156 4539 baptismali
1191 4444 1287 4519 intra
1320 4442 1459 4519 dictum
1498 4443 1606 4537 ovile,

438 4566 531 4641 nella
543 4566 635 4658 sede,
653 4564 798 4658 scilicet,
812 4563 1000 4658 catholica,
1013 4566 1128 4659 elesa
1144 4572 1256 4656 conte,
1273 4563 1377 4657 idest,
1395 4562 1606 4656 familiares,

438 4688 636 4759 lenimen
662 4688 744 4778 Dio,
772 4684 859 4779 quia
884 4671 1019 4761 scilic'et
1044 4685 1162 4761 iactus
1190 4706 1275 4760 sum
1311 4684 1360 4759 ibi
1375 4676 1412 4778 (⁶)
1438 4684 1608 4760 christia-

499 4920 527 4983 (Ἰ
543 4908 574 4970 Εζ
589 4918 696 4978 scillcet,
713 4918 808 4969 clitum
824 4922 1066 4968 meterreneorum.
1253 4918 1280 4981 (⁸)
1296 4918 1322 4970 s.
1338 4931 1353 4968 ο
1370 4918 1402 4969 R
1417 4916 1541 4969 actuata,

499 4995 526 5059 (Ἴ
542 4996 579 5047 Le
589 4996 678 5059 parole
689 4994 729 5045 ira
740 4996 748 5044 i
759 4995 810 5045 due
819 4994 952 5045 raterirchl
961 5007 1008 5045 son
1019 4994 1131 5059 sepulte
1140 4995 1182 5045 dui
1190 4993 1277 5047 codici
1288 4994 1464 5046 Stroniunoe
1476 4994 1591 5044 Eatenus.

501 5062 533 5139 (¹5
544 5072 575 5124 rt
592 5072 663 5136 previ
679 5071 798 5123 homines
812 5070 966 5122 insidiantur
981 5070 1064 5123 burh.
1250 5072 1279 5136 (⁸)
1295 5072 1328 5123 lt.
1343 5072 1448 5123 luteam,
