4842 6642
849 800 920 868 tra
1241 811 1444 868 cousnrunr
1468 811 1633 866 raannrsr

852 955 983 1053 gnidce
1010 961 1114 1052 gerra
1146 977 1169 1032 a
1204 957 1386 1051 Romanis,
1419 977 1503 1052 quae
1534 961 1640 1032 erant
1673 955 1780 1050 picta,
1810 955 1951 1052 sculpta
1981 963 2022 1032 et

852 1077 985 1172 scripta
1017 1077 1053 1151 in
1084 1077 1243 1152 aediiiciis
1258 1073 1294 1170 (⁸)
1322 1078 1390 1154 illis
1415 1085 1452 1154 et
1477 1077 1514 1152 in
1538 1075 1700 1151 arcubus
1727 1075 2018 1172 triumphalibus.

852 1198 954 1273 Unde
978 1197 1164 1272 Sidonius:
1191 1199 1307 1274 Roma
1332 1196 1556 1273 domicilium
1574 1197 1699 1295 legum
1720 1203 1757 1272 et
1777 1203 1929 1292 caetera3
1948 1205 2021 1272 stu·

846 1311 1059 1413 pefacennri,
1085 1317 1188 1413 idest,
1215 1319 1455 1395 mirabantur.
1483 1319 1528 1393 Et
1553 1319 1667 1416 tangit
1694 1325 1849 1414 tempus,
1875 1317 2018 1394 dicens:

848 1442 991 1530 amodo
1015 1443 1191 1514 Laterano
1216 1442 1285 1515 atu
1308 1459 1386 1514 cose
1410 1418 1553 1512 mortrrti
1576 1431 1673 1514 undd
1697 1439 1736 1512 di
1757 1459 1883 1532 supro,
1913 1437 2016 1532 quasi

846 1558 961 1636 dicat:
987 1560 1135 1656 quando
1161 1561 1278 1635 Roma
1304 1565 1384 1636 erat
1409 1561 1446 1635 in
1472 1561 1573 1654 tiore,
1600 1559 1686 1655 quia
1715 1565 1802 1634 tunc
1832 1557 2020 1656 superavit

845 1680 970 1756 omnia
999 1679 1150 1756 aedilicia
1181 1679 1325 1774 mundi;
1360 1679 1457 1756 unde
1489 1679 1646 1756 Thomas
1681 1678 1728 1755 de
1761 1678 1905 1774 Aquino
1939 1683 2020 1754 erat

845 1801 972 1877 solitus
992 1801 1126 1896 dicere,
1144 1801 1244 1896 quod
1261 1801 1330 1877 tria
1347 1799 1608 1897 concupiverat
1626 1799 1749 1876 anima
1776 1819 1844 1874 sua
1871 1797 2041 1894 vidisse*

758 1953 762 1959 ’
844 1922 980 1998 scilicet
1004 1923 1159 1997 Romam
1185 1922 1223 1996 in
1248 1923 1349 2017 tiore,
1382 1922 1567 1998 Christum
1592 1921 1630 1996 in
1655 1940 1779 2014 carne,
1800 1926 1839 1996 et
1863 1919 2019 2016 Aposto-

845 2044 925 2117 lum
950 2042 1205 2138 disputantem.
1228 2044 1272 2117 Et
1297 2048 1382 2118 nota
1399 2042 1497 2138 quod
1514 2049 1623 2117 autor
1642 2061 1707 2136 per
1723 2042 1793 2116 boc
1813 2039 1912 2136 quod
1929 2037 2017 2114 dicit

848 2170 1022 2240 laterano
1049 2164 1165 2260 tangit
1189 2185 1307 2238 unum
1330 2163 1639 2240 mirabilissimam
1660 2161 1854 2238 aedilicium
1873 2161 2012 2236 Romae.

847 2284 1029 2359 Palatium
1052 2283 1149 2358 enim
1171 2283 1394 2359 Lateranum
1421 2283 1520 2378 quod
1544 2290 1602 2359 est
1626 2303 1740 2379 prope
1759 2289 1904 2356 sanctos
1920 2282 2017 2356 llar-

845 2404 1016 2480 cellinum
1035 2411 1072 2477 et
1095 2403 1260 2498 Petrum,
1273 2424 1403 2480 versus
1423 2403 1740 2500 septemtrionem,
1753 2401 1822 2478 luit
1839 2400 2018 2498 palatium

845 2523 1011 2616 Neronis,
1041 2528 1081 2596 ut
1111 2523 1197 2598 dicit
1226 2523 1409 2599 Martinus.
1437 2523 1520 2598 Fuit
1553 2531 1679 2600 autem
1712 2520 1808 2598 istud
1840 2519 2016 2618 palatium

844 2646 1214 2745 sumptuosissimam,
1232 2647 1325 2722 sicut
1346 2647 1469 2723 scribit
1494 2646 1688 2722 Suetonius
1712 2651 1781 2722 etc.
1809 2641 1910 2720 Unde
1933 2642 2011 2718 Au·

847 2775 977 2864 gustus
1014 2767 1241 2865 gloriabatur
1272 2787 1312 2844 se
1344 2767 1523 2844 invenisse
1556 2768 1687 2842 urbem
1718 2765 1936 2842 latericiam
1974 2770 2013 2839 et

844 2888 973 2964 iecisse
1000 2909 1259 2964 marmoream.
1277 2890 1322 2963 Et
1342 2887 1461 2963 subdit
1485 2891 1595 2962 autor
1620 2885 1795 2962 virtutem
1822 2891 1860 2960 et
1884 2889 2012 2980 poten·

845 3008 934 3082 tiam
960 3007 1048 3084 tanti
1073 3007 1232 3103 stuporis
1256 3007 1324 3102 sui,
1349 3009 1472 3084 dicens
1498 3007 1729 3102 affirmative,
1747 3013 1842 3082 certo
1867 3007 1895 3080 r't
1917 2999 2008 3096 pauss

843 3129 915 3222 dio,
943 3127 1089 3221 scilieet,
1116 3148 1294 3224 magnum
1317 3128 1415 3223 quod
1441 3127 1690 3224 concipiebam
1717 3147 1764 3204 er
1791 3124 2012 3222 inspectione

842 3246 936 3322 illius
961 3247 1118 3322 coelestis
1142 3248 1281 3342 Romae,
1307 3250 1355 3322 mi
1375 3249 1479 3339 faceo
1508 3248 1616 3339 tittto,
1642 3247 1745 3341 idest,
1772 3244 1950 3343 placitum
1976 3251 2012 3320 et

842 3373 1003 3463 gratum,
1029 3387 1102 3440 non
1127 3369 1227 3442 adue
1250 3374 1285 3441 et
1305 3371 1431 3442 sarni
1454 3375 1562 3458 muto,
1587 3367 1690 3462 idest,
1716 3387 1790 3442 non
1820 3365 1920 3460 loqui
1955 3365 2014 3440 vel

840 3485 963 3562 dicere
987 3485 1125 3580 aliquid
1141 3507 1228 3562 cum
1246 3487 1411 3563 Beatrioe
1431 3488 1577 3564 velatio
1595 3487 1715 3582 beato,
1732 3487 1826 3562 sicut
1853 3485 2015 3580 solebat3

842 3612 879 3682 et
898 3605 1001 3682 dicit:
1019 3614 1078 3681 tro
1094 3629 1184 3700 csso,
1204 3608 1308 3701 idest,
1325 3607 1421 3684 intra
1441 3607 1562 3703 ipsum
1580 3615 1782 3704 stuporem.
1793 3611 1883 3680 -Ε
1896 3608 2008 3700 qoud.

840 3727 904 3802 llic
926 3734 1036 3802 autor
1060 3727 1232 3822 exprimit
1251 3727 1499 3804 modumsuae
1517 3727 1704 3825 gaudiosae
1725 3733 1763 3804 et
1782 3725 1902 3802 tacitae
1919 3744 2010 3800 con·

839 3847 1082 3943 temptationis
1099 3868 1165 3942 per
1182 3869 1295 3923 unam
1312 3848 1625 3944 comparationem
1646 3847 1946 3944 propriissimum.
1966 3845 2010 3919 [tt

840 3969 1001 4046 breviter
1025 3970 1104 4043 vult
1128 3968 1265 4062 dicere,
1290 3969 1389 4064 quod
1415 3969 1465 4046 ita
1494 3968 1743 4046 desideranter
1775 3974 1813 4046 et
1845 3967 2011 4042 letanter
2060 3999 2066 4010 ·

840 4089 1094 4167 considerabat
1117 4089 1327 4184 paradisum
1355 4090 1526 4166 ultimum
1552 4089 1723 4167 bravium
1750 4095 1787 4164 et
1812 4085 2008 4184 praemium

839 4211 897 4286 sui
910 4231 1054 4304 cursus,
1067 4231 1219 4306 sperans
1236 4211 1376 4288 reierre
1394 4209 1598 4288 mirabilem
1612 4209 1895 4307 pulcritudinem
1913 4207 2007 4284 illius

840 4329 964 4427 templi
997 4330 1165 4424 coelcstis,
1191 4330 1287 4406 sieut
1315 4331 1532 4429 peregrinus
1562 4331 1625 4427 qui
1656 4330 1794 4427 appulit
1819 4329 1866 4406 ad
1896 4329 2006 4404 finem
2102 4431 2105 4436 Ι

838 4472 915 4528 suae
941 4451 1241 4548 peregrinationis
1267 4452 1471 4529 considerat
1495 4451 1687 4550 diligenter
1717 4459 1754 4528 et
1786 4454 2009 4528 veneranter

836 4572 1028 4648 ecclesiam
1056 4573 1118 4647 ubi
1143 4572 1250 4648 solvit
1274 4594 1385 4648 suum
1412 4579 1554 4666 votum,
1571 4580 1608 4650 et
1629 4578 1753 4668 sperat
1773 4571 1916 4648 reterre
1933 4571 2010 4646 sor·

837 4713 936 4766 mam
948 4700 986 4766 et
999 4693 1271 4788 proportionem
1286 4693 1379 4768 illius
1397 4693 1570 4770 ecclesiae.
1585 4693 1691 4768 Nunc
1703 4691 1832 4768 ordina
1850 4689 1901 4766 sic
1921 4689 2004 4766 lite·

900 4955 928 5020 (¹)
944 4956 975 5007 lt
990 4955 1114 5012 numum
1130 4955 1173 5008 rel
1187 4955 1265 5006 etlam
1283 4957 1317 5006 tn.
