4842 6642
813 816 884 892 246
1205 839 1409 897 ceurennum
1433 838 1600 897 nunaunt

812 983 955 1055 turum:
982 989 1063 1077 pest
1094 983 1295 1059 adveutum
1327 1005 1417 1061 vere
1447 986 1558 1061 babet
1590 985 1746 1063 credere
1776 986 1876 1080 qued
1904 986 1983 1081 jann

812 1094 910 1175 venit
927 1106 965 1177 et
982 1103 1137 1178 redemit
1156 1105 1348 1181 mundum.
1362 1106 1466 1182 Unde
1481 1126 1612 1182 omnes
1627 1106 1782 1182 extracti
1800 1106 1847 1181 de
1871 1106 1985 1181 limbo

810 1240 922 1319 supra
948 1222 1184 1299 crediderunt
1209 1227 1246 1300 in
1272 1228 1456 1302 Christum
1483 1235 1702 1323 venturum3
1725 1228 1784 1303 aiii
1810 1228 1873 1321 qui
1900 1232 1986 1302 sunt

811 1332 938 1419 saivari
976 1345 1023 1420 ab
1060 1346 1312 1423 incarnatione
1344 1349 1436 1423 citra
1465 1348 1701 1425 crediderunt
1732 1349 1769 1423 iu
1799 1349 1982 1424 Christum

810 1462 1028 1560 proiectum,
1060 1467 1107 1541 de
1141 1468 1276 1561 quibus
1309 1468 1481 1543 scribitur
1502 1470 1676 1564 capitale
1708 1468 1838 1543 xxxss
1874 1468 1984 1543 buius

812 1586 982 1661 Paradisi.

882 1710 944 1779 Μα
970 1710 1057 1781 veui.
1084 1708 1153 1783 ista
1168 1702 1204 1801 (¹)
1233 1716 1289 1784 est
1314 1716 1447 1804 quarta
1472 1715 1509 1785 et
1535 1706 1664 1785 ultima
1681 1728 1766 1804 pars
1787 1708 1982 1806 generetis,

809 1827 845 1901 in
871 1849 945 1922 qua
970 1827 1108 1903 dictum
1135 1830 1280 1926 signum
1306 1831 1440 1926 aquitae
1467 1830 1655 1928 redarguit
1684 1850 1791 1927 reges
1815 1823 1982 1905 cbristia-

808 1966 874 2021 nes
900 1950 1065 2024 moderni
1094 1951 1279 2045 temperis,
1299 1951 1362 2045 qui
1385 1947 1518 2025 iniuste
1543 1956 1713 2046 regentes
1726 1941 1765 2043 (ἢ
1787 1950 1935 2025 deviant
1959 1970 1980 2023 a

810 2065 957 2165 regibus
980 2071 1096 2167 justis,
1115 2072 1179 2165 qui
1205 2078 1291 2145 sunt
1316 2070 1352 2144 in
1369 2072 1447 2166 ipse
1464 2070 1578 2167 signe.
1599 2070 1641 2145 Et
1659 2071 1777 2165 prime
1798 2070 1982 2166 vituperat

808 2190 845 2264 iu
870 2191 1033 2287 generali
1059 2212 1122 2266 ees
1148 2192 1211 2286 qui
1238 2198 1323 2265 sunt
1347 2191 1533 2267 christiani
1555 2192 1704 2266 numine
1720 2196 1757 2266 et
1778 2190 1909 2288 pagani
1928 2206 1980 2282 re,

807 2310 949 2384 dicens:
976 2316 1037 2385 Ma
1060 2314 1148 2406 vadi,
1173 2315 1269 2385 molti
1285 2314 1418 2404 criden
1447 2314 1572 2405 cristo,
1595 2316 1708 2385 criste
1733 2311 1796 2405 qui
1819 2306 1982 2405 quetidie

806 2429 1002 2505 conterunt
1027 2437 1064 2505 et
1090 2432 1275 2526 disputant
1300 2432 1479 2508 subtiliter
1512 2432 1560 2508 de
1589 2432 1659 2507 tide
1688 2431 1897 2524 christiane,
1921 2430 1981 2503 ebe

805 2573 966 2625 suranna
990 2556 1028 2625 in
1061 2554 1211 2644 cincimo
1246 2556 1344 2626 assui
1374 2573 1453 2627 men
1483 2575 1607 2646 prope,
1642 2553 1744 2647 idest,
1775 2550 1979 2647 propinqui,

805 2674 915 2763 alui,
947 2672 1084 2747 scilicet
1115 2673 1273 2767 Christo,
1303 2675 1364 2747 cbe
1393 2676 1445 2747 tut
1475 2676 1536 2746 cde
1566 2694 1638 2746 non
1668 2672 1818 2745 conobbe
1853 2674 1976 2760 emto,

806 2792 899 2869 sicut
925 2794 1034 2867 lndus
1060 2794 1106 2868 de
1127 2813 1202 2887 que
1221 2800 1319 2867 mota
1338 2800 1394 2868 cst
1411 2794 1575 2889 quaestie.
1589 2830 1640 2847 -
1654 2796 1684 2867 ii
1698 2796 1756 2867 tat.
1775 2792 1839 2867 Hie
1855 2790 1977 2885 equita

805 2912 999 2988 confirmet
1024 2912 1160 2989 dictum
1189 2912 1224 2987 in
1256 2914 1402 3009 speciali
1427 2912 1464 2987 in
1491 2914 1640 3009 regibus
1673 2913 1888 3025 christianis,
1914 2912 1976 3005 qui

805 3040 891 3107 sunt
916 3030 1023 3107 bodie
1048 3054 1177 3109 omncs
1203 3034 1332 3108 vitiosi.
1364 3034 1467 3109 Unde
1490 3033 1595 3107 dicit:
1626 3036 1660 3106 Ε
1680 3034 1848 3125 dundee,
1874 3032 1975 3123 idest,

804 3151 853 3227 iili
879 3150 925 3227 de
950 3152 1131 3249 AEtbiopia
1157 3152 1220 3247 qui
1246 3160 1331 3227 sunt
1358 3154 1394 3227 in
1420 3160 1589 3229 extreme
1615 3152 1791 3246 meridiei,
1808 3151 1857 3227 ita
1878 3151 1976 3246 qued

805 3276 891 3348 sunt
916 3272 1008 3371 nigri
1036 3294 1110 3369 prae
1137 3273 1250 3348 nimie
1281 3274 1414 3367 catere,
1440 3278 1640 3364 danmrun,
1666 3274 1768 3366 idest,
1799 3272 1976 3347 damnare

804 3400 989 3489 poterunt,
1022 3398 1070 3467 tei
1103 3396 1273 3485 aetiani,
1300 3394 1446 3488 scilicet,
1482 3393 1602 3486 salsos,
1632 3396 1774 3485 quando
1804 3396 1836 3465 si
1863 3392 1978 3483 parte

802 3532 920 3588 ranno
945 3518 982 3587 in
1007 3516 1073 3587 due
1098 3516 1230 3604 collect,
1257 3512 1404 3605 scilicet,
1430 3510 1703 3606 salvandorum,
1732 3518 1770 3587 et
1797 3512 1976 3585 damnan-

800 3630 956 3726 dorum3
983 3637 1004 3708 t·
1018 3655 1102 3727 uno,
1130 3634 1278 3725 scilicet,
1304 3635 1485 3707 benorum
1501 3624 1553 3726 (³),
1573 3635 1668 3707 riccn
1684 3636 1722 3707 tn
1738 3640 1870 3721 eterne,
1887 3631 1976 3705 beu-

803 3750 955 3828 titudine
981 3761 1130 3847 aeterna,
1156 3754 1179 3824 i
1191 3756 1298 3845 ultre,
1327 3752 1474 3847 scilicet,
1506 3752 1702 3845 matorum,
1727 3756 1839 3845 inope,
1871 3750 1973 3841 idest,

801 3892 961 3969 egenum
981 3872 1201 3947 aeternaiiter
1220 3872 1402 3968 privatum
1422 3872 1560 3947 visione
1577 3872 1652 3946 Dei.
1674 3872 1718 3945 Et
1737 3870 1859 3944 subdit
1876 3870 1972 3964 quud

803 4010 910 4089 reges
935 3992 1065 4089 pagani
1085 3993 1218 4067 merite
1245 3998 1418 4087 poterunt
1438 3993 1690 4088 improperare
1708 3991 1857 4087 regibus
1875 3990 1973 4065 cbri-

800 4110 924 4186 stianis
957 4112 992 4186 in
1026 4110 1084 4186 die
1114 4112 1254 4207 judicii,
1288 4112 1436 4207 quande
1465 4112 1588 4186 emnia
1624 4118 1773 4207 peccata
1804 4104 1969 4185 emnium

800 4242 910 4307 erunt
937 4232 1137 4307 manifesta.
1162 4232 1262 4307 Unde
1287 4232 1372 4307 dicit
1388 4232 1670 4329 interrogative:
1692 4234 1847 4321 dPersi,
1867 4228 1970 4319 tuest,

800 4372 908 4449 reges
934 4374 1126 4448 persarum
1153 4353 1217 4446 qui
1243 4352 1391 4428 suntin
1416 4352 1558 4427 oriente
1583 4351 1726 4449 pagani,
1751 4354 1812 4424 cte
1838 4356 1971 4443 pem

801 4471 877 4547 dire
902 4477 940 4545 ci
966 4475 1186 4564 vestirent,
1213 4471 1318 4566 quasi
1347 4467 1463 4546 dicat:
1497 4479 1599 4547 certe
1632 4471 1755 4546 dicere
1789 4474 1970 4566 poterunt,

802 4610 868 4666 nos
894 4597 1060 4686 respectu
1088 4590 1198 4665 vestri
1226 4591 1378 4666 fecimus
1394 4612 1506 4686 opera
1532 4590 1739 4684 christiana,
1759 4596 1796 4665 et
1816 4608 1881 4663 ves
1905 4604 1970 4685 pu·

800 4732 914 4808 gana3
940 4720 978 4785 et
1003 4714 1072 4786 hec
1097 4712 1221 4787 dicere
1247 4718 1429 4806 poterunt,
1457 4714 1781 4787 uonr’c'ccdrunno
1807 4713 1887 4801 quet
1909 4730 1972 4782 vo-

862 4966 889 5030 υ)
905 4964 936 5019 Ε.
952 4962 1016 5020 Huc
1031 4974 1079 5020 est.
1267 4970 1297 5033 (¹)
1313 4971 1339 5021 S.
1355 4973 1477 5025 urentes.
1664 4972 1691 5035 (⁸)
1707 4966 1738 5022 R
1754 4970 1899 5021 morum.
