4842 6642
791 843 864 912 326
1184 854 1390 910 cousnrurr
1415 855 1580 910 rmnnrsr

791 1023 878 1078 cum
905 1002 1013 1078 oculo
1039 999 1219 1075 maiorem
1245 1007 1283 1075 et
1306 999 1586 1096 splendidiorem
1613 998 1758 1074 illarum
1793 999 1965 1103 lucerna·

793 1143 890 1198 rum.
925 1120 1017 1196 Dicit
1046 1140 1149 1217 ergo,
1175 1125 1321 1194 servata
1356 1120 1572 1215 metaphora
1601 1117 1720 1215 prima
1747 1118 1904 1194 dorum:
1936 1120 1968 1190 ll

791 1265 895 1317 norw
911 1246 970 1317 del
983 1243 1037 1316 bel
1051 1243 1154 1334 pore,
1167 1240 1315 1334 scilicet,
1333 1261 1438 1333 roem,
1455 1239 1502 1316 de
1519 1261 1594 1336 qua
1610 1239 1749 1315 dictum
1767 1245 1823 1315 est
1840 1257 1964 1334 supra,

793 1362 857 1438 ubi
883 1361 1027 1438 Beatrix
1053 1360 1161 1436 dixit:
1187 1365 1247 1455 poi
1271 1357 1291 1436 e*
1313 1363 1350 1434 la
1375 1380 1475 1454 rosc,
1497 1361 1634 1436 scilicet
1648 1354 1700 1453 (¹),
1720 1359 1858 1453 llaria3
1880 1377 1966 1434 nam

793 1504 878 1558 rosa
907 1481 1196 1558 antonomastice
1226 1488 1281 1586 est
1314 1480 1538 1578 pulcerrima
1564 1481 1716 1574 dorum,
1743 1487 1781 1556 et
1811 1481 1879 1555 ista
1912 1485 1965 1554 est

791 1603 904 1700 Virgo
930 1601 1127 1699 virginum.
1153 1601 1199 1676 lit
1223 1600 1327 1677 dicit:
1353 1604 1453 1676 ol'to
1483 1622 1620 1694 sempr-e
1649 1605 1788 1692 invoco,
1814 1621 1862 1676 ex
1892 1598 1966 1674 sin·

791 1722 912 1822 gulari
936 1723 1143 1814 devotione,
1167 1744 1186 1795 e
1210 1743 1314 1796 rnorne
1338 1744 1357 1795 e
1380 1741 1477 1813 sera,
1509 1721 1595 1817 quia
1629 1739 1764 1796 nomen
1794 1721 1913 1795 beate
1928 1710 1965 1812 (¹)

792 1842 949 1940 Virginis
973 1841 1167 1918 invocabat
1190 1841 1238 1918 de
1263 1862 1347 1918 sero
1373 1861 1460 1916 cum
1478 1840 1549 1916 iret
1565 1839 1612 1914 ad
1630 1840 1908 1936 quiescendum,
1928 1846 1966 1916 et

791 1963 839 2040 de
867 1984 978 2038 mane
1006 1983 1093 2038 cum
1126 1969 1299 2059 surgeret
1327 1962 1375 2038 de
1408 1962 1514 2056 lecto,
1541 1959 1636 2036 sicut
1660 1961 1812 2038 deberet
1845 1962 1966 2036 lacere

791 2085 912 2160 omnis
938 2083 1051 2159 tidelis
1076 2063 1305 2178 christianus,
1332 2086 1380 2158 mi
1403 2085 1564 2156 obtime
1589 2084 1754 2174 tommo,
1776 2081 1878 2176 idest,
1906 2100 1967 2158 m·

791 2205 936 2280 strinxit
962 2210 1000 2279 et
1025 2204 1183 2297 reduxit,
1208 2202 1272 2299 qui
1298 2208 1378 2278 erat
1404 2203 1522 2297 primo
1554 2223 1671 2308 vagus
1695 2201 1741 2277 ad
1768 2201 1966 2278 videndum

792 2325 1015 2423 generaliter
1040 2331 1159 2398 totum
1186 2331 1336 2420 pratum
1354 2324 1500 2417 tiorum,
1519 2326 1569 2396 od
1584 2325 1731 2396 consor
1748 2326 1782 2396 lo
1801 2325 1966 2416 mappior

789 2449 904 2540 [uoco.
923 2446 1001 2518 Hoc
1017 2443 1099 2519 ideo
1115 2443 1213 2538 dicit,
1228 2444 1314 2539 quia
1332 2444 1427 2520 bene
1444 2441 1715 2542 imaginabatur
1731 2443 1830 2538 quod
1850 2442 1968 2516 maior

791 2571 831 2640 et
855 2565 1044 2640 ardentior
1071 2565 1134 2639 lux
1166 2565 1262 2640 iuter
1296 2584 1426 2639 omues
1460 2571 1557 2638 esset
1588 2583 1744 2658 persona
1770 2562 1893 2637 llariae
1909 2551 1965 2656 (ἧς

793 2691 874 2760 tum
901 2685 988 2780 quia
1014 2684 1090 2780 ipsa
1116 2685 1274 2780 portavit
1299 2685 1428 2777 solem,
1444 2683 1491 2758 de
1511 2685 1618 2759 cuius
1636 2683 1744 2759 radiis
1765 2703 1895 2758 omues
1912 2682 1967 2758 isti

793 2807 941 2903 spiritus
958 2805 1274 2900 accendebantur3
1302 2811 1381 2879 tum
1403 2805 1489 2900 quia
1507 2807 1584 2880 sola
1602 2805 1649 2879 ibi
1667 2811 1748 2880 erat
1765 2804 1861 2878 inter
1883 2803 1968 2878 istos

793 2947 880 3001 cum
906 2926 1030 3002 anima
1055 2932 1094 3000 et
1117 2945 1285 3020 corpore,
1312 2925 1362 3000 ita
1396 2925 1495 3018 quod
1523 2925 1680 3020 perlecta
1716 2925 1833 3021 gloria
1868 2924 1969 3000 relu-

791 3046 901 3122 cebat
924 3046 963 3119 in
987 3067 1052 3139 ea;
1079 3045 1161 3120 ideo
1185 3045 1408 3142 singularius
1434 3049 1471 3119 et
1495 3044 1727 3140 principalius
1752 3043 1896 3120 direxit.
1913 3043 1969 3118 in·

794 3167 930 3241 tultum
948 3166 986 3240 in
1003 3166 1113 3241 illam.
1129 3205 1179 3220 -
1191 3172 1225 3240 E
1238 3187 1344 3240 come.
1363 3149 1428 3241 llic
1444 3171 1554 3242 autor
1572 3165 1769 3240 introducit
1792 3166 1966 3262 angelum

793 3286 1016 3380 Gabrielem,
1029 3288 1094 3382 qui
1108 3286 1207 3362 veuit
1224 3287 1271 3362 ab
1289 3287 1363 3361 alto
1383 3295 1423 3360 ut
1443 3287 1606 3362 elevaret
1624 3285 1773 3362 Mariam
1790 3274 1839 3381 (⁴),
1854 3307 1965 3381 quem

792 3407 964 3483 describit
983 3407 1249 3504 multipliciter3
1268 3414 1305 3483 et
1326 3408 1445 3504 primo
1468 3408 1590 3502 quoad
1605 3407 1770 3483 habiturn
1788 3416 1826 3482 et
1846 3408 1967 3502 quoad

791 3535 940 3603 actum:
966 3534 1004 3604 et
1029 3527 1117 3603 dicit
1140 3528 1240 3622 quod
1262 3549 1348 3602 curn
1367 3529 1463 3604 bene
1480 3535 1641 3604 nommet
1660 3527 1902 3622 quantitatem
1932 3534 1970 3603 et

794 3648 1008 3744 qualitatem
1035 3649 1131 3723 illius
1156 3650 1318 3724 lucernae
1343 3648 1529 3724 descendit
1552 3649 1717 3745 angelus
1750 3648 1886 3724 Ordine
1915 3649 1968 3724 sic

795 3768 938 3844 literam
960 3775 999 3844 et
1022 3775 1215 3845 construe:
1235 3775 1267 3842 Ε
1282 3789 1353 3842 uno
1368 3772 1509 3863 sareda,
1528 3767 1631 3862 idest,
1648 3769 1802 3864 angelus
1818 3768 1963 3862 ardens,

791 3893 950 3984 [oracula
973 3892 1012 3962 in
1036 3892 1184 3984 ceretio,
1214 3891 1316 3984 idest,
1343 3890 1481 3964 babens
1507 3889 1664 3990 iormam
1688 3889 1924 3984 circularem,
1942 3911 1967 3962 o

793 4012 896 4101 pulsu
920 4011 959 4084 di
982 4030 1130 4102 corona,
1147 4032 1240 4084 scese
1254 4033 1321 4104 per
1345 4016 1445 4084 eatro
1470 4013 1497 4084 tl
1519 4013 1618 4101 ciclo,
1644 4016 1681 4086 et
1706 4010 1805 4086 veuit
1826 4011 1875 4086 ad
1892 4012 1968 4085 lla·

683 4196 687 4210 t
796 4130 888 4204 riam
904 4121 963 4225 (Ἣ
991 4131 1088 4206 unde
1112 4131 1217 4206 dicit:
1244 4153 1263 4204 e
1287 4133 1416 4204 museto
1440 4152 1459 4203 e
1482 4133 1613 4222 ptrossi
1636 4135 1779 4206 interim
1807 4135 1859 4205 od
1890 4135 1967 4206 ello.

795 4251 839 4324 Et
865 4250 923 4324 bic
949 4258 1033 4325 uota
1060 4253 1159 4346 quod
1180 4257 1290 4325 antor
1317 4251 1449 4326 merito
1476 4252 1544 4326 boe
1571 4251 1673 4348 lingit
1698 4259 1740 4326 ut
1765 4251 1968 4347 figuraliter

794 4371 962 4446 ostendat
979 4372 1078 4467 quod
1095 4372 1163 4446 iste
1178 4371 1333 4468 angelus
1351 4370 1415 4466 qui
1432 4371 1662 4446 aununtiavit
1679 4372 1968 4450 incarnationem

796 4491 904 4567 Verbi
931 4493 1106 4568 exaltarit
1130 4491 1281 4567 Mariam
1299 4481 1335 4585 (⁶)
1363 4513 1476 4588 super
1501 4513 1631 4568 omues
1655 4493 1780 4588 coelos,
1798 4501 1836 4568 et
1858 4494 1971 4570 collo·

796 4612 891 4686 cavit
916 4612 1031 4708 ipsam
1054 4614 1162 4709 Juxta
1190 4612 1304 4686 lilium
1324 4613 1451 4688 aeterni
1470 4611 1598 4686 Patris.
1618 4614 1660 4686 lit
1682 4614 1751 4688 lroc
1771 4613 1851 4688 dico
1869 4613 1970 4688 iecit:

857 4847 885 4907 ζ’)
902 4849 931 4898 E.
947 4849 1048 4899 scillcet
1065 4849 1145 4911 Virgo
1162 4847 1348 4910 gloriosissima
1366 4845 1466 4903 Maria:
1484 4857 1553 4895 nrm.

857 4922 885 4985 (¹)
903 4925 932 4974 li.
949 4925 1111 4976 beatissime.
1189 4923 1218 4984 ξ’)
1236 4923 1267 4974 Ε.
1284 4922 1397 4986 Virginis
1414 4921 1513 4973 Marte.
1584 4921 1611 4983 (⁸)
1628 4923 1658 4972 li.
1674 4923 1809 4986 Virginem
1826 4921 1946 4973 Mariam.

857 5002 883 5064 ζ’]
902 5001 931 5051 li.
949 5002 981 5052 sd
999 5003 1134 5067 Virginem
1151 5003 1274 5054 blariarn.
1587 5000 1613 5062 (ἰ)
1631 5000 1661 5051 Ε,
1679 5001 1813 5064 virginem
1830 4999 1950 5050 norim,
