<?xml version="1.0" encoding="UTF-8"?>
<!DOCTYPE html PUBLIC "-//W3C//DTD XHTML 1.0 Transitional//EN"
    "http://www.w3.org/TR/xhtml1/DTD/xhtml1-transitional.dtd">
<html xmlns="http://www.w3.org/1999/xhtml" xml:lang="en" lang="en">
 <head>
  <title>
</title>
<meta http-equiv="Content-Type" content="text/html;charset=utf-8" />
  <meta name='ocr-system' content='tesseract 3.04.00' />
  <meta name='ocr-capabilities' content='ocr_page ocr_carea ocr_par ocr_line ocrx_word'/>
</head>
<body>
  <div class='ocr_page' id='page_1' title='image "./comentumsuperda02benvgoog_0281.png"; bbox 0 0 4842 6642; ppageno 0'>
   <div class='ocr_carea' id='block_1_1' title="bbox 897 835 1668 904">
    <p class='ocr_par' dir='ltr' id='par_1_1' title="bbox 897 835 1668 904">
     <span class='ocr_line' id='line_1_1' title="bbox 897 835 1668 904; baseline 0 -2"><span class='ocrx_word' id='word_1_1' title='bbox 897 847 1037 902; x_wconf 77' lang='lat' dir='ltr'>caurus</span> <span class='ocrx_word' id='word_1_2' title='bbox 1062 849 1264 904; x_wconf 74' lang='lat' dir='ltr'>vicesimus.</span> <span class='ocrx_word' id='word_1_3' title='bbox 1601 835 1668 902; x_wconf 80' lang='lat'>261</span> 
     </span>
    </p>
   </div>
   <div class='ocr_carea' id='block_1_2' title="bbox 441 987 1715 4821">
    <p class='ocr_par' dir='ltr' id='par_1_2' title="bbox 441 987 1715 4821">
     <span class='ocr_line' id='line_1_2' title="bbox 500 987 1672 1086; baseline -0.002 -21"><span class='ocrx_word' id='word_1_4' title='bbox 500 994 627 1065; x_wconf 82' lang='lat' dir='ltr'>mondo</span> <span class='ocrx_word' id='word_1_5' title='bbox 643 994 699 1064; x_wconf 82' lang='lat' dir='ltr'>sta</span> <span class='ocrx_word' id='word_1_6' title='bbox 714 993 875 1064; x_wconf 60' lang='lat' dir='ltr'>donum</span> <span class='ocrx_word' id='word_1_7' title='bbox 890 993 980 1082; x_wconf 78' lang='lat' dir='ltr'>indi,</span> <span class='ocrx_word' id='word_1_8' title='bbox 995 991 1091 1066; x_wconf 89' lang='lat' dir='ltr'>sicut</span> <span class='ocrx_word' id='word_1_9' title='bbox 1105 998 1217 1066; x_wconf 88' lang='lat' dir='ltr'>autor</span> <span class='ocrx_word' id='word_1_10' title='bbox 1237 987 1378 1086; x_wconf 78' lang='lat' dir='ltr'>scripsit</span> <span class='ocrx_word' id='word_1_11' title='bbox 1398 989 1494 1064; x_wconf 86' lang='lat' dir='ltr'>finali</span> <span class='ocrx_word' id='word_1_12' title='bbox 1513 991 1672 1085; x_wconf 88' lang='lat' dir='ltr'>capitulo</span> 
     </span>
     <span class='ocr_line' id='line_1_3' title="bbox 500 1106 1673 1208; baseline -0.001 -23"><span class='ocrx_word' id='word_1_13' title='bbox 500 1111 725 1208; x_wconf 81' lang='lat' dir='ltr'>Purgatorii3</span> <span class='ocrx_word' id='word_1_14' title='bbox 750 1111 796 1186; x_wconf 87' lang='lat' dir='ltr'>ad</span> <span class='ocrx_word' id='word_1_15' title='bbox 822 1111 921 1204; x_wconf 85' lang='lat' dir='ltr'>quod</span> <span class='ocrx_word' id='word_1_16' title='bbox 947 1111 1167 1187; x_wconf 87' lang='lat' dir='ltr'>norissimus</span> <span class='ocrx_word' id='word_1_17' title='bbox 1193 1111 1414 1186; x_wconf 74' lang='lat' dir='ltr'>petrarcha:</span> <span class='ocrx_word' id='word_1_18' title='bbox 1437 1117 1619 1185; x_wconf 80' lang='lat' dir='ltr'>aelernum</span> <span class='ocrx_word' id='word_1_19' title='bbox 1634 1106 1673 1202; x_wconf 84' lang='lat'>(¹)</span> 
     </span>
     <span class='ocr_line' id='line_1_4' title="bbox 499 1213 1670 1328; baseline -0.003 -22"><span class='ocrx_word' id='word_1_20' title='bbox 499 1239 623 1328; x_wconf 85' lang='lat' dir='ltr'>gemat</span> <span class='ocrx_word' id='word_1_21' title='bbox 646 1233 708 1308; x_wconf 89' lang='lat' dir='ltr'>ille</span> <span class='ocrx_word' id='word_1_22' title='bbox 728 1231 842 1306; x_wconf 91' lang='lat' dir='ltr'>miser</span> <span class='ocrx_word' id='word_1_23' title='bbox 861 1238 1031 1305; x_wconf 76' lang='lat' dir='ltr'>ete-E</span> <span class='ocrx_word' id='word_1_24' title='bbox 1046 1236 1131 1328; x_wconf 78' lang='lat' dir='ltr'>quet.</span> <span class='ocrx_word' id='word_1_25' title='bbox 1150 1233 1216 1308; x_wconf 87' lang='lat' dir='ltr'>llic</span> <span class='ocrx_word' id='word_1_26' title='bbox 1236 1232 1358 1326; x_wconf 86' lang='lat' dir='ltr'>aquila</span> <span class='ocrx_word' id='word_1_27' title='bbox 1377 1213 1540 1306; x_wconf 88' lang='lat' dir='ltr'>nominat</span> <span class='ocrx_word' id='word_1_28' title='bbox 1557 1231 1670 1306; x_wconf 87' lang='lat' dir='ltr'>alium</span> 
     </span>
     <span class='ocr_line' id='line_1_5' title="bbox 502 1351 1672 1449; baseline -0.004 -21"><span class='ocrx_word' id='word_1_29' title='bbox 502 1373 640 1449; x_wconf 87' lang='lat' dir='ltr'>regem,</span> <span class='ocrx_word' id='word_1_30' title='bbox 666 1353 802 1428; x_wconf 88' lang='lat' dir='ltr'>scilicet</span> <span class='ocrx_word' id='word_1_31' title='bbox 826 1351 1062 1448; x_wconf 90' lang='lat' dir='ltr'>Guilelmum,</span> <span class='ocrx_word' id='word_1_32' title='bbox 1083 1354 1144 1447; x_wconf 87' lang='lat' dir='ltr'>qui</span> <span class='ocrx_word' id='word_1_33' title='bbox 1172 1353 1239 1427; x_wconf 87' lang='lat' dir='ltr'>luit</span> <span class='ocrx_word' id='word_1_34' title='bbox 1270 1353 1421 1427; x_wconf 89' lang='lat' dir='ltr'>ultimus</span> <span class='ocrx_word' id='word_1_35' title='bbox 1448 1371 1513 1426; x_wconf 85' lang='lat' dir='ltr'>rex</span> <span class='ocrx_word' id='word_1_36' title='bbox 1541 1351 1672 1426; x_wconf 84' lang='lat' dir='ltr'>Siciliae</span> 
     </span>
     <span class='ocr_line' id='line_1_6' title="bbox 500 1471 1673 1567; baseline -0.003 -20"><span class='ocrx_word' id='word_1_37' title='bbox 500 1472 547 1548; x_wconf 91' lang='lat' dir='ltr'>de</span> <span class='ocrx_word' id='word_1_38' title='bbox 570 1472 845 1548; x_wconf 82' lang='lat' dir='ltr'>successoribus</span> <span class='ocrx_word' id='word_1_39' title='bbox 870 1473 1019 1547; x_wconf 89' lang='lat' dir='ltr'>Roberti</span> <span class='ocrx_word' id='word_1_40' title='bbox 1044 1473 1251 1567; x_wconf 89' lang='lat' dir='ltr'>Guiscardi;</span> <span class='ocrx_word' id='word_1_41' title='bbox 1277 1473 1341 1567; x_wconf 86' lang='lat' dir='ltr'>qul</span> <span class='ocrx_word' id='word_1_42' title='bbox 1370 1471 1574 1546; x_wconf 79' lang='lat' dir='ltr'><strong>Guilelmus</strong></span> <span class='ocrx_word' id='word_1_43' title='bbox 1605 1471 1673 1544; x_wconf 89' lang='lat' dir='ltr'>luit</span> 
     </span>
     <span class='ocr_line' id='line_1_7' title="bbox 500 1591 1674 1688; baseline -0.002 -20"><span class='ocrx_word' id='word_1_44' title='bbox 500 1614 604 1669; x_wconf 86' lang='lat' dir='ltr'>arus·</span> <span class='ocrx_word' id='word_1_45' title='bbox 618 1593 850 1686; x_wconf 72' lang='lat' dir='ltr'>constantim,</span> <span class='ocrx_word' id='word_1_46' title='bbox 875 1593 922 1668; x_wconf 91' lang='lat' dir='ltr'>de</span> <span class='ocrx_word' id='word_1_47' title='bbox 947 1615 1021 1687; x_wconf 88' lang='lat' dir='ltr'>qua</span> <span class='ocrx_word' id='word_1_48' title='bbox 1047 1593 1186 1670; x_wconf 91' lang='lat' dir='ltr'>dictum</span> <span class='ocrx_word' id='word_1_49' title='bbox 1204 1601 1260 1670; x_wconf 92' lang='lat' dir='ltr'>est</span> <span class='ocrx_word' id='word_1_50' title='bbox 1277 1593 1484 1688; x_wconf 87' lang='lat' dir='ltr'>Purgatoril</span> <span class='ocrx_word' id='word_1_51' title='bbox 1501 1591 1674 1687; x_wconf 88' lang='lat' dir='ltr'>capitulo,</span> 
     </span>
     <span class='ocr_line' id='line_1_8' title="bbox 501 1713 1669 1810; baseline -0.005 -20"><span class='ocrx_word' id='word_1_52' title='bbox 501 1721 539 1790; x_wconf 89' lang='lat' dir='ltr'>et</span> <span class='ocrx_word' id='word_1_53' title='bbox 563 1713 726 1788; x_wconf 90' lang='lat' dir='ltr'>Paradisi</span> <span class='ocrx_word' id='word_1_54' title='bbox 751 1713 920 1808; x_wconf 85' lang='lat' dir='ltr'>capitulo.</span> <span class='ocrx_word' id='word_1_55' title='bbox 947 1714 1018 1790; x_wconf 89' lang='lat' dir='ltr'>lste</span> <span class='ocrx_word' id='word_1_56' title='bbox 1042 1714 1221 1810; x_wconf 83' lang='lat' dir='ltr'>siquidem</span> <span class='ocrx_word' id='word_1_57' title='bbox 1250 1715 1316 1788; x_wconf 89' lang='lat' dir='ltr'>luit</span> <span class='ocrx_word' id='word_1_58' title='bbox 1347 1713 1507 1808; x_wconf 91' lang='lat' dir='ltr'>optimus</span> <span class='ocrx_word' id='word_1_59' title='bbox 1538 1733 1669 1809; x_wconf 85' lang='lat' dir='ltr'>regum</span> 
     </span>
     <span class='ocr_line' id='line_1_9' title="bbox 500 1834 1673 1930; baseline -0.003 -20"><span class='ocrx_word' id='word_1_60' title='bbox 500 1835 557 1910; x_wconf 89' lang='lat' dir='ltr'>sui</span> <span class='ocrx_word' id='word_1_61' title='bbox 582 1835 760 1930; x_wconf 87' lang='lat' dir='ltr'>temporis</span> <span class='ocrx_word' id='word_1_62' title='bbox 783 1834 821 1907; x_wconf 92' lang='lat' dir='ltr'>in</span> <span class='ocrx_word' id='word_1_63' title='bbox 841 1834 995 1928; x_wconf 87' lang='lat' dir='ltr'>justitia,</span> <span class='ocrx_word' id='word_1_64' title='bbox 1019 1835 1247 1929; x_wconf 77' lang='lat' dir='ltr'>liberalitate,</span> <span class='ocrx_word' id='word_1_65' title='bbox 1272 1835 1479 1928; x_wconf 87' lang='lat' dir='ltr'>clementia,</span> <span class='ocrx_word' id='word_1_66' title='bbox 1506 1841 1544 1909; x_wconf 93' lang='lat' dir='ltr'>et</span> <span class='ocrx_word' id='word_1_67' title='bbox 1573 1834 1673 1908; x_wconf 92' lang='lat' dir='ltr'>omni</span> 
     </span>
     <span class='ocr_line' id='line_1_10' title="bbox 501 1955 1674 2051; baseline -0.002 -21"><span class='ocrx_word' id='word_1_68' title='bbox 501 1955 637 2030; x_wconf 87' lang='lat' dir='ltr'>virtute</span> <span class='ocrx_word' id='word_1_69' title='bbox 661 1955 820 2030; x_wconf 83' lang='lat' dir='ltr'>heroica.</span> <span class='ocrx_word' id='word_1_70' title='bbox 847 1955 1027 2051; x_wconf 79' lang='lat' dir='ltr'>Regnavit</span> <span class='ocrx_word' id='word_1_71' title='bbox 1051 1956 1088 2030; x_wconf 92' lang='lat' dir='ltr'>in</span> <span class='ocrx_word' id='word_1_72' title='bbox 1113 1955 1232 2031; x_wconf 76' lang='lat' dir='ltr'>Sicilia</span> <span class='ocrx_word' id='word_1_73' title='bbox 1259 1957 1295 2030; x_wconf 92' lang='lat' dir='ltr'>in</span> <span class='ocrx_word' id='word_1_74' title='bbox 1322 1956 1471 2032; x_wconf 86' lang='lat' dir='ltr'>llCLllll</span> <span class='ocrx_word' id='word_1_75' title='bbox 1493 1965 1560 2030; x_wconf 88' lang='lat' dir='ltr'>ele.</span> <span class='ocrx_word' id='word_1_76' title='bbox 1584 1956 1674 2030; x_wconf 83' lang='lat' dir='ltr'>llicit</span> 
     </span>
     <span class='ocr_line' id='line_1_11' title="bbox 500 2077 1673 2172; baseline 0 -22"><span class='ocrx_word' id='word_1_77' title='bbox 500 2097 608 2172; x_wconf 88' lang='lat' dir='ltr'>ergo:</span> <span class='ocrx_word' id='word_1_78' title='bbox 635 2081 668 2148; x_wconf 81' lang='lat' dir='ltr'><em>E</em></span> <span class='ocrx_word' id='word_1_79' title='bbox 689 2077 769 2169; x_wconf 77' lang='lat' dir='ltr'>puel</span> <span class='ocrx_word' id='word_1_80' title='bbox 789 2077 851 2150; x_wconf 77' lang='lat' dir='ltr'>cle</span> <span class='ocrx_word' id='word_1_81' title='bbox 874 2079 953 2150; x_wconf 81' lang='lat' dir='ltr'>aedi</span> <span class='ocrx_word' id='word_1_82' title='bbox 976 2080 1055 2150; x_wconf 87' lang='lat' dir='ltr'>nell’</span> <span class='ocrx_word' id='word_1_83' title='bbox 1065 2097 1153 2150; x_wconf 84' lang='lat' dir='ltr'>arco</span> <span class='ocrx_word' id='word_1_84' title='bbox 1171 2081 1317 2168; x_wconf 83' lang='lat' dir='ltr'>declivo,</span> <span class='ocrx_word' id='word_1_85' title='bbox 1337 2077 1438 2172; x_wconf 86' lang='lat' dir='ltr'>idest,</span> <span class='ocrx_word' id='word_1_86' title='bbox 1458 2077 1493 2151; x_wconf 93' lang='lat' dir='ltr'>in</span> <span class='ocrx_word' id='word_1_87' title='bbox 1511 2077 1673 2152; x_wconf 92' lang='lat' dir='ltr'>inleriorl</span> 
     </span>
     <span class='ocr_line' id='line_1_12' title="bbox 500 2196 1675 2291; baseline 0.002 -23"><span class='ocrx_word' id='word_1_88' title='bbox 500 2201 606 2291; x_wconf 89' lang='lat' dir='ltr'>parte</span> <span class='ocrx_word' id='word_1_89' title='bbox 624 2196 762 2290; x_wconf 85' lang='lat' dir='ltr'>circuli,</span> <span class='ocrx_word' id='word_1_90' title='bbox 774 2201 815 2290; x_wconf 79' lang='lat' dir='ltr'>lu</span> <span class='ocrx_word' id='word_1_91' title='bbox 833 2199 1038 2288; x_wconf 75' lang='lat' dir='ltr'>Giripttetmo</span> <span class='ocrx_word' id='word_1_92' title='bbox 1049 2201 1117 2291; x_wconf 86' lang='lat' dir='ltr'>cui,</span> <span class='ocrx_word' id='word_1_93' title='bbox 1133 2197 1236 2291; x_wconf 89' lang='lat' dir='ltr'>idest,</span> <span class='ocrx_word' id='word_1_94' title='bbox 1250 2197 1356 2272; x_wconf 89' lang='lat' dir='ltr'>cuius</span> <span class='ocrx_word' id='word_1_95' title='bbox 1375 2205 1545 2291; x_wconf 88' lang='lat' dir='ltr'>mortem,</span> <span class='ocrx_word' id='word_1_96' title='bbox 1559 2200 1675 2289; x_wconf 81' lang='lat' dir='ltr'>quello</span> 
     </span>
     <span class='ocr_line' id='line_1_13' title="bbox 499 2315 1675 2414; baseline 0.001 -24"><span class='ocrx_word' id='word_1_97' title='bbox 499 2324 597 2390; x_wconf 81' lang='lat' dir='ltr'>terra</span> <span class='ocrx_word' id='word_1_98' title='bbox 623 2319 746 2409; x_wconf 84' lang='lat' dir='ltr'>ploro,</span> <span class='ocrx_word' id='word_1_99' title='bbox 778 2315 879 2411; x_wconf 81' lang='lat' dir='ltr'>idest,</span> <span class='ocrx_word' id='word_1_100' title='bbox 913 2315 1032 2391; x_wconf 88' lang='lat' dir='ltr'>Sicilia</span> <span class='ocrx_word' id='word_1_101' title='bbox 1063 2317 1224 2414; x_wconf 87' lang='lat' dir='ltr'>plangit;</span> <span class='ocrx_word' id='word_1_102' title='bbox 1259 2323 1296 2392; x_wconf 91' lang='lat' dir='ltr'>et</span> <span class='ocrx_word' id='word_1_103' title='bbox 1326 2317 1428 2393; x_wconf 90' lang='lat' dir='ltr'>dicit:</span> <span class='ocrx_word' id='word_1_104' title='bbox 1455 2321 1514 2391; x_wconf 82' lang='lat' dir='ltr'>cie</span> <span class='ocrx_word' id='word_1_105' title='bbox 1542 2321 1675 2409; x_wconf 75' lang='lat' dir='ltr'>ptango</span> 
     </span>
     <span class='ocr_line' id='line_1_14' title="bbox 502 2437 1669 2532; baseline 0.001 -23"><span class='ocrx_word' id='word_1_106' title='bbox 502 2440 608 2510; x_wconf 78' lang='lat' dir='ltr'>corto</span> <span class='ocrx_word' id='word_1_107' title='bbox 633 2456 652 2509; x_wconf 87' lang='lat' dir='ltr'>e</span> <span class='ocrx_word' id='word_1_108' title='bbox 676 2439 843 2511; x_wconf 62' lang='lat' dir='ltr'>bedenac</span> <span class='ocrx_word' id='word_1_109' title='bbox 869 2440 959 2532; x_wconf 70' lang='lat' dir='ltr'>nvo,</span> <span class='ocrx_word' id='word_1_110' title='bbox 984 2437 1071 2531; x_wconf 87' lang='lat' dir='ltr'>quia</span> <span class='ocrx_word' id='word_1_111' title='bbox 1097 2438 1233 2512; x_wconf 89' lang='lat' dir='ltr'>scilicet</span> <span class='ocrx_word' id='word_1_112' title='bbox 1259 2439 1411 2513; x_wconf 86' lang='lat' dir='ltr'>Carolus</span> <span class='ocrx_word' id='word_1_113' title='bbox 1436 2438 1576 2514; x_wconf 88' lang='lat' dir='ltr'>Ciottus</span> <span class='ocrx_word' id='word_1_114' title='bbox 1606 2437 1669 2532; x_wconf 90' lang='lat' dir='ltr'>qui</span> 
     </span>
     <span class='ocr_line' id='line_1_15' title="bbox 498 2557 1669 2654; baseline 0.002 -24"><span class='ocrx_word' id='word_1_115' title='bbox 498 2564 588 2631; x_wconf 87' lang='lat' dir='ltr'>tuuc</span> <span class='ocrx_word' id='word_1_116' title='bbox 613 2557 801 2654; x_wconf 77' lang='lat' dir='ltr'>regnabat,</span> <span class='ocrx_word' id='word_1_117' title='bbox 816 2557 970 2633; x_wconf 89' lang='lat' dir='ltr'>iaciebat</span> <span class='ocrx_word' id='word_1_118' title='bbox 983 2557 1048 2632; x_wconf 91' lang='lat' dir='ltr'>sibi</span> <span class='ocrx_word' id='word_1_119' title='bbox 1066 2558 1217 2633; x_wconf 84' lang='lat' dir='ltr'>doloris</span> <span class='ocrx_word' id='word_1_120' title='bbox 1238 2579 1428 2654; x_wconf 83' lang='lat' dir='ltr'>guerram,</span> <span class='ocrx_word' id='word_1_121' title='bbox 1446 2565 1482 2634; x_wconf 90' lang='lat' dir='ltr'>et</span> <span class='ocrx_word' id='word_1_122' title='bbox 1499 2558 1669 2632; x_wconf 87' lang='lat' dir='ltr'>domiuus</span> 
     </span>
     <span class='ocr_line' id='line_1_16' title="bbox 500 2675 1671 2773; baseline 0.002 -23"><span class='ocrx_word' id='word_1_123' title='bbox 500 2675 709 2752; x_wconf 83' lang='lat' dir='ltr'>Fridericus</span> <span class='ocrx_word' id='word_1_124' title='bbox 733 2677 832 2751; x_wconf 92' lang='lat' dir='ltr'>intus</span> <span class='ocrx_word' id='word_1_125' title='bbox 855 2677 1035 2773; x_wconf 80' lang='lat' dir='ltr'>gravabat</span> <span class='ocrx_word' id='word_1_126' title='bbox 1055 2677 1170 2773; x_wconf 89' lang='lat' dir='ltr'>ipsam</span> <span class='ocrx_word' id='word_1_127' title='bbox 1196 2697 1282 2751; x_wconf 91' lang='lat' dir='ltr'>cum</span> <span class='ocrx_word' id='word_1_128' title='bbox 1301 2698 1368 2752; x_wconf 91' lang='lat' dir='ltr'>sua</span> <span class='ocrx_word' id='word_1_129' title='bbox 1390 2678 1560 2752; x_wconf 90' lang='lat' dir='ltr'>vilissima</span> <span class='ocrx_word' id='word_1_130' title='bbox 1580 2699 1671 2752; x_wconf 86' lang='lat' dir='ltr'>ara·</span> 
     </span>
     <span class='ocr_line' id='line_1_17' title="bbox 502 2795 1671 2894; baseline -0.002 -22"><span class='ocrx_word' id='word_1_131' title='bbox 502 2797 603 2891; x_wconf 81' lang='lat' dir='ltr'>ritia3</span> <span class='ocrx_word' id='word_1_132' title='bbox 636 2798 696 2872; x_wconf 86' lang='lat' dir='ltr'>vel</span> <span class='ocrx_word' id='word_1_133' title='bbox 726 2796 784 2871; x_wconf 90' lang='lat' dir='ltr'>dic</span> <span class='ocrx_word' id='word_1_134' title='bbox 817 2795 916 2890; x_wconf 83' lang='lat' dir='ltr'>quod</span> <span class='ocrx_word' id='word_1_135' title='bbox 946 2798 1065 2892; x_wconf 86' lang='lat' dir='ltr'>plorat</span> <span class='ocrx_word' id='word_1_136' title='bbox 1097 2797 1272 2873; x_wconf 84' lang='lat' dir='ltr'>Carolum</span> <span class='ocrx_word' id='word_1_137' title='bbox 1307 2804 1497 2871; x_wconf 88' lang='lat' dir='ltr'>mortuum</span> <span class='ocrx_word' id='word_1_138' title='bbox 1530 2803 1671 2894; x_wconf 86' lang='lat' dir='ltr'>patrem</span> 
     </span>
     <span class='ocr_line' id='line_1_18' title="bbox 500 2915 1675 3022; baseline -0.001 -30"><span class='ocrx_word' id='word_1_139' title='bbox 500 2917 584 2992; x_wconf 88' lang='lat' dir='ltr'>dicti</span> <span class='ocrx_word' id='word_1_140' title='bbox 609 2917 727 3011; x_wconf 84' lang='lat' dir='ltr'>Giotti,</span> <span class='ocrx_word' id='word_1_141' title='bbox 760 2918 823 3010; x_wconf 83' lang='lat' dir='ltr'>qui</span> <span class='ocrx_word' id='word_1_142' title='bbox 854 2915 1009 3012; x_wconf 84' lang='lat' dir='ltr'>perdidit</span> <span class='ocrx_word' id='word_1_143' title='bbox 1040 2917 1154 3013; x_wconf 83' lang='lat' dir='ltr'>ipsam</span> <span class='ocrx_word' id='word_1_144' title='bbox 1181 2917 1353 3012; x_wconf 90' lang='lat' dir='ltr'>Siciliam,</span> <span class='ocrx_word' id='word_1_145' title='bbox 1380 2938 1492 3012; x_wconf 88' lang='lat' dir='ltr'>quam</span> <span class='ocrx_word' id='word_1_146' title='bbox 1524 2937 1675 3022; x_wconf 67' lang='lat' dir='ltr'>oppges-</span> 
     </span>
     <span class='ocr_line' id='line_1_19' title="bbox 502 3037 1674 3133; baseline -0.003 -19"><span class='ocrx_word' id='word_1_147' title='bbox 502 3045 601 3114; x_wconf 88' lang='lat' dir='ltr'>serat</span> <span class='ocrx_word' id='word_1_148' title='bbox 618 3057 684 3132; x_wconf 92' lang='lat' dir='ltr'>per</span> <span class='ocrx_word' id='word_1_149' title='bbox 702 3037 911 3111; x_wconf 90' lang='lat' dir='ltr'>iniustitiam</span> <span class='ocrx_word' id='word_1_150' title='bbox 926 3043 964 3112; x_wconf 87' lang='lat' dir='ltr'>et</span> <span class='ocrx_word' id='word_1_151' title='bbox 976 3037 1202 3133; x_wconf 82' lang='lat' dir='ltr'>tyrannicam</span> <span class='ocrx_word' id='word_1_152' title='bbox 1222 3038 1426 3132; x_wconf 88' lang='lat' dir='ltr'>avaritiam,</span> <span class='ocrx_word' id='word_1_153' title='bbox 1441 3045 1482 3111; x_wconf 88' lang='lat' dir='ltr'>ut</span> <span class='ocrx_word' id='word_1_154' title='bbox 1499 3038 1674 3133; x_wconf 91' lang='lat' dir='ltr'>scriptum</span> 
     </span>
     <span class='ocr_line' id='line_1_20' title="bbox 502 3156 1675 3253; baseline -0.003 -20"><span class='ocrx_word' id='word_1_155' title='bbox 502 3164 557 3233; x_wconf 91' lang='lat' dir='ltr'>est</span> <span class='ocrx_word' id='word_1_156' title='bbox 582 3178 696 3252; x_wconf 89' lang='lat' dir='ltr'>supra</span> <span class='ocrx_word' id='word_1_157' title='bbox 720 3156 879 3253; x_wconf 90' lang='lat' dir='ltr'>capitulo</span> <span class='ocrx_word' id='word_1_158' title='bbox 904 3157 1015 3231; x_wconf 92' lang='lat' dir='ltr'>buius</span> <span class='ocrx_word' id='word_1_159' title='bbox 1040 3156 1211 3232; x_wconf 86' lang='lat' dir='ltr'>Paradisi.</span> <span class='ocrx_word' id='word_1_160' title='bbox 1246 3158 1291 3231; x_wconf 85' lang='lat' dir='ltr'>Et</span> <span class='ocrx_word' id='word_1_161' title='bbox 1323 3157 1410 3251; x_wconf 85' lang='lat' dir='ltr'>quia</span> <span class='ocrx_word' id='word_1_162' title='bbox 1446 3157 1503 3232; x_wconf 89' lang='lat' dir='ltr'>bic</span> <span class='ocrx_word' id='word_1_163' title='bbox 1537 3157 1675 3232; x_wconf 82' lang='lat' dir='ltr'>Guilel-</span> 
     </span>
     <span class='ocr_line' id='line_1_21' title="bbox 503 3276 1677 3373; baseline 0 -22"><span class='ocrx_word' id='word_1_164' title='bbox 503 3299 586 3351; x_wconf 89' lang='lat' dir='ltr'>mus</span> <span class='ocrx_word' id='word_1_165' title='bbox 612 3276 679 3350; x_wconf 90' lang='lat' dir='ltr'>luil</span> <span class='ocrx_word' id='word_1_166' title='bbox 699 3276 934 3372; x_wconf 87' lang='lat' dir='ltr'>justissimus,</span> <span class='ocrx_word' id='word_1_167' title='bbox 960 3277 1042 3352; x_wconf 88' lang='lat' dir='ltr'>ideo</span> <span class='ocrx_word' id='word_1_168' title='bbox 1067 3277 1188 3352; x_wconf 87' lang='lat' dir='ltr'>subdit</span> <span class='ocrx_word' id='word_1_169' title='bbox 1208 3278 1348 3352; x_wconf 92' lang='lat' dir='ltr'>bonum</span> <span class='ocrx_word' id='word_1_170' title='bbox 1367 3278 1540 3353; x_wconf 85' lang='lat' dir='ltr'>ellectum</span> <span class='ocrx_word' id='word_1_171' title='bbox 1565 3278 1677 3373; x_wconf 89' lang='lat' dir='ltr'>ipsius</span> 
     </span>
     <span class='ocr_line' id='line_1_22' title="bbox 498 3397 1676 3494; baseline -0.001 -22"><span class='ocrx_word' id='word_1_172' title='bbox 498 3397 659 3492; x_wconf 77' lang='lat' dir='ltr'>justitie.</span> <span class='ocrx_word' id='word_1_173' title='bbox 686 3398 730 3472; x_wconf 81' lang='lat' dir='ltr'>Et</span> <span class='ocrx_word' id='word_1_174' title='bbox 754 3398 813 3473; x_wconf 90' lang='lat' dir='ltr'>bic</span> <span class='ocrx_word' id='word_1_175' title='bbox 836 3401 923 3473; x_wconf 88' lang='lat' dir='ltr'>uota</span> <span class='ocrx_word' id='word_1_176' title='bbox 948 3398 995 3473; x_wconf 89' lang='lat' dir='ltr'>do</span> <span class='ocrx_word' id='word_1_177' title='bbox 1014 3397 1155 3494; x_wconf 86' lang='lat' dir='ltr'>justitia</span> <span class='ocrx_word' id='word_1_178' title='bbox 1187 3397 1342 3472; x_wconf 89' lang='lat' dir='ltr'>mirabili</span> <span class='ocrx_word' id='word_1_179' title='bbox 1369 3399 1405 3471; x_wconf 93' lang='lat' dir='ltr'>in</span> <span class='ocrx_word' id='word_1_180' title='bbox 1432 3399 1560 3494; x_wconf 87' lang='lat' dir='ltr'>pulcro</span> <span class='ocrx_word' id='word_1_181' title='bbox 1590 3401 1676 3473; x_wconf 90' lang='lat' dir='ltr'>Zer-</span> 
     </span>
     <span class='ocr_line' id='line_1_23' title="bbox 504 3517 1677 3612; baseline 0 -20"><span class='ocrx_word' id='word_1_182' title='bbox 504 3517 590 3592; x_wconf 92' lang='lat' dir='ltr'>bino</span> <span class='ocrx_word' id='word_1_183' title='bbox 615 3517 793 3612; x_wconf 84' lang='lat' dir='ltr'>filiosuo,</span> <span class='ocrx_word' id='word_1_184' title='bbox 818 3517 957 3592; x_wconf 85' lang='lat' dir='ltr'>dicens:</span> <span class='ocrx_word' id='word_1_185' title='bbox 983 3539 1054 3592; x_wconf 85' lang='lat' dir='ltr'>ora</span> <span class='ocrx_word' id='word_1_186' title='bbox 1077 3538 1223 3592; x_wconf 81' lang='lat' dir='ltr'>renosco</span> <span class='ocrx_word' id='word_1_187' title='bbox 1248 3539 1344 3592; x_wconf 83' lang='lat' dir='ltr'>come</span> <span class='ocrx_word' id='word_1_188' title='bbox 1374 3522 1409 3592; x_wconf 89' lang='lat' dir='ltr'>to</span> <span class='ocrx_word' id='word_1_189' title='bbox 1439 3522 1503 3592; x_wconf 87' lang='lat' dir='ltr'>ciel</span> <span class='ocrx_word' id='word_1_190' title='bbox 1531 3522 1559 3592; x_wconf 85' lang='lat' dir='ltr'>s’</span> <span class='ocrx_word' id='word_1_191' title='bbox 1572 3523 1677 3592; x_wconf 84' lang='lat' dir='ltr'>iuna·</span> 
     </span>
     <span class='ocr_line' id='line_1_24' title="bbox 503 3638 1678 3733; baseline 0.001 -23"><span class='ocrx_word' id='word_1_192' title='bbox 503 3657 607 3712; x_wconf 85' lang='lat' dir='ltr'>mora</span> <span class='ocrx_word' id='word_1_193' title='bbox 639 3639 697 3711; x_wconf 83' lang='lat' dir='ltr'>del</span> <span class='ocrx_word' id='word_1_194' title='bbox 724 3641 839 3728; x_wconf 74' lang='lat' dir='ltr'>picato</span> <span class='ocrx_word' id='word_1_195' title='bbox 870 3658 966 3729; x_wconf 76' lang='lat' dir='ltr'>repe,</span> <span class='ocrx_word' id='word_1_196' title='bbox 995 3638 1097 3732; x_wconf 87' lang='lat' dir='ltr'>idest,</span> <span class='ocrx_word' id='word_1_197' title='bbox 1123 3644 1303 3733; x_wconf 87' lang='lat' dir='ltr'>quantum</span> <span class='ocrx_word' id='word_1_198' title='bbox 1339 3638 1376 3711; x_wconf 94' lang='lat' dir='ltr'>in</span> <span class='ocrx_word' id='word_1_199' title='bbox 1410 3639 1504 3712; x_wconf 88' lang='lat' dir='ltr'>coelo</span> <span class='ocrx_word' id='word_1_200' title='bbox 1529 3645 1678 3714; x_wconf 88' lang='lat' dir='ltr'>amatur</span> 
     </span>
     <span class='ocr_line' id='line_1_25' title="bbox 499 3755 1678 3854; baseline -0.002 -22"><span class='ocrx_word' id='word_1_201' title='bbox 499 3757 637 3853; x_wconf 87' lang='lat' dir='ltr'>justitia</span> <span class='ocrx_word' id='word_1_202' title='bbox 666 3757 808 3854; x_wconf 88' lang='lat' dir='ltr'>regalis.</span> <span class='ocrx_word' id='word_1_203' title='bbox 843 3758 888 3832; x_wconf 81' lang='lat' dir='ltr'>Et</span> <span class='ocrx_word' id='word_1_204' title='bbox 916 3757 1003 3832; x_wconf 88' lang='lat' dir='ltr'>dicit</span> <span class='ocrx_word' id='word_1_205' title='bbox 1032 3758 1133 3852; x_wconf 88' lang='lat' dir='ltr'>quod</span> <span class='ocrx_word' id='word_1_206' title='bbox 1163 3755 1320 3832; x_wconf 87' lang='lat' dir='ltr'>ostendit</span> <span class='ocrx_word' id='word_1_207' title='bbox 1355 3778 1421 3852; x_wconf 91' lang='lat' dir='ltr'>per</span> <span class='ocrx_word' id='word_1_208' title='bbox 1451 3758 1600 3832; x_wconf 84' lang='lat' dir='ltr'>evidens</span> <span class='ocrx_word' id='word_1_209' title='bbox 1629 3757 1678 3831; x_wconf 92' lang='lat' dir='ltr'>si·</span> 
     </span>
     <span class='ocr_line' id='line_1_26' title="bbox 441 3877 1678 3974; baseline -0.001 -22"><span class='ocrx_word' id='word_1_210' title='bbox 441 3958 445 3972; x_wconf 33' lang='lat'><strong><em>¹</em></strong></span> <span class='ocrx_word' id='word_1_211' title='bbox 503 3898 619 3974; x_wconf 90' lang='lat' dir='ltr'>guum</span> <span class='ocrx_word' id='word_1_212' title='bbox 645 3877 846 3974; x_wconf 80' lang='lat' dir='ltr'>fulgentem</span> <span class='ocrx_word' id='word_1_213' title='bbox 871 3877 1026 3974; x_wconf 88' lang='lat' dir='ltr'>gloriam</span> <span class='ocrx_word' id='word_1_214' title='bbox 1053 3898 1168 3972; x_wconf 87' lang='lat' dir='ltr'>quam</span> <span class='ocrx_word' id='word_1_215' title='bbox 1195 3877 1322 3973; x_wconf 90' lang='lat' dir='ltr'>recipit</span> <span class='ocrx_word' id='word_1_216' title='bbox 1346 3898 1416 3974; x_wconf 95' lang='lat' dir='ltr'>pro</span> <span class='ocrx_word' id='word_1_217' title='bbox 1440 3899 1508 3954; x_wconf 89' lang='lat' dir='ltr'>sua</span> <span class='ocrx_word' id='word_1_218' title='bbox 1524 3878 1678 3974; x_wconf 85' lang='lat' dir='ltr'>justitia,</span> 
     </span>
     <span class='ocr_line' id='line_1_27' title="bbox 504 3999 1715 4094; baseline -0.002 -20"><span class='ocrx_word' id='word_1_219' title='bbox 504 3999 644 4074; x_wconf 90' lang='lat' dir='ltr'>dicens:</span> <span class='ocrx_word' id='word_1_220' title='bbox 657 4007 691 4072; x_wconf 86' lang='lat' dir='ltr'>et</span> <span class='ocrx_word' id='word_1_221' title='bbox 704 4019 843 4073; x_wconf 81' lang='lat' dir='ltr'>ancora</span> <span class='ocrx_word' id='word_1_222' title='bbox 857 4003 886 4072; x_wconf 85' lang='lat' dir='ltr'>it</span> <span class='ocrx_word' id='word_1_223' title='bbox 900 4002 943 4093; x_wconf 86' lang='lat' dir='ltr'>so</span> <span class='ocrx_word' id='word_1_224' title='bbox 962 4003 1097 4094; x_wconf 63' lang='lat' dir='ltr'>udae,</span> <span class='ocrx_word' id='word_1_225' title='bbox 1118 3999 1222 4094; x_wconf 88' lang='lat' dir='ltr'>idest,</span> <span class='ocrx_word' id='word_1_226' title='bbox 1243 4000 1328 4076; x_wconf 89' lang='lat' dir='ltr'>lacit</span> <span class='ocrx_word' id='word_1_227' title='bbox 1348 4001 1422 4089; x_wconf 73' lang='lat' dir='ltr'>boo¹</span> <span class='ocrx_word' id='word_1_228' title='bbox 1443 4000 1678 4075; x_wconf 80' lang='lat' dir='ltr'>manifestum</span> <span class='ocrx_word' id='word_1_229' title='bbox 1710 4083 1715 4094; x_wconf 25' lang='lat'><em>1</em></span> 
     </span>
     <span class='ocr_line' id='line_1_28' title="bbox 505 4119 1678 4217; baseline -0.001 -24"><span class='ocrx_word' id='word_1_230' title='bbox 505 4119 632 4213; x_wconf 82' lang='lat' dir='ltr'>rideri,</span> <span class='ocrx_word' id='word_1_231' title='bbox 657 4122 696 4194; x_wconf 83' lang='lat' dir='ltr'>at</span> <span class='ocrx_word' id='word_1_232' title='bbox 718 4121 919 4213; x_wconf 72' lang='lat' dir='ltr'>ambiente,</span> <span class='ocrx_word' id='word_1_233' title='bbox 949 4119 1050 4214; x_wconf 89' lang='lat' dir='ltr'>idest,</span> <span class='ocrx_word' id='word_1_234' title='bbox 1075 4121 1340 4217; x_wconf 87' lang='lat' dir='ltr'>apparentiam,</span> <span class='ocrx_word' id='word_1_235' title='bbox 1366 4123 1424 4194; x_wconf 86' lang='lat' dir='ltr'>del</span> <span class='ocrx_word' id='word_1_236' title='bbox 1445 4141 1509 4194; x_wconf 84' lang='lat' dir='ltr'>suo</span> <span class='ocrx_word' id='word_1_237' title='bbox 1523 4123 1678 4214; x_wconf 74' lang='lat' dir='ltr'>fulgora,</span> 
     </span>
     <span class='ocr_line' id='line_1_29' title="bbox 504 4231 1680 4337; baseline 0.002 -23"><span class='ocrx_word' id='word_1_238' title='bbox 504 4239 606 4334; x_wconf 84' lang='lat' dir='ltr'>idest,</span> <span class='ocrx_word' id='word_1_239' title='bbox 634 4241 715 4316; x_wconf 90' lang='lat' dir='ltr'>eius</span> <span class='ocrx_word' id='word_1_240' title='bbox 746 4241 910 4337; x_wconf 79' lang='lat' dir='ltr'>preclari</span> <span class='ocrx_word' id='word_1_241' title='bbox 942 4241 1143 4336; x_wconf 85' lang='lat' dir='ltr'>splendoris</span> <span class='ocrx_word' id='word_1_242' title='bbox 1156 4231 1206 4334; x_wconf 79' lang='lat'><strong>(¹).</strong></span> <span class='ocrx_word' id='word_1_243' title='bbox 1222 4281 1271 4304; x_wconf 73' lang='lat'><em>-</em></span> <span class='ocrx_word' id='word_1_244' title='bbox 1286 4245 1347 4314; x_wconf 82' lang='lat' dir='ltr'>Gli</span> <span class='ocrx_word' id='word_1_245' title='bbox 1374 4241 1680 4316; x_wconf 67' lang='lat' dir='ltr'>uenerationis</span> 
     </span>
     <span class='ocr_line' id='line_1_30' title="bbox 503 4354 1678 4458; baseline 0.001 -23"><span class='ocrx_word' id='word_1_246' title='bbox 503 4361 627 4455; x_wconf 84' lang='lat' dir='ltr'>aquila</span> <span class='ocrx_word' id='word_1_247' title='bbox 646 4361 777 4436; x_wconf 92' lang='lat' dir='ltr'>ultimo</span> <span class='ocrx_word' id='word_1_248' title='bbox 794 4362 960 4437; x_wconf 89' lang='lat' dir='ltr'>nominat</span> <span class='ocrx_word' id='word_1_249' title='bbox 974 4361 1143 4434; x_wconf 89' lang='lat' dir='ltr'>ultimum</span> <span class='ocrx_word' id='word_1_250' title='bbox 1157 4362 1325 4458; x_wconf 88' lang='lat' dir='ltr'>spiritum</span> <span class='ocrx_word' id='word_1_251' title='bbox 1341 4361 1485 4436; x_wconf 92' lang='lat' dir='ltr'>indicto</span> <span class='ocrx_word' id='word_1_252' title='bbox 1503 4363 1612 4436; x_wconf 91' lang='lat' dir='ltr'>oculo</span> <span class='ocrx_word' id='word_1_253' title='bbox 1628 4354 1678 4454; x_wconf 82' lang='lat'>(³),</span> 
     </span>
     <span class='ocr_line' id='line_1_31' title="bbox 503 4481 1676 4577; baseline -0.002 -21"><span class='ocrx_word' id='word_1_254' title='bbox 503 4481 640 4556; x_wconf 87' lang='lat' dir='ltr'>scilicet</span> <span class='ocrx_word' id='word_1_255' title='bbox 651 4482 848 4575; x_wconf 85' lang='lat' dir='ltr'>quemdam</span> <span class='ocrx_word' id='word_1_256' title='bbox 864 4482 1043 4577; x_wconf 81' lang='lat' dir='ltr'>ltipbeum</span> <span class='ocrx_word' id='word_1_257' title='bbox 1060 4481 1257 4555; x_wconf 89' lang='lat' dir='ltr'>troianum.</span> <span class='ocrx_word' id='word_1_258' title='bbox 1272 4481 1326 4555; x_wconf 81' lang='lat' dir='ltr'>ld</span> <span class='ocrx_word' id='word_1_259' title='bbox 1338 4481 1443 4556; x_wconf 90' lang='lat' dir='ltr'>ouius</span> <span class='ocrx_word' id='word_1_260' title='bbox 1457 4481 1676 4558; x_wconf 86' lang='lat' dir='ltr'>evidentiam</span> 
     </span>
     <span class='ocr_line' id='line_1_32' title="bbox 503 4602 1679 4700; baseline -0.002 -22"><span class='ocrx_word' id='word_1_261' title='bbox 503 4609 559 4678; x_wconf 79' lang='lat' dir='ltr'>ert</span> <span class='ocrx_word' id='word_1_262' title='bbox 587 4603 867 4700; x_wconf 65' lang='lat' dir='ltr'>praesciendum,</span> <span class='ocrx_word' id='word_1_263' title='bbox 893 4604 1005 4698; x_wconf 85' lang='lat' dir='ltr'>quod,</span> <span class='ocrx_word' id='word_1_264' title='bbox 1031 4602 1127 4677; x_wconf 88' lang='lat' dir='ltr'>sicot</span> <span class='ocrx_word' id='word_1_265' title='bbox 1160 4602 1285 4678; x_wconf 85' lang='lat' dir='ltr'>scribit</span> <span class='ocrx_word' id='word_1_266' title='bbox 1310 4603 1482 4699; x_wconf 85' lang='lat' dir='ltr'>Virgilius</span> <span class='ocrx_word' id='word_1_267' title='bbox 1506 4603 1543 4677; x_wconf 90' lang='lat' dir='ltr'>in</span> <span class='ocrx_word' id='word_1_268' title='bbox 1569 4603 1679 4678; x_wconf 78' lang='lat' dir='ltr'>linei-</span> 
     </span>
     <span class='ocr_line' id='line_1_33' title="bbox 503 4723 1682 4821; baseline 0.001 -24"><span class='ocrx_word' id='word_1_269' title='bbox 503 4723 570 4819; x_wconf 91' lang='lat' dir='ltr'>dis,</span> <span class='ocrx_word' id='word_1_270' title='bbox 587 4733 692 4818; x_wconf 88' lang='lat' dir='ltr'>capta</span> <span class='ocrx_word' id='word_1_271' title='bbox 712 4725 821 4800; x_wconf 84' lang='lat' dir='ltr'>Troia</span> <span class='ocrx_word' id='word_1_272' title='bbox 844 4745 867 4800; x_wconf 86' lang='lat' dir='ltr'>a</span> <span class='ocrx_word' id='word_1_273' title='bbox 891 4723 1023 4821; x_wconf 78' lang='lat' dir='ltr'>grecis</span> <span class='ocrx_word' id='word_1_274' title='bbox 1045 4724 1175 4817; x_wconf 85' lang='lat' dir='ltr'>Encas,</span> <span class='ocrx_word' id='word_1_275' title='bbox 1192 4732 1336 4798; x_wconf 88' lang='lat' dir='ltr'>armata</span> <span class='ocrx_word' id='word_1_276' title='bbox 1356 4745 1465 4798; x_wconf 89' lang='lat' dir='ltr'>manu</span> <span class='ocrx_word' id='word_1_277' title='bbox 1494 4724 1682 4798; x_wconf 87' lang='lat' dir='ltr'>succurrit</span> 
     </span>
    </p>
   </div>
   <div class='ocr_carea' id='block_1_3' title="bbox 566 4979 1681 5048">
    <p class='ocr_par' dir='ltr' id='par_1_3' title="bbox 566 4979 1681 5048">
     <span class='ocr_line' id='line_1_34' title="bbox 566 4979 1681 5048; baseline 0.001 -17"><span class='ocrx_word' id='word_1_278' title='bbox 566 4983 596 5046; x_wconf 80' lang='lat'>(¹)</span> <span class='ocrx_word' id='word_1_279' title='bbox 611 4983 641 5032; x_wconf 84' lang='lat' dir='ltr'>li.</span> <span class='ocrx_word' id='word_1_280' title='bbox 657 4983 735 5034; x_wconf 80' lang='lat' dir='ltr'>dicit:</span> <span class='ocrx_word' id='word_1_281' title='bbox 750 4989 887 5035; x_wconf 68' lang='lat' dir='ltr'>eternum.</span> <span class='ocrx_word' id='word_1_282' title='bbox 942 4982 970 5048; x_wconf 80' lang='lat'>(¹)</span> <span class='ocrx_word' id='word_1_283' title='bbox 988 4983 1018 5034; x_wconf 84' lang='lat' dir='ltr'>E.</span> <span class='ocrx_word' id='word_1_284' title='bbox 1034 4983 1178 5047; x_wconf 83' lang='lat' dir='ltr'>splendoris</span> <span class='ocrx_word' id='word_1_285' title='bbox 1194 4982 1422 5046; x_wconf 69' lang='lat' dir='ltr'>predicti-clu</span> <span class='ocrx_word' id='word_1_286' title='bbox 1480 4979 1508 5044; x_wconf 64' lang='grc' dir='ltr'>Ρ)</span> <span class='ocrx_word' id='word_1_287' title='bbox 1524 4981 1555 5032; x_wconf 85' lang='grc' dir='ltr'>Ε.</span> <span class='ocrx_word' id='word_1_288' title='bbox 1571 4983 1681 5034; x_wconf 89' lang='lat' dir='ltr'>circulo.</span> 
     </span>
    </p>
   </div>
   <div class='ocr_carea' id='block_1_4' title="bbox 0 0 2430 6642">
    <p class='ocr_par' dir='ltr' id='par_1_4' title="bbox 0 0 2430 6642">
     <span class='ocr_line' id='line_1_35' title="bbox 0 0 2430 6642; baseline 0 0"><span class='ocrx_word' id='word_1_289' title='bbox 0 0 2430 6642; x_wconf 95' lang='lat' dir='ltr'> </span> 
     </span>
    </p>
   </div>
  </div>
 </body>
</html>
