4842 6642
790 787 861 854 tou
1180 799 1385 855 comsnrun
1409 797 1577 854 rmunrsr

787 1197 951 1266 centus
973 1198 1233 1267 TRIGESIMUS
1250 1199 1432 1268 TERTIUS
1456 1199 1510 1266 ET
1533 1197 1724 1266 ULTIMUS
1747 1199 1953 1280 Pennolsl,

864 1311 901 1375 in
915 1332 974 1394 quo
982 1314 1118 1393 ponitur
1139 1312 1251 1378 deuota
1274 1313 1375 1378 oratio
1398 1311 1441 1377 od
1459 1311 1582 1378 beatam
1610 1309 1781 1396 limium,
1805 1315 1835 1376 et
1856 1331 1955 1393 qnan-

868 1428 934 1488 tum
957 1429 1051 1490 oulor
1072 1423 1229 1490 intellexit
1250 1424 1288 1490 de
1310 1424 1485 1490 diuinitate.

871 1677 1069 1854 Krene
1094 1777 1233 1869 morire,
1258 1777 1359 1868 fipltu
1384 1778 1443 1850 del
1465 1781 1523 1850 luo
1549 1777 1672 1866 Fiplio.
1700 1775 1899 1868 Postquam
1926 1774 1963 1848 iu

789 1895 970 1991 superiori
987 1895 1147 1992 capitulo
1164 1895 1332 1992 proxime
1350 1895 1569 1992 praecedenti
1588 1895 1684 1970 circe
1703 1895 1812 1970 finem
1831 1895 1961 1970 beatus

788 2015 998 2090 Bernardus
1022 2016 1113 2090 dixit
1138 2017 1261 2092 autori
1286 2018 1492 2092 orationem
1520 2016 1598 2091 lore
1625 2016 1869 2092 necessariam
1896 2037 1962 2112 pro

787 2137 905 2233 gratia
932 2136 1172 2233 impetranda,
1200 2145 1237 2213 et
1262 2137 1429 2234 promisit
1453 2159 1494 2214 se
1518 2137 1704 2213 lecturum
1732 2136 1846 2232 ipsum
1877 2157 1963 2212 oru-

785 2261 924 2369 tionem
951 2261 998 2337 ud
1013 2254 1049 2354 (¹)
1078 2262 1223 2338 beatem
1259 2260 1447 2358 Virginem
1480 2261 1517 2337 in
1551 2261 1769 2356 obsequium
1801 2261 1958 2355 autoris3

788 2401 888 2456 nune
912 2389 1182 2476 consequenter
1207 2382 1244 2456 in
1270 2373 1559 2474 ist0(²)xxx11t
1584 2380 1681 2456 finali
1708 2381 1867 2477 capitulo
1888 2381 1964 2476 ipse

789 2501 1001 2577 Bernardns
1021 2503 1130 2598 juxto
1154 2502 1315 2588 formam
1341 2521 1418 2576 suae
1444 2501 1692 2598 promissionis
1709 2501 1882 2596 impetrat
1898 2520 1963 2597 per

790 2623 996 2698 orationem
1022 2621 1294 2699 devotissimam
1315 2613 1390 2716 αθ)
1409 2622 1567 2719 glorIosa
1589 2621 1749 2719 legire,
1768 2628 1809 2694 ut
1829 2621 1964 2716 perdu·
2042 2721 2047 2728 Ι

791 2749 849 2819 cat
874 2749 1044 2818 autorem
1070 2742 1222 2818 feliciter
1252 2743 1299 2818 ad
1330 2741 1526 2818 videndum
1560 2740 1737 2817 infinitam
1767 2741 1962 2816 essentiam

791 2990 953 3079 quatuor
979 2989 1099 3078 portes
1125 2984 1338 3079 generales3
1364 2983 1402 3057 iu
1427 3003 1587 3077 quarum
1609 2981 1727 3077 prima
1752 2980 1962 3056 uernaruus

791 3103 877 3179 lacit
892 3125 998 3178 suem
1012 3103 1217 3179 orationem
1235 3103 1281 3178 od
1298 3102 1597 3201 gloriosissimam
1615 3101 1815 3200 vlrginem‚
1833 3101 1869 3176 in
1889 3122 1962 3197 que

792 3222 879 3318 petit
905 3229 946 3296 ut
973 3222 1151 3318 perducet
1174 3231 1345 3298 autorem
1372 3223 1419 3298 ad
1446 3222 1637 3299 videndum
1665 3223 1833 3297 ultimam
1866 3222 1964 3296 selu-

790 3331 931 3434 tem(⁸).
958 3344 999 3416 ln
1024 3343 1185 3418 secunda
1210 3342 1368 3418 ostendit
1393 3344 1580 3437 quomodo
1605 3362 1717 3438 opero
1739 3341 1861 3417 Muriae
1887 3341 1963 3436 ipse

791 3463 1002 3557 pervenerit
1026 3462 1072 3538 ad
1099 3463 1275 3540 vistonem
1310 3463 1447 3540 summi
1481 3463 1578 3557 boul,
1605 3464 1672 3538 ibi:
1711 3467 1767 3538 Gli
1795 3465 1892 3538 oceli
1915 3465 1964 3536 du

791 3587 870 3658 Diu.
898 3585 937 3657 ln
963 3585 1070 3660 tertia
1100 3591 1211 3659 autor
1243 3591 1415 3680 precatur
1447 3605 1631 3658 summam
1659 3584 1897 3677 divinitatem,
1923 3592 1964 3657 ut

791 3703 903 3799 possit
920 3704 1125 3798 paullulum
1146 3703 1381 3782 manifestare
1398 3704 1444 3781 de
1461 3725 1528 3780 suo
1546 3705 1674 3802 glorie,
1693 3704 1758 3778 iti:
1782 3709 1964 3778 Osommo

792 3826 875 3899 luce.
898 3825 938 3897 In
956 3832 1089 3918 quarta
1114 3832 1153 3900 et
1178 3825 1306 3900 utttma
1332 3825 1499 3920 ostendit,
1525 3825 1712 3920 quomodo
1738 3824 1869 3900 viderit
1893 3826 1965 3898 Iru-

794 3945 1007 4043 munitatem
1029 3943 1281 4041 indivinitate,
1306 3944 1376 4020 ibi:
1403 3947 1504 4020 Nelln
1518 3947 1709 4040 profonda.
1727 3945 1781 4020 Io
1802 3945 1961 4040 primum

792 4085 883 4162 ergo
909 4065 1058 4140 veniens
1083 4065 1165 4140 dieo
1190 4067 1290 4162 quod
1315 4075 1425 4142 autor
1451 4067 1488 4141 in
1518 4067 1636 4164 prime
1666 4072 1771 4162 purte
1801 4065 1964 4162 generali

791 4188 892 4283 ponit
904 4187 1108 4262 orationem
1125 4187 1313 4281 Bemerdi,
1332 4187 1368 4262 in
1386 4207 1459 4282 que
1476 4187 1596 4284 primo
1613 4187 1776 4263 breviter
1788 4185 1964 4283 perstrin-

790 4307 845 4402 git
869 4305 1074 4404 singulares
1092 4307 1355 4404 prerogotivas
1380 4314 1417 4382 et
1442 4306 1546 4382 dotes
1563 4307 1697 4402 quibus
1714 4308 1790 4402 ipsa
1815 4305 1963 4380 domina

787 4427 996 4524 insIgnitnr.
1031 4426 1103 4502 Sed
1136 4433 1336 4522 antequem
1368 4425 1587 4502 descendum
1621 4427 1668 4503 od
1702 4424 1962 4502 declarandum

791 4545 935 4622 literam
957 4551 1011 4620 est
1028 4545 1293 4622 evidentialiter
1314 4548 1607 4643 praenotandum,
1625 4547 1722 4644 quod
1745 4547 1829 4622 licet
1855 4550 1966 4619 autor

792 4672 915 4740 noster
941 4665 1109 4740 videatur
1134 4666 1194 4740 hie
1220 4666 1360 4762 lingere
1385 4667 1484 4760 quod
1503 4667 1714 4742 Bernartius
1733 4665 1842 4742 saciet
1857 4665 1963 4740 istem

855 4852 1203 4916 tumultuosissimum
1220 4853 1354 4918 Vtrglnem
1370 4853 1481 4904 IIurlrrm
1497 4855 1532 4906 io.
1610 4855 1637 4918 (Ἴ
1654 4855 1684 4906 Β.
1701 4855 1726 4906 iu
1743 4855 1794 4904 lroe
1810 4851 1934 4903 xxxut

856 4927 884 4993 (⁸)
898 4929 929 4978 E.
945 4941 959 4978 a
975 4928 1157 4994 plorimisslmn
1173 4930 1280 4993 Virgine
1297 4928 1389 4989 Merit,
1406 4935 1443 4982 ut.
1608 4932 1635 4992 (⁸)
1651 4931 1682 4982 E.
1698 4932 1816 4996 glorta.
