<?xml version="1.0" encoding="UTF-8"?>
<!DOCTYPE html PUBLIC "-//W3C//DTD XHTML 1.0 Transitional//EN"
    "http://www.w3.org/TR/xhtml1/DTD/xhtml1-transitional.dtd">
<html xmlns="http://www.w3.org/1999/xhtml" xml:lang="en" lang="en">
 <head>
  <title>
</title>
<meta http-equiv="Content-Type" content="text/html;charset=utf-8" />
  <meta name='ocr-system' content='tesseract 3.04.00' />
  <meta name='ocr-capabilities' content='ocr_page ocr_carea ocr_par ocr_line ocrx_word'/>
</head>
<body>
  <div class='ocr_page' id='page_1' title='image "./comentumsuperda02benvgoog_0283.png"; bbox 0 0 4842 6642; ppageno 0'>
   <div class='ocr_carea' id='block_1_1' title="bbox 920 839 1666 909">
    <p class='ocr_par' dir='ltr' id='par_1_1' title="bbox 920 839 1666 909">
     <span class='ocr_line' id='line_1_1' title="bbox 920 839 1666 909; baseline 0 -3"><span class='ocrx_word' id='word_1_1' title='bbox 920 852 1060 909; x_wconf 81' lang='grc'><strong>666666</strong></span> <span class='ocrx_word' id='word_1_2' title='bbox 1086 853 1290 908; x_wconf 79' lang='grc'><strong>6166666666.</strong></span> <span class='ocrx_word' id='word_1_3' title='bbox 1597 839 1666 908; x_wconf 79' lang='lat'>263</span> 
     </span>
    </p>
   </div>
   <div class='ocr_carea' id='block_1_2' title="bbox 493 996 1668 1452">
    <p class='ocr_par' dir='ltr' id='par_1_2' title="bbox 493 996 1668 1452">
     <span class='ocr_line' id='line_1_2' title="bbox 495 996 1668 1093; baseline 0 -22"><span class='ocrx_word' id='word_1_4' title='bbox 495 1001 532 1071; x_wconf 91' lang='lat' dir='ltr'>et</span> <span class='ocrx_word' id='word_1_5' title='bbox 557 996 707 1091; x_wconf 77' lang='lat' dir='ltr'><strong>inspirat</strong></span> <span class='ocrx_word' id='word_1_6' title='bbox 732 997 781 1070; x_wconf 92' lang='lat' dir='ltr'>illi</span> <span class='ocrx_word' id='word_1_7' title='bbox 807 1017 934 1072; x_wconf 88' lang='lat' dir='ltr'>veram</span> <span class='ocrx_word' id='word_1_8' title='bbox 961 998 1214 1074; x_wconf 85' lang='lat' dir='ltr'>credulitatem</span> <span class='ocrx_word' id='word_1_9' title='bbox 1242 998 1322 1072; x_wconf 90' lang='lat' dir='ltr'>lidei</span> <span class='ocrx_word' id='word_1_10' title='bbox 1354 1019 1420 1093; x_wconf 90' lang='lat' dir='ltr'>per</span> <span class='ocrx_word' id='word_1_11' title='bbox 1452 1019 1565 1092; x_wconf 90' lang='lat' dir='ltr'>quam</span> <span class='ocrx_word' id='word_1_12' title='bbox 1596 999 1668 1072; x_wconf 89' lang='lat' dir='ltr'>sal-</span> 
     </span>
     <span class='ocr_line' id='line_1_3' title="bbox 495 1116 1667 1214; baseline 0.003 -24"><span class='ocrx_word' id='word_1_13' title='bbox 495 1124 614 1191; x_wconf 85' lang='lat' dir='ltr'>vatur.</span> <span class='ocrx_word' id='word_1_14' title='bbox 641 1117 744 1196; x_wconf 89' lang='lat' dir='ltr'>Unde</span> <span class='ocrx_word' id='word_1_15' title='bbox 769 1117 837 1192; x_wconf 87' lang='lat' dir='ltr'>ista</span> <span class='ocrx_word' id='word_1_16' title='bbox 864 1116 961 1191; x_wconf 90' lang='lat' dir='ltr'>lictio</span> <span class='ocrx_word' id='word_1_17' title='bbox 986 1126 1041 1192; x_wconf 88' lang='lat' dir='ltr'>est</span> <span class='ocrx_word' id='word_1_18' title='bbox 1057 1119 1228 1213; x_wconf 80' lang='lat' dir='ltr'>quadam</span> <span class='ocrx_word' id='word_1_19' title='bbox 1252 1119 1437 1214; x_wconf 80' lang='lat' dir='ltr'>responsio</span> <span class='ocrx_word' id='word_1_20' title='bbox 1453 1119 1499 1194; x_wconf 91' lang='lat' dir='ltr'>ad</span> <span class='ocrx_word' id='word_1_21' title='bbox 1517 1119 1551 1194; x_wconf 94' lang='lat' dir='ltr'>id</span> <span class='ocrx_word' id='word_1_22' title='bbox 1569 1121 1667 1213; x_wconf 90' lang='lat' dir='ltr'>quod</span> 
     </span>
     <span class='ocr_line' id='line_1_4' title="bbox 493 1237 1668 1333; baseline 0.003 -23"><span class='ocrx_word' id='word_1_23' title='bbox 493 1237 684 1311; x_wconf 79' lang='lat' dir='ltr'>dicebatur</span> <span class='ocrx_word' id='word_1_24' title='bbox 709 1258 819 1332; x_wconf 90' lang='lat' dir='ltr'>supra</span> <span class='ocrx_word' id='word_1_25' title='bbox 854 1237 900 1312; x_wconf 97' lang='grc'>(16</span> <span class='ocrx_word' id='word_1_26' title='bbox 927 1237 1029 1332; x_wconf 90' lang='lat' dir='ltr'>justo</span> <span class='ocrx_word' id='word_1_27' title='bbox 1062 1246 1101 1314; x_wconf 91' lang='lat' dir='ltr'>et</span> <span class='ocrx_word' id='word_1_28' title='bbox 1134 1239 1299 1322; x_wconf 80' lang='lat' dir='ltr'>virtuoso</span> <span class='ocrx_word' id='word_1_29' title='bbox 1330 1239 1391 1333; x_wconf 89' lang='lat' dir='ltr'>qui</span> <span class='ocrx_word' id='word_1_30' title='bbox 1428 1240 1588 1314; x_wconf 90' lang='lat' dir='ltr'>nascitur</span> <span class='ocrx_word' id='word_1_31' title='bbox 1622 1239 1668 1314; x_wconf 94' lang='lat' dir='ltr'>ad</span> 
     </span>
     <span class='ocr_line' id='line_1_5' title="bbox 495 1357 1665 1452; baseline 0.004 -23"><span class='ocrx_word' id='word_1_32' title='bbox 495 1357 736 1452; x_wconf 72' lang='lat' dir='ltr'>ripam&#39;lndi3</span> <span class='ocrx_word' id='word_1_33' title='bbox 763 1358 845 1432; x_wconf 94' lang='lat' dir='ltr'>ideo</span> <span class='ocrx_word' id='word_1_34' title='bbox 870 1358 963 1432; x_wconf 92' lang='lat' dir='ltr'>bene</span> <span class='ocrx_word' id='word_1_35' title='bbox 988 1366 1099 1433; x_wconf 87' lang='lat' dir='ltr'>autor</span> <span class='ocrx_word' id='word_1_36' title='bbox 1126 1358 1321 1434; x_wconf 81' lang='lat' dir='ltr'><strong>introducit</strong></span> <span class='ocrx_word' id='word_1_37' title='bbox 1347 1381 1463 1433; x_wconf 91' lang='lat' dir='ltr'>unum</span> <span class='ocrx_word' id='word_1_38' title='bbox 1483 1358 1665 1434; x_wconf 85' lang='lat' dir='ltr'>infidelem</span> 
     </span>
    </p>
   </div>
   <div class='ocr_carea' id='block_1_3' title="bbox 494 1477 1808 1573">
    <p class='ocr_par' dir='ltr' id='par_1_3' title="bbox 494 1477 1808 1573">
     <span class='ocr_line' id='line_1_6' title="bbox 494 1477 1808 1573; baseline 0.004 -23"><span class='ocrx_word' id='word_1_39' title='bbox 494 1497 680 1573; x_wconf 83' lang='lat' dir='ltr'>paganum</span> <span class='ocrx_word' id='word_1_40' title='bbox 708 1478 900 1573; x_wconf 82' lang='lat' dir='ltr'>Ripheum,</span> <span class='ocrx_word' id='word_1_41' title='bbox 918 1477 965 1552; x_wconf 90' lang='grc'>(16</span> <span class='ocrx_word' id='word_1_42' title='bbox 980 1499 1056 1572; x_wconf 88' lang='lat' dir='ltr'>quo</span> <span class='ocrx_word' id='word_1_43' title='bbox 1073 1478 1195 1552; x_wconf 90' lang='lat' dir='ltr'>minus</span> <span class='ocrx_word' id='word_1_44' title='bbox 1213 1478 1358 1553; x_wconf 86' lang='lat' dir='ltr'>videtur</span> <span class='ocrx_word' id='word_1_45' title='bbox 1375 1480 1474 1573; x_wconf 89' lang='lat' dir='ltr'>quod</span> <span class='ocrx_word' id='word_1_46' title='bbox 1498 1479 1667 1554; x_wconf 79' lang='lat' dir='ltr'>debuerit</span> <span class='ocrx_word' id='word_1_47' title='bbox 1804 1491 1808 1499; x_wconf 82' lang='grc'><em>’</em></span> 
     </span>
    </p>
   </div>
   <div class='ocr_carea' id='block_1_4' title="bbox 465 1597 1753 4828">
    <p class='ocr_par' dir='ltr' id='par_1_4' title="bbox 465 1597 1753 4828">
     <span class='ocr_line' id='line_1_7' title="bbox 494 1597 1663 1694; baseline 0 -23"><span class='ocrx_word' id='word_1_48' title='bbox 494 1597 628 1671; x_wconf 82' lang='lat' dir='ltr'>salvari</span> <span class='ocrx_word' id='word_1_49' title='bbox 654 1597 795 1672; x_wconf 89' lang='lat' dir='ltr'>ratione</span> <span class='ocrx_word' id='word_1_50' title='bbox 820 1597 1006 1693; x_wconf 83' lang='lat' dir='ltr'>temporis,</span> <span class='ocrx_word' id='word_1_51' title='bbox 1032 1598 1118 1694; x_wconf 86' lang='lat' dir='ltr'>quia</span> <span class='ocrx_word' id='word_1_52' title='bbox 1144 1599 1211 1671; x_wconf 90' lang='grc'><strong>1611</strong></span> <span class='ocrx_word' id='word_1_53' title='bbox 1237 1619 1302 1693; x_wconf 83' lang='grc'>666</span> <span class='ocrx_word' id='word_1_54' title='bbox 1333 1599 1448 1672; x_wconf 91' lang='lat' dir='ltr'>multa</span> <span class='ocrx_word' id='word_1_55' title='bbox 1481 1619 1663 1672; x_wconf 89' lang='lat' dir='ltr'>annorum</span> 
     </span>
     <span class='ocr_line' id='line_1_8' title="bbox 493 1717 1665 1813; baseline 0.002 -23"><span class='ocrx_word' id='word_1_56' title='bbox 493 1718 628 1792; x_wconf 84' lang='lat' dir='ltr'>saecula</span> <span class='ocrx_word' id='word_1_57' title='bbox 653 1723 740 1792; x_wconf 92' lang='lat' dir='ltr'>ante</span> <span class='ocrx_word' id='word_1_58' title='bbox 764 1717 964 1792; x_wconf 83' lang='lat' dir='ltr'>adveutum</span> <span class='ocrx_word' id='word_1_59' title='bbox 986 1719 1134 1811; x_wconf 87' lang='lat' dir='ltr'>Christi;</span> <span class='ocrx_word' id='word_1_60' title='bbox 1161 1718 1302 1793; x_wconf 87' lang='lat' dir='ltr'>ratione</span> <span class='ocrx_word' id='word_1_61' title='bbox 1328 1719 1409 1813; x_wconf 88' lang='lat' dir='ltr'>loci,</span> <span class='ocrx_word' id='word_1_62' title='bbox 1428 1718 1513 1812; x_wconf 89' lang='lat' dir='ltr'>quia</span> <span class='ocrx_word' id='word_1_63' title='bbox 1537 1718 1602 1792; x_wconf 90' lang='lat' dir='ltr'>luit</span> <span class='ocrx_word' id='word_1_64' title='bbox 1619 1718 1665 1792; x_wconf 92' lang='lat' dir='ltr'>de</span> 
     </span>
     <span class='ocr_line' id='line_1_9' title="bbox 494 1838 1664 1935; baseline 0 -22"><span class='ocrx_word' id='word_1_65' title='bbox 494 1840 601 1914; x_wconf 87' lang='lat' dir='ltr'>Troia</span> <span class='ocrx_word' id='word_1_66' title='bbox 626 1839 663 1912; x_wconf 94' lang='lat' dir='ltr'>in</span> <span class='ocrx_word' id='word_1_67' title='bbox 688 1838 841 1932; x_wconf 87' lang='lat' dir='ltr'>oriente,</span> <span class='ocrx_word' id='word_1_68' title='bbox 868 1839 931 1913; x_wconf 95' lang='lat' dir='ltr'>ubi</span> <span class='ocrx_word' id='word_1_69' title='bbox 958 1839 1073 1935; x_wconf 85' lang='lat' dir='ltr'>viguit</span> <span class='ocrx_word' id='word_1_70' title='bbox 1098 1847 1265 1935; x_wconf 90' lang='lat' dir='ltr'>ternpore</span> <span class='ocrx_word' id='word_1_71' title='bbox 1292 1840 1352 1914; x_wconf 92' lang='lat' dir='ltr'>illo</span> <span class='ocrx_word' id='word_1_72' title='bbox 1376 1840 1449 1914; x_wconf 89' lang='lat' dir='ltr'>alta</span> <span class='ocrx_word' id='word_1_73' title='bbox 1474 1838 1664 1933; x_wconf 90' lang='lat' dir='ltr'>superbia;</span> 
     </span>
     <span class='ocr_line' id='line_1_10' title="bbox 495 1960 1664 2058; baseline -0.001 -24"><span class='ocrx_word' id='word_1_74' title='bbox 495 1960 637 2034; x_wconf 90' lang='lat' dir='ltr'>ratione</span> <span class='ocrx_word' id='word_1_75' title='bbox 661 1967 783 2053; x_wconf 74' lang='lat' dir='ltr'>secta,</span> <span class='ocrx_word' id='word_1_76' title='bbox 811 1960 896 2054; x_wconf 90' lang='lat' dir='ltr'>quia</span> <span class='ocrx_word' id='word_1_77' title='bbox 924 1961 992 2033; x_wconf 91' lang='lat' dir='ltr'>luit</span> <span class='ocrx_word' id='word_1_78' title='bbox 1016 1961 1160 2056; x_wconf 82' lang='lat' dir='ltr'>gentilis</span> <span class='ocrx_word' id='word_1_79' title='bbox 1186 1981 1350 2058; x_wconf 82' lang='lat' dir='ltr'>paganus</span> <span class='ocrx_word' id='word_1_80' title='bbox 1376 1981 1449 2034; x_wconf 91' lang='lat' dir='ltr'>non</span> <span class='ocrx_word' id='word_1_81' title='bbox 1483 1961 1664 2035; x_wconf 88' lang='lat' dir='ltr'>hebraeus.</span> 
     </span>
     <span class='ocr_line' id='line_1_11' title="bbox 491 2078 1663 2176; baseline 0.002 -25"><span class='ocrx_word' id='word_1_82' title='bbox 491 2078 660 2154; x_wconf 82' lang='lat' dir='ltr'>Breviter</span> <span class='ocrx_word' id='word_1_83' title='bbox 686 2099 777 2176; x_wconf 83' lang='lat' dir='ltr'>ergo</span> <span class='ocrx_word' id='word_1_84' title='bbox 803 2088 912 2154; x_wconf 91' lang='lat' dir='ltr'>autor</span> <span class='ocrx_word' id='word_1_85' title='bbox 938 2081 1017 2154; x_wconf 87' lang='grc'><strong>6611</strong></span> <span class='ocrx_word' id='word_1_86' title='bbox 1046 2080 1169 2155; x_wconf 88' lang='lat' dir='ltr'>dicere</span> <span class='ocrx_word' id='word_1_87' title='bbox 1198 2101 1244 2155; x_wconf 88' lang='lat' dir='ltr'>ex</span> <span class='ocrx_word' id='word_1_88' title='bbox 1276 2080 1342 2154; x_wconf 92' lang='lat' dir='ltr'>ista</span> <span class='ocrx_word' id='word_1_89' title='bbox 1378 2080 1521 2156; x_wconf 86' lang='lat' dir='ltr'>fictione</span> <span class='ocrx_word' id='word_1_90' title='bbox 1553 2082 1663 2154; x_wconf 87' lang='lat' dir='ltr'>talem</span> 
     </span>
     <span class='ocr_line' id='line_1_12' title="bbox 492 2199 1665 2296; baseline 0.002 -24"><span class='ocrx_word' id='word_1_91' title='bbox 492 2199 776 2294; x_wconf 85' lang='lat' dir='ltr'>conclusionem,</span> <span class='ocrx_word' id='word_1_92' title='bbox 804 2201 901 2294; x_wconf 91' lang='lat' dir='ltr'>quod</span> <span class='ocrx_word' id='word_1_93' title='bbox 928 2200 1008 2274; x_wconf 92' lang='lat' dir='ltr'>talis</span> <span class='ocrx_word' id='word_1_94' title='bbox 1036 2201 1091 2274; x_wconf 87' lang='lat' dir='ltr'>vir</span> <span class='ocrx_word' id='word_1_95' title='bbox 1116 2221 1294 2296; x_wconf 87' lang='lat' dir='ltr'>paganus,</span> <span class='ocrx_word' id='word_1_96' title='bbox 1327 2200 1374 2274; x_wconf 91' lang='lat' dir='ltr'>de</span> <span class='ocrx_word' id='word_1_97' title='bbox 1407 2201 1513 2275; x_wconf 89' lang='lat' dir='ltr'>cuius</span> <span class='ocrx_word' id='word_1_98' title='bbox 1546 2201 1665 2275; x_wconf 86' lang='lat' dir='ltr'>salva-</span> 
     </span>
     <span class='ocr_line' id='line_1_13' title="bbox 493 2317 1666 2416; baseline 0.001 -25"><span class='ocrx_word' id='word_1_99' title='bbox 493 2317 591 2394; x_wconf 90' lang='lat' dir='ltr'>tione</span> <span class='ocrx_word' id='word_1_100' title='bbox 618 2339 690 2392; x_wconf 90' lang='lat' dir='ltr'>nou</span> <span class='ocrx_word' id='word_1_101' title='bbox 718 2321 948 2416; x_wconf 90' lang='lat' dir='ltr'>sperabatur,</span> <span class='ocrx_word' id='word_1_102' title='bbox 966 2327 1022 2395; x_wconf 90' lang='lat' dir='ltr'>est</span> <span class='ocrx_word' id='word_1_103' title='bbox 1042 2319 1234 2394; x_wconf 82' lang='lat' dir='ltr'>salvabilis</span> <span class='ocrx_word' id='word_1_104' title='bbox 1253 2321 1357 2408; x_wconf 83' lang='lat' dir='ltr'>Quod</span> <span class='ocrx_word' id='word_1_105' title='bbox 1383 2321 1451 2395; x_wconf 91' lang='lat' dir='ltr'>ista</span> <span class='ocrx_word' id='word_1_106' title='bbox 1468 2327 1595 2396; x_wconf 91' lang='lat' dir='ltr'>autem</span> <span class='ocrx_word' id='word_1_107' title='bbox 1621 2320 1666 2393; x_wconf 87' lang='lat' dir='ltr'>sit</span> 
     </span>
     <span class='ocr_line' id='line_1_14' title="bbox 492 2439 1666 2534; baseline 0.001 -22"><span class='ocrx_word' id='word_1_108' title='bbox 492 2439 646 2515; x_wconf 88' lang='lat' dir='ltr'>intentio</span> <span class='ocrx_word' id='word_1_109' title='bbox 666 2442 807 2516; x_wconf 86' lang='lat' dir='ltr'>autoris</span> <span class='ocrx_word' id='word_1_110' title='bbox 831 2442 918 2516; x_wconf 92' lang='lat' dir='ltr'>satis</span> <span class='ocrx_word' id='word_1_111' title='bbox 943 2441 1153 2516; x_wconf 90' lang='lat' dir='ltr'>declaratur</span> <span class='ocrx_word' id='word_1_112' title='bbox 1179 2440 1285 2534; x_wconf 86' lang='lat' dir='ltr'>intra,</span> <span class='ocrx_word' id='word_1_113' title='bbox 1312 2441 1375 2514; x_wconf 94' lang='lat' dir='ltr'>ubi</span> <span class='ocrx_word' id='word_1_114' title='bbox 1400 2441 1502 2518; x_wconf 91' lang='lat' dir='ltr'>dicit:</span> <span class='ocrx_word' id='word_1_115' title='bbox 1533 2463 1555 2514; x_wconf 96' lang='lat' dir='ltr'>o</span> <span class='ocrx_word' id='word_1_116' title='bbox 1581 2463 1666 2534; x_wconf 83' lang='lat' dir='ltr'>prc-</span> 
     </span>
     <span class='ocr_line' id='line_1_15' title="bbox 491 2561 1663 2658; baseline 0 -24"><span class='ocrx_word' id='word_1_117' title='bbox 491 2562 722 2635; x_wconf 83' lang='lat' dir='ltr'>destirrazion.</span> <span class='ocrx_word' id='word_1_118' title='bbox 750 2563 1015 2636; x_wconf 81' lang='lat' dir='ltr'>Verumtamen</span> <span class='ocrx_word' id='word_1_119' title='bbox 1040 2568 1149 2635; x_wconf 91' lang='lat' dir='ltr'>autor</span> <span class='ocrx_word' id='word_1_120' title='bbox 1176 2561 1284 2658; x_wconf 85' lang='lat' dir='ltr'>elegit</span> <span class='ocrx_word' id='word_1_121' title='bbox 1311 2562 1429 2656; x_wconf 91' lang='lat' dir='ltr'>potius</span> <span class='ocrx_word' id='word_1_122' title='bbox 1455 2561 1564 2635; x_wconf 91' lang='lat' dir='ltr'>istum</span> <span class='ocrx_word' id='word_1_123' title='bbox 1595 2582 1663 2635; x_wconf 91' lang='lat' dir='ltr'>no·</span> 
     </span>
     <span class='ocr_line' id='line_1_16' title="bbox 494 2680 1662 2779; baseline 0.003 -27"><span class='ocrx_word' id='word_1_124' title='bbox 494 2680 658 2755; x_wconf 87' lang='lat' dir='ltr'>minatim</span> <span class='ocrx_word' id='word_1_125' title='bbox 684 2701 797 2775; x_wconf 87' lang='lat' dir='ltr'>quam</span> <span class='ocrx_word' id='word_1_126' title='bbox 823 2683 951 2774; x_wconf 90' lang='lat' dir='ltr'>alium,</span> <span class='ocrx_word' id='word_1_127' title='bbox 976 2681 1063 2775; x_wconf 88' lang='lat' dir='ltr'>quia</span> <span class='ocrx_word' id='word_1_128' title='bbox 1089 2681 1259 2777; x_wconf 81' lang='lat' dir='ltr'>Virgilius</span> <span class='ocrx_word' id='word_1_129' title='bbox 1282 2681 1417 2757; x_wconf 87' lang='lat' dir='ltr'>lecerat</span> <span class='ocrx_word' id='word_1_130' title='bbox 1437 2682 1662 2779; x_wconf 77' lang='lat' dir='ltr'>singularem</span> 
     </span>
     <span class='ocr_line' id='line_1_17' title="bbox 494 2799 1660 2896; baseline 0.001 -23"><span class='ocrx_word' id='word_1_131' title='bbox 494 2799 851 2876; x_wconf 86' lang='lat' dir='ltr'>commendationem</span> <span class='ocrx_word' id='word_1_132' title='bbox 869 2801 916 2876; x_wconf 89' lang='lat' dir='ltr'>de</span> <span class='ocrx_word' id='word_1_133' title='bbox 928 2801 1068 2896; x_wconf 87' lang='lat' dir='ltr'>justitia</span> <span class='ocrx_word' id='word_1_134' title='bbox 1086 2801 1177 2894; x_wconf 92' lang='grc'><strong>6166,</strong></span> <span class='ocrx_word' id='word_1_135' title='bbox 1196 2807 1237 2873; x_wconf 91' lang='grc'>61</span> <span class='ocrx_word' id='word_1_136' title='bbox 1249 2802 1327 2896; x_wconf 87' lang='lat' dir='ltr'>jam</span> <span class='ocrx_word' id='word_1_137' title='bbox 1349 2801 1466 2896; x_wconf 93' lang='lat' dir='ltr'>patuit</span> <span class='ocrx_word' id='word_1_138' title='bbox 1483 2821 1528 2875; x_wconf 87' lang='lat' dir='ltr'>ex</span> <span class='ocrx_word' id='word_1_139' title='bbox 1546 2801 1660 2876; x_wconf 91' lang='lat' dir='ltr'>dictis.</span> 
     </span>
     <span class='ocr_line' id='line_1_18' title="bbox 492 2921 1662 3017; baseline 0.002 -23"><span class='ocrx_word' id='word_1_140' title='bbox 492 2961 541 2974; x_wconf 97' lang='lat'>-</span> <span class='ocrx_word' id='word_1_141' title='bbox 558 2924 650 3009; x_wconf 82' lang='lat' dir='ltr'>Quot</span> <span class='ocrx_word' id='word_1_142' title='bbox 664 2923 836 2996; x_wconf 83' lang='lat' dir='ltr'>lodoletta.</span> <span class='ocrx_word' id='word_1_143' title='bbox 854 2922 920 2997; x_wconf 88' lang='lat' dir='ltr'>llic</span> <span class='ocrx_word' id='word_1_144' title='bbox 936 2929 1046 2995; x_wconf 91' lang='lat' dir='ltr'>autor</span> <span class='ocrx_word' id='word_1_145' title='bbox 1062 2921 1232 2997; x_wconf 87' lang='lat' dir='ltr'>describit</span> <span class='ocrx_word' id='word_1_146' title='bbox 1250 2923 1511 3016; x_wconf 88' lang='lat' dir='ltr'>quietationem</span> <span class='ocrx_word' id='word_1_147' title='bbox 1529 2923 1662 3017; x_wconf 84' lang='lat' dir='ltr'>aquilae</span> 
     </span>
     <span class='ocr_line' id='line_1_19' title="bbox 493 3041 1661 3136; baseline 0.002 -22"><span class='ocrx_word' id='word_1_148' title='bbox 493 3062 560 3135; x_wconf 92' lang='lat' dir='ltr'>per</span> <span class='ocrx_word' id='word_1_149' title='bbox 593 3062 705 3115; x_wconf 91' lang='lat' dir='ltr'>unam</span> <span class='ocrx_word' id='word_1_150' title='bbox 740 3041 1052 3136; x_wconf 86' lang='lat' dir='ltr'>comparationem</span> <span class='ocrx_word' id='word_1_151' title='bbox 1088 3044 1250 3136; x_wconf 83' lang='lat' dir='ltr'>claram3</span> <span class='ocrx_word' id='word_1_152' title='bbox 1278 3049 1314 3115; x_wconf 87' lang='lat' dir='ltr'>et</span> <span class='ocrx_word' id='word_1_153' title='bbox 1343 3042 1443 3136; x_wconf 85' lang='lat' dir='ltr'>dicit,</span> <span class='ocrx_word' id='word_1_154' title='bbox 1470 3042 1568 3136; x_wconf 90' lang='lat' dir='ltr'>quod</span> <span class='ocrx_word' id='word_1_155' title='bbox 1604 3042 1661 3116; x_wconf 94' lang='lat' dir='ltr'>illa</span> 
     </span>
     <span class='ocr_line' id='line_1_20' title="bbox 491 3162 1663 3257; baseline 0.003 -22"><span class='ocrx_word' id='word_1_156' title='bbox 491 3162 616 3256; x_wconf 91' lang='lat' dir='ltr'>aquila</span> <span class='ocrx_word' id='word_1_157' title='bbox 643 3163 770 3237; x_wconf 90' lang='lat' dir='ltr'>babuit</span> <span class='ocrx_word' id='word_1_158' title='bbox 800 3183 840 3238; x_wconf 91' lang='lat' dir='ltr'>se</span> <span class='ocrx_word' id='word_1_159' title='bbox 865 3169 1056 3257; x_wconf 90' lang='lat' dir='ltr'>tamquam</span> <span class='ocrx_word' id='word_1_160' title='bbox 1083 3163 1227 3256; x_wconf 88' lang='lat' dir='ltr'>alauda,</span> <span class='ocrx_word' id='word_1_161' title='bbox 1254 3162 1356 3256; x_wconf 82' lang='lat' dir='ltr'>idest,</span> <span class='ocrx_word' id='word_1_162' title='bbox 1382 3185 1404 3236; x_wconf 92' lang='lat' dir='ltr'>a</span> <span class='ocrx_word' id='word_1_163' title='bbox 1439 3169 1547 3238; x_wconf 89' lang='lat' dir='ltr'>cantu</span> <span class='ocrx_word' id='word_1_164' title='bbox 1582 3183 1663 3257; x_wconf 87' lang='lat' dir='ltr'>suo,</span> 
     </span>
     <span class='ocr_line' id='line_1_21' title="bbox 492 3283 1663 3379; baseline 0 -23"><span class='ocrx_word' id='word_1_165' title='bbox 492 3284 579 3377; x_wconf 90' lang='lat' dir='ltr'>quia</span> <span class='ocrx_word' id='word_1_166' title='bbox 612 3283 743 3358; x_wconf 90' lang='lat' dir='ltr'>alauda</span> <span class='ocrx_word' id='word_1_167' title='bbox 778 3284 897 3379; x_wconf 91' lang='lat' dir='ltr'>primo</span> <span class='ocrx_word' id='word_1_168' title='bbox 930 3283 1110 3359; x_wconf 89' lang='lat' dir='ltr'>cantando</span> <span class='ocrx_word' id='word_1_169' title='bbox 1144 3283 1355 3377; x_wconf 87' lang='lat' dir='ltr'>aliquandiu</span> <span class='ocrx_word' id='word_1_170' title='bbox 1388 3283 1565 3378; x_wconf 89' lang='lat' dir='ltr'>spatiatur</span> <span class='ocrx_word' id='word_1_171' title='bbox 1598 3305 1663 3378; x_wconf 90' lang='lat' dir='ltr'>per</span> 
     </span>
     <span class='ocr_line' id='line_1_22' title="bbox 490 3403 1661 3498; baseline 0.003 -21"><span class='ocrx_word' id='word_1_172' title='bbox 490 3424 630 3498; x_wconf 86' lang='lat' dir='ltr'>aerem,</span> <span class='ocrx_word' id='word_1_173' title='bbox 655 3403 786 3480; x_wconf 89' lang='lat' dir='ltr'>deinde</span> <span class='ocrx_word' id='word_1_174' title='bbox 811 3411 907 3479; x_wconf 90' lang='lat' dir='ltr'>tacet</span> <span class='ocrx_word' id='word_1_175' title='bbox 931 3404 1035 3498; x_wconf 86' lang='lat' dir='ltr'>quasi</span> <span class='ocrx_word' id='word_1_176' title='bbox 1048 3403 1177 3478; x_wconf 89' lang='lat' dir='ltr'>satiata</span> <span class='ocrx_word' id='word_1_177' title='bbox 1196 3403 1324 3478; x_wconf 91' lang='lat' dir='ltr'>ultima</span> <span class='ocrx_word' id='word_1_178' title='bbox 1343 3404 1553 3498; x_wconf 82' lang='lat' dir='ltr'>dulcedine3</span> <span class='ocrx_word' id='word_1_179' title='bbox 1573 3405 1661 3480; x_wconf 91' lang='grc'><strong>1166</strong></span> 
     </span>
     <span class='ocr_line' id='line_1_23' title="bbox 490 3523 1663 3618; baseline 0 -20"><span class='ocrx_word' id='word_1_180' title='bbox 490 3523 597 3598; x_wconf 89' lang='lat' dir='ltr'>simili</span> <span class='ocrx_word' id='word_1_181' title='bbox 618 3525 740 3618; x_wconf 85' lang='lat' dir='ltr'>aquila</span> <span class='ocrx_word' id='word_1_182' title='bbox 761 3523 990 3618; x_wconf 87' lang='lat' dir='ltr'>aliquantum</span> <span class='ocrx_word' id='word_1_183' title='bbox 1010 3524 1162 3618; x_wconf 87' lang='lat' dir='ltr'>loquuta</span> <span class='ocrx_word' id='word_1_184' title='bbox 1189 3529 1244 3598; x_wconf 89' lang='lat' dir='ltr'>est</span> <span class='ocrx_word' id='word_1_185' title='bbox 1268 3543 1354 3597; x_wconf 92' lang='lat' dir='ltr'>cum</span> <span class='ocrx_word' id='word_1_186' title='bbox 1373 3529 1515 3616; x_wconf 92' lang='lat' dir='ltr'>autore,</span> <span class='ocrx_word' id='word_1_187' title='bbox 1534 3523 1663 3598; x_wconf 90' lang='lat' dir='ltr'>deinde</span> 
     </span>
     <span class='ocr_line' id='line_1_24' title="bbox 490 3640 1661 3739; baseline -0.006 -15"><span class='ocrx_word' id='word_1_188' title='bbox 490 3644 574 3724; x_wconf 82' lang='lat' dir='ltr'>tecit</span> <span class='ocrx_word' id='word_1_189' title='bbox 586 3643 783 3738; x_wconf 86' lang='lat' dir='ltr'>silentium,</span> <span class='ocrx_word' id='word_1_190' title='bbox 793 3644 897 3739; x_wconf 88' lang='lat' dir='ltr'>quasi</span> <span class='ocrx_word' id='word_1_191' title='bbox 910 3651 1081 3718; x_wconf 90' lang='lat' dir='ltr'>contenta</span> <span class='ocrx_word' id='word_1_192' title='bbox 1096 3644 1225 3718; x_wconf 88' lang='lat' dir='ltr'>ultima</span> <span class='ocrx_word' id='word_1_193' title='bbox 1240 3644 1455 3738; x_wconf 87' lang='lat' dir='ltr'>loquutione</span> <span class='ocrx_word' id='word_1_194' title='bbox 1468 3640 1545 3716; x_wconf 89' lang='lat' dir='ltr'>sua.</span> <span class='ocrx_word' id='word_1_195' title='bbox 1557 3645 1661 3717; x_wconf 90' lang='lat' dir='ltr'>Nunc</span> 
     </span>
     <span class='ocr_line' id='line_1_25' title="bbox 489 3762 1663 3856; baseline -0.005 -14"><span class='ocrx_word' id='word_1_196' title='bbox 489 3771 663 3842; x_wconf 78' lang='lat' dir='ltr'>construe</span> <span class='ocrx_word' id='word_1_197' title='bbox 695 3765 746 3839; x_wconf 92' lang='lat' dir='ltr'>sic</span> <span class='ocrx_word' id='word_1_198' title='bbox 779 3765 944 3840; x_wconf 91' lang='lat' dir='ltr'>literam:</span> <span class='ocrx_word' id='word_1_199' title='bbox 981 3767 1149 3856; x_wconf 78' lang='lat' dir='ltr'>L&#39;imopo</span> <span class='ocrx_word' id='word_1_200' title='bbox 1181 3767 1273 3838; x_wconf 85' lang='lat' dir='ltr'>dello</span> <span class='ocrx_word' id='word_1_201' title='bbox 1307 3767 1494 3856; x_wconf 76' lang='grc'><strong>16666616,</strong></span> <span class='ocrx_word' id='word_1_202' title='bbox 1527 3762 1663 3838; x_wconf 88' lang='grc'><strong>66111661</strong></span> 
     </span>
     <span class='ocr_line' id='line_1_26' title="bbox 489 3883 1662 3982; baseline -0.005 -20"><span class='ocrx_word' id='word_1_203' title='bbox 489 3887 614 3981; x_wconf 78' lang='lat' dir='ltr'>aquila</span> <span class='ocrx_word' id='word_1_204' title='bbox 638 3886 685 3961; x_wconf 92' lang='lat' dir='ltr'>ibi</span> <span class='ocrx_word' id='word_1_205' title='bbox 710 3887 888 3982; x_wconf 90' lang='lat' dir='ltr'>impressa</span> <span class='ocrx_word' id='word_1_206' title='bbox 914 3893 951 3960; x_wconf 88' lang='lat' dir='ltr'>et</span> <span class='ocrx_word' id='word_1_207' title='bbox 975 3885 1145 3982; x_wconf 81' lang='lat' dir='ltr'>figurata,</span> <span class='ocrx_word' id='word_1_208' title='bbox 1172 3887 1251 3959; x_wconf 86' lang='lat' dir='ltr'>dell&#39;</span> <span class='ocrx_word' id='word_1_209' title='bbox 1264 3891 1381 3958; x_wconf 83' lang='lat' dir='ltr'>eterno</span> <span class='ocrx_word' id='word_1_210' title='bbox 1412 3887 1565 3978; x_wconf 82' lang='lat' dir='ltr'>placere,</span> <span class='ocrx_word' id='word_1_211' title='bbox 1592 3883 1662 3958; x_wconf 91' lang='lat' dir='ltr'>sei-</span> 
     </span>
     <span class='ocr_line' id='line_1_27' title="bbox 491 4003 1659 4099; baseline -0.002 -21"><span class='ocrx_word' id='word_1_212' title='bbox 491 4005 575 4080; x_wconf 89' lang='lat' dir='ltr'>licet</span> <span class='ocrx_word' id='word_1_213' title='bbox 600 4005 731 4083; x_wconf 77' lang='lat' dir='ltr'>dirinae</span> <span class='ocrx_word' id='word_1_214' title='bbox 749 4005 944 4080; x_wconf 89' lang='lat' dir='ltr'>voluntatis</span> <span class='ocrx_word' id='word_1_215' title='bbox 961 4024 1046 4099; x_wconf 76' lang='lat' dir='ltr'>quae</span> <span class='ocrx_word' id='word_1_216' title='bbox 1063 4003 1239 4098; x_wconf 89' lang='lat' dir='ltr'>imprimit</span> <span class='ocrx_word' id='word_1_217' title='bbox 1250 4003 1429 4098; x_wconf 88' lang='lat' dir='ltr'>justitiam</span> <span class='ocrx_word' id='word_1_218' title='bbox 1448 4004 1484 4076; x_wconf 93' lang='lat' dir='ltr'>in</span> <span class='ocrx_word' id='word_1_219' title='bbox 1506 4003 1567 4077; x_wconf 94' lang='lat' dir='ltr'>illo</span> <span class='ocrx_word' id='word_1_220' title='bbox 1585 4003 1659 4098; x_wconf 93' lang='lat' dir='ltr'>pla·</span> 
     </span>
     <span class='ocr_line' id='line_1_28' title="bbox 491 4123 1663 4222; baseline -0.003 -24"><span class='ocrx_word' id='word_1_221' title='bbox 491 4134 575 4202; x_wconf 90' lang='lat' dir='ltr'>neta</span> <span class='ocrx_word' id='word_1_222' title='bbox 602 4125 726 4222; x_wconf 70' lang='lat' dir='ltr'>Joris‘</span> <span class='ocrx_word' id='word_1_223' title='bbox 738 4130 777 4200; x_wconf 88' lang='grc'>61</span> <span class='ocrx_word' id='word_1_224' title='bbox 799 4129 855 4200; x_wconf 85' lang='grc'>661</span> <span class='ocrx_word' id='word_1_225' title='bbox 878 4129 981 4216; x_wconf 73' lang='lat' dir='ltr'>doio,</span> <span class='ocrx_word' id='word_1_226' title='bbox 1007 4125 1144 4200; x_wconf 86' lang='lat' dir='ltr'>scilicet</span> <span class='ocrx_word' id='word_1_227' title='bbox 1169 4124 1351 4219; x_wconf 78' lang='lat' dir='ltr'>pradictae</span> <span class='ocrx_word' id='word_1_228' title='bbox 1382 4123 1579 4200; x_wconf 86' lang='lat' dir='ltr'>voluntatis</span> <span class='ocrx_word' id='word_1_229' title='bbox 1609 4123 1663 4196; x_wconf 91' lang='lat' dir='ltr'>di-</span> 
     </span>
     <span class='ocr_line' id='line_1_29' title="bbox 494 4242 1659 4341; baseline 0.001 -23"><span class='ocrx_word' id='word_1_230' title='bbox 494 4247 1059 4341; x_wconf 76' lang='grc'><strong>6166,616666666666(1166616</strong></span> <span class='ocrx_word' id='word_1_231' title='bbox 1085 4248 1171 4338; x_wconf 81' lang='grc'><strong>6661</strong></span> <span class='ocrx_word' id='word_1_232' title='bbox 1194 4249 1261 4319; x_wconf 84' lang='lat' dir='ltr'>ella</span> <span class='ocrx_word' id='word_1_233' title='bbox 1287 4242 1318 4334; x_wconf 76' lang='grc' dir='ltr'>ὁ,</span> <span class='ocrx_word' id='word_1_234' title='bbox 1344 4245 1430 4339; x_wconf 91' lang='lat' dir='ltr'>quia</span> <span class='ocrx_word' id='word_1_235' title='bbox 1457 4245 1659 4319; x_wconf 88' lang='lat' dir='ltr'>secundum</span> 
     </span>
     <span class='ocr_line' id='line_1_30' title="bbox 491 4353 1753 4462; baseline -0.002 -22"><span class='ocrx_word' id='word_1_236' title='bbox 491 4367 664 4462; x_wconf 87' lang='lat' dir='ltr'>placitum</span> <span class='ocrx_word' id='word_1_237' title='bbox 680 4361 719 4458; x_wconf 80' lang='lat'>(¹)</span> <span class='ocrx_word' id='word_1_238' title='bbox 736 4366 866 4444; x_wconf 84' lang='lat' dir='ltr'>diuiuae</span> <span class='ocrx_word' id='word_1_239' title='bbox 886 4366 1082 4440; x_wconf 83' lang='grc'><strong>6616616116</strong></span> <span class='ocrx_word' id='word_1_240' title='bbox 1099 4365 1257 4440; x_wconf 88' lang='lat' dir='ltr'>efficitur</span> <span class='ocrx_word' id='word_1_241' title='bbox 1271 4364 1350 4439; x_wconf 88' lang='lat' dir='ltr'>talis</span> <span class='ocrx_word' id='word_1_242' title='bbox 1365 4364 1482 4458; x_wconf 87' lang='lat' dir='ltr'>qualis</span> <span class='ocrx_word' id='word_1_243' title='bbox 1497 4371 1562 4458; x_wconf 87' lang='lat' dir='ltr'>est,</span> <span class='ocrx_word' id='word_1_244' title='bbox 1576 4365 1660 4458; x_wconf 90' lang='lat' dir='ltr'>quia</span> <span class='ocrx_word' id='word_1_245' title='bbox 1751 4353 1753 4358; x_wconf 71' lang='grc'><strong>’</strong></span> 
     </span>
     <span class='ocr_line' id='line_1_31' title="bbox 465 4479 1663 4584; baseline -0.003 -22"><span class='ocrx_word' id='word_1_246' title='bbox 465 4481 664 4584; x_wconf 79' lang='grc' dir='ltr'>Ι(66166616</span> <span class='ocrx_word' id='word_1_247' title='bbox 689 4494 745 4562; x_wconf 91' lang='lat' dir='ltr'>est</span> <span class='ocrx_word' id='word_1_248' title='bbox 777 4487 901 4564; x_wconf 86' lang='lat' dir='ltr'>abeo</span> <span class='ocrx_word' id='word_1_249' title='bbox 933 4493 1000 4581; x_wconf 86' lang='lat' dir='ltr'>est,</span> <span class='ocrx_word' id='word_1_250' title='bbox 1029 4489 1078 4559; x_wconf 83' lang='lat' dir='ltr'>uri</span> <span class='ocrx_word' id='word_1_251' title='bbox 1104 4479 1243 4559; x_wconf 85' lang='lat' dir='ltr'>sembrd</span> <span class='ocrx_word' id='word_1_252' title='bbox 1274 4489 1335 4576; x_wconf 89' lang='grc'><strong>161,</strong></span> <span class='ocrx_word' id='word_1_253' title='bbox 1369 4485 1470 4578; x_wconf 88' lang='lat' dir='ltr'>idest,</span> <span class='ocrx_word' id='word_1_254' title='bbox 1502 4491 1556 4560; x_wconf 90' lang='lat' dir='ltr'>est</span> <span class='ocrx_word' id='word_1_255' title='bbox 1588 4484 1663 4558; x_wconf 87' lang='lat' dir='ltr'>visa</span> 
     </span>
     <span class='ocr_line' id='line_1_32' title="bbox 490 4605 1665 4702; baseline -0.004 -19"><span class='ocrx_word' id='word_1_256' title='bbox 490 4609 578 4683; x_wconf 89' lang='lat' dir='ltr'>mibi</span> <span class='ocrx_word' id='word_1_257' title='bbox 605 4609 697 4702; x_wconf 85' lang='lat' dir='ltr'>talis,</span> <span class='ocrx_word' id='word_1_258' title='bbox 724 4611 809 4699; x_wconf 83' lang='grc'><strong>6661</strong></span> <span class='ocrx_word' id='word_1_259' title='bbox 831 4607 1008 4696; x_wconf 78' lang='grc'><strong>1611616116,</strong></span> <span class='ocrx_word' id='word_1_260' title='bbox 1034 4608 1173 4702; x_wconf 88' lang='lat' dir='ltr'>supple,</span> <span class='ocrx_word' id='word_1_261' title='bbox 1200 4605 1355 4700; x_wconf 87' lang='lat' dir='ltr'>videtur,</span> <span class='ocrx_word' id='word_1_262' title='bbox 1382 4609 1441 4679; x_wconf 85' lang='lat' dir='ltr'>cde</span> <span class='ocrx_word' id='word_1_263' title='bbox 1465 4609 1502 4679; x_wconf 88' lang='grc'>16</span> <span class='ocrx_word' id='word_1_264' title='bbox 1527 4627 1609 4694; x_wconf 79' lang='lat' dir='ltr'>aare</span> <span class='ocrx_word' id='word_1_265' title='bbox 1633 4609 1665 4678; x_wconf 90' lang='grc'>61</span> 
     </span>
     <span class='ocr_line' id='line_1_33' title="bbox 488 4727 1662 4828; baseline -0.003 -26"><span class='ocrx_word' id='word_1_266' title='bbox 488 4733 629 4823; x_wconf 76' lang='lat' dir='ltr'>spania,</span> <span class='ocrx_word' id='word_1_267' title='bbox 654 4729 761 4822; x_wconf 73' lang='grc'><strong>11661,</strong></span> <span class='ocrx_word' id='word_1_268' title='bbox 783 4748 867 4822; x_wconf 74' lang='lat' dir='ltr'>quae</span> <span class='ocrx_word' id='word_1_269' title='bbox 894 4734 1051 4828; x_wconf 76' lang='lat' dir='ltr'>vagatur</span> <span class='ocrx_word' id='word_1_270' title='bbox 1078 4727 1348 4821; x_wconf 87' lang='lat' dir='ltr'>aliquantulum</span> <span class='ocrx_word' id='word_1_271' title='bbox 1382 4747 1448 4822; x_wconf 89' lang='lat' dir='ltr'>per·</span> <span class='ocrx_word' id='word_1_272' title='bbox 1479 4745 1662 4820; x_wconf 87' lang='lat' dir='ltr'>aerem,e</span> 
     </span>
    </p>
   </div>
   <div class='ocr_carea' id='block_1_5' title="bbox 552 4987 843 5051">
    <p class='ocr_par' dir='ltr' id='par_1_5' title="bbox 552 4987 843 5051">
     <span class='ocr_line' id='line_1_34' title="bbox 552 4987 843 5051; baseline -0.041 -2"><span class='ocrx_word' id='word_1_273' title='bbox 552 4987 581 5049; x_wconf 76' lang='lat'>(¹)</span> <span class='ocrx_word' id='word_1_274' title='bbox 596 4987 627 5036; x_wconf 86' lang='lat' dir='ltr'>E.</span> <span class='ocrx_word' id='word_1_275' title='bbox 644 4989 843 5051; x_wconf 73' lang='lat' dir='ltr'>beneplacitum.</span> 
     </span>
    </p>
   </div>
   <div class='ocr_carea' id='block_1_6' title="bbox 0 0 2426 6642">
    <p class='ocr_par' dir='ltr' id='par_1_6' title="bbox 0 0 2426 6642">
     <span class='ocr_line' id='line_1_35' title="bbox 0 0 2426 6642; baseline 0 2"><span class='ocrx_word' id='word_1_276' title='bbox 0 0 2426 6642; x_wconf 95' lang='lat' dir='ltr'> </span> 
     </span>
    </p>
   </div>
  </div>
 </body>
</html>
