4842 6642
788 819 858 888 168
1179 828 1385 884 cumcun
1408 829 1576 883 ruamur

787 980 875 1052 volte
896 971 958 1072 pit
983 997 1001 1048 e
1026 977 1151 1067 nteplio
1175 977 1235 1048 olto
1260 977 1291 1050 le
1315 978 1437 1066 acque
1453 977 1576 1067 spada
1593 973 1698 1068 quasi
1720 973 1836 1050 dicat:
1861 976 1961 1070 quod

786 1117 883 1170 unns
912 1095 1008 1171 ensis
1042 1093 1178 1170 civium
1213 1113 1311 1188 saepe
1340 1093 1464 1168 incidit
1498 1093 1579 1189 plus
1613 1098 1652 1168 et
1683 1093 1815 1168 melius
1847 1115 1960 1189 quam

783 1216 949 1311 quinque
976 1235 1081 1290 enses
1110 1221 1345 1308 exterorum
1371 1214 1430 1288 vel
1455 1224 1552 1287 uuus
1581 1213 1677 1290 ensis
1706 1214 1810 1310 parri
1835 1216 1960 1312 populi

786 1335 968 1412 unanimis
993 1340 1030 1410 et
1056 1334 1147 1410 uniti
1172 1333 1296 1412 incidit
1320 1334 1401 1428 plus
1430 1340 1468 1408 et
1493 1333 1637 1426 melius,
1654 1353 1768 1428 quam
1795 1334 1959 1431 quinque

785 1475 890 1532 enses
916 1455 1039 1553 magni
1064 1454 1188 1550 populi
1205 1453 1379 1530 discordis
1396 1459 1434 1528 et
1450 1453 1564 1527 divisi.
1583 1453 1674 1528 lliuc
1689 1446 1727 1546 (⁴)
1744 1459 1863 1550 potest
1879 1475 1960 1529 me-

785 1578 856 1651 lius
880 1576 1040 1672 incipere
1065 1581 1199 1670 quarta
1225 1578 1439 1669 pars—Se
1463 1581 1499 1648 tu
1523 1577 1699 1665 riquardi.
1730 1575 1796 1650 Hic
1825 1595 1959 1650 secun·

784 1699 873 1772 dum
899 1695 1162 1796 expositionem
1181 1695 1444 1790 quorumdam,
1461 1694 1702 1792 Cacciaguida
1718 1696 1877 1772 ostendit
1893 1716 1958 1792 per

783 1816 952 1913 quaedam
978 1817 1148 1912 exempla
1174 1816 1366 1892 manifesta
1390 1814 1565 1891 ellectum
1587 1816 1810 1891 contusionis
1830 1837 1958 1913 perso-

783 1959 930 2032 narum,
948 1937 1035 2032 quia
1060 1936 1196 2012 scilicet
1222 1937 1373 2012 turbant
1392 1937 1631 2030 tranquillum
1653 1943 1790 2012 statum
1807 1937 1957 2012 urbium

784 2067 822 2138 et
850 2059 1030 2134 inducunt
1059 2058 1165 2151 bella,
1195 2077 1262 2153 per
1291 2078 1376 2152 quae
1405 2063 1628 2133 evertuntur
1658 2058 1836 2153 civitates,
1864 2059 1958 2133 sicut

783 2180 910 2256 civitas
927 2177 1091 2253 Lunae-in
1103 2177 1233 2252 Tuscia
1250 2185 1399 2274 propter
1416 2178 1626 2273 snperbiam
1645 2179 1869 2255 civium-etc.
1887 2180 1958 2255 Sed

783 2307 896 2394 certe,
915 2299 999 2374 licet
1023 2299 1091 2373 ista
1117 2298 1296 2394 expositio
1307 2298 1482 2374 uideatur
1498 2318 1671 2394 consona,
1688 2301 1860 2374 tamensi
1877 2299 1959 2394 quis

784 2420 966 2496 subtiliter
989 2419 1169 2513 advertat,
1195 2439 1269 2494 nou
1294 2419 1389 2494 bene
1412 2419 1610 2515 adaptatur
1625 2411 1661 2513 (¹)
1688 2420 1822 2516 literae3
1841 2421 1958 2496 immo

784 2539 851 2615 ista
877 2538 1046 2633 exempla
1077 2559 1151 2612 uon
1182 2539 1396 2614 releruntur
1425 2535 1472 2614 'ad
1502 2538 1646 2613 literam
1665 2538 1957 2634 precedentem,

784 2659 848 2735 sed
879 2658 1055 2736 trabeuda
1071 2649 1108 2751 (³)
1137 2657 1300 2734 suntad
1328 2658 1471 2734 literam
1502 2666 1732 2752 sequentem,
1761 2679 1848 2734 cum
1881 2681 1957 2754 qua

784 2786 870 2855 sunt
894 2783 1133 2853 concatenata
1153 2777 1191 2852 in
1211 2777 1401 2852 sententia.
1419 2777 1507 2852 Dico
1533 2785 1679 2875 ergoet
1696 2779 1839 2874 melius,
1858 2779 1958 2874 quod

785 2899 1025 2996 Caeciaguida
1061 2899 1186 2974 volens
1218 2898 1441 2974 descendere
1474 2900 1521 2972 ad
1554 2899 1726 2974 ultimum
1761 2899 1957 2994 quaesitum

786 3020 937 3114 autoris,
963 3018 1098 3094 scilicet
1120 3039 1205 3111 quse
1231 3005 1431 3111 iueruutl‘)
1448 3019 1650 3112 antiquitus
1676 3020 1785 3094 clarae
1813 3020 1957 3094 iamiliae

786 3139 990 3232 Florentiae,
1017 3138 1137 3233 primo
1162 3137 1350 3233 praemittit
1374 3138 1473 3233 quod
1497 3145 1608 3214 autor
1633 3159 1707 3214 uon
1731 3140 1863 3215 debeat
1890 3142 1959 3214 rni-

786 3260 861 3336 rari
894 3259 941 3333 de
976 3258 1225 3333 destructione
1257 3258 1426 3353 stirpium
1455 3279 1617 3356 arguens
1647 3281 1670 3336 a
1699 3259 1843 3355 minori,
1870 3260 1957 3356 qnia

785 3381 896 3456 etiam
929 3377 1091 3473 antique
1123 3399 1269 3476 magnae
1297 3378 1472 3472 civitates,
1497 3380 1632 3476 aliquae
1657 3382 1800 3477 iamin
1836 3388 1957 3456 totum

784 3500 1010 3592 deiecerunt,
1036 3497 1170 3593 alique
1195 3498 1335 3574 indies
1362 3498 1546 3594 deliciunt7
1573 3521 1659 3576 curn
1686 3508 1812 3578 tamen
1836 3502 1958 3578 omnis

784 3621 911 3698 civitas
936 3617 1120 3694 contiueat
1140 3618 1276 3693 multas
1300 3625 1339 3694 et
1363 3639 1516 3716 magnas
1542 3619 1706 3697 familias.
1732 3622 1838 3696 Nunc
1867 3643 1957 3720 ergo

784 3742 833 3818 ad
852 3741 1015 3816 literam:
1042 3739 1169 3816 ordina
1194 3739 1246 3814 sic
1271 3745 1309 3815 et
1333 3759 1496 3835 expone:
1533 3743 1620 3816 Udir
1644 3763 1741 3816 come
1764 3747 1796 3818 te
1817 3747 1958 3820 cedmae

782 3865 1016 3956 sidisscnno,
1042 3859 1146 3955 idest,
1176 3860 1363 3954 quomodo
1393 3860 1533 3936 nobiles
1560 3860 1692 3958 stirpes
1722 3863 1955 3955 annibilentur,

784 4005 857 4058 non
881 3985 906 4056 t·
925 3971 1058 4075 porrd,
1086 3979 1188 4074 idest,
1211 4000 1285 4055 non
1310 3979 1457 4056 debebit
1475 3979 1546 4056 ¹tibi
1573 3981 1699 4076 videri,
1715 4004 1834 4059 nuova
1858 4007 1955 4076 cosa,

784 4103 871 4200 quia
905 4101 1001 4178 istud
1031 4108 1087 4177 est
1120 4100 1420 4195 vetustissimum,
1445 4097 1492 4176 no*
1519 4105 1627 4197 sorte,
1652 4104 1739 4199 quia
1774 4105 1870 4181 istud
1900 4115 1957 4182 est

690 4239 693 4246 ⁴
783 4222 1008 4317 facillimum,
1035 4221 1122 4315 quia
1147 4219 1446 4315 usitatissimum
1472 4221 1571 4316 quod
1596 4225 1727 4319 probat
1757 4249 1781 4301 a
1810 4227 1956 4320 minori,

784 4343 927 4420 dicens:
950 4343 1074 4436 poscta
1098 4343 1158 4415 cte
1183 4344 1215 4414 tc
1238 4343 1357 4416 mundi
1375 4345 1656 4438 manducone,
1689 4344 1793 4440 idest,
1823 4346 1957 4440 linem3

783 4463 871 4557 quia
897 4460 1034 4538 scilicet
1058 4462 1207 4536 iemosae
1233 4468 1271 4536 et
1295 4460 1457 4556 antiquae
1487 4463 1600 4539 urbes
1628 4462 1887 4541 inhabitantur.
1913 4469 1958 4542 itt

785 4581 855 4656 boc
883 4581 981 4657 dico:
1011 4604 1048 4655 se
1076 4589 1111 4656 ta
1144 4583 1311 4673 riquardi
1343 4585 1447 4673 buti,
1481 4581 1585 4677 idest,
1612 4583 1796 4660 civitatem
1831 4588 1957 4682 Luna,

785 4722 870 4796 quae
898 4702 967 4776 luit
997 4702 1083 4777 olim
1117 4723 1251 4800 magna
1278 4707 1316 4778 et
1340 4708 1469 4799 potens
1493 4703 1630 4799 civitas,
1658 4711 1783 4781 tamen
1811 4707 1956 4785 deserta

846 4889 874 4952 l¹l
890 4889 921 4940 E·
937 4889 988 4940 flio
1004 4895 1106 4954 recusut-¹
1395 4891 1424 4953 (¹)
1439 4889 1467 4941 s,
1482 4896 1618 4954 momatur
1634 4892 1725 4944 litem

847 4964 874 5034 (Ἴ
892 4966 923 5018 Ε.
938 4967 1101 5018 retrahenda.
1396 4967 1424 5030 (⁸)
1439 4967 1471 5020 lt
1486 4981 1545 5033 qun
1561 4966 1668 5021 luerint.
