4842 6642
786 804 857 871 216
1177 810 1383 867 connubunt
1407 811 1574 865 nananrsr

785 958 871 1055 quia
897 957 1055 1033 babebat
1080 957 1116 1031 iu
1142 978 1183 1033 se
1208 978 1376 1053 gemmas
1402 956 1646 1052 pretiosiores,
1671 954 1818 1049 scilicet,
1850 974 1958 1051 reges

780 1081 911 1176 justos,
938 1078 1124 1153 utstatim
1152 1078 1308 1172 patebit;
1335 1079 1394 1153 vel
1418 1077 1476 1151 dio
1507 1084 1546 1153 et
1579 1076 1721 1170 melius,
1747 1075 1847 1171 quod
1873 1096 1958 1171 per·
2024 1092 2028 1099 ’

786 1198 909 1296 pendit
933 1219 974 1273 se
1002 1196 1207 1273 ascendisse
1239 1198 1285 1271 ad
1318 1198 1496 1272 maiorem
1529 1197 1724 1291 circulum,
1753 1196 1839 1291 quia
1871 1194 1959 1268 vidit

786 1320 874 1395 illud
901 1318 1134 1412 miraculum,
1161 1318 1264 1412 idest,
1290 1319 1496 1393 Beatricem
1521 1318 1753 1412 lucidiorem;
1771 1337 1859 1392 nam
1876 1337 1957 1391 ma-

787 1441 958 1516 nifestum
986 1440 1160 1514 iudicium
1186 1440 1406 1514 ascensionis
1431 1438 1605 1514 Beatricis
1623 1438 1670 1513 ad
1690 1437 1858 1513 altiorem
1875 1456 1958 1532 spe-

789 1581 870 1635 ram
897 1566 977 1635 erat
1003 1559 1151 1654 quando
1176 1558 1286 1633 fiebat
1312 1559 1483 1653 lucidior3
1509 1566 1548 1635 et
1572 1558 1639 1633 ista
1664 1566 1721 1633 ost
1746 1558 1897 1633 intentio
1913 1557 1958 1632 li-

788 1690 887 1757 tera.
914 1681 958 1755 Et
973 1674 1009 1773 (¹)
1036 1679 1140 1755 dicit:
1158 1702 1254 1753 come
1278 1684 1396 1754 l'uom
1418 1685 1447 1754 s’
1460 1702 1609 1773 occorpe
1623 1683 1684 1755 obe
1700 1684 1737 1753 lo
1752 1702 1819 1755 cuo
1836 1683 1959 1755 vena

785 1823 941 1896 avanzo,
965 1801 1057 1875 idest
1073 1802 1228 1896 excellit,
1246 1804 1284 1873 di
1295 1804 1423 1892 piorno
1439 1804 1478 1876 in
1493 1806 1634 1896 omnm,
1658 1801 1760 1895 idest,
1780 1801 1903 1877 dedic
1920 1800 1957 1873 in

785 1922 882 1998 diem
900 1942 966 2018 per
983 1922 1131 1997 evidens
1148 1922 1308 2018 signum,
1325 1922 1473 2015 scilicet,
1485 1944 1554 2015 per
1569 1926 1678 1997 scotir
1687 1917 1752 2015 pld
1768 1924 1958 1997 dedam

785 2045 850 2116 bcn
865 2045 1059 2135 operando,
1085 2042 1171 2137 quia
1197 2061 1355 2137 operans
1372 2042 1535 2117 virtuose
1549 2041 1676 2136 recipit
1693 2042 1872 2115 maiorem
1893 2040 1959 2115 de-

785 2163 1015 2239 lectationem
1035 2163 1071 2237 iu
1088 2163 1181 2257 dies3
1195 2162 1341 2259 siguum
1360 2163 1458 2237 euim
1471 2162 1639 2257 generati
1656 2162 1804 2237 babitus
1820 2168 1876 2237 est
1892 2161 1958 2236 de-

785 2283 1042 2359 lectatio-n
1064 2287 1175 2375 puolo.
1203 2283 1269 2357 llio
1293 2290 1404 2357 autor
1428 2282 1601 2357 describit
1625 2303 1736 2356 suum
1763 2267 1956 2357 transitum

785 2426 807 2479 a
832 2405 978 2499 planeta
1002 2404 1126 2479 llartis
1145 2404 1192 2479 ad
1209 2406 1393 2499 planetam
1411 2404 1510 2479 lovis
1526 2423 1639 2499 quem
1661 2404 1873 2496 intraverat,
1891 2422 1957 2497 per

785 2523 1096 2619 comparationem
1124 2524 1291 2619 pulcram
1318 2530 1356 2600 et
1380 2523 1587 2619 propriam;
1613 2542 1698 2618 quae
1717 2530 1789 2597 stat
1813 2524 1850 2597 iu
1874 2524 1956 2615 boc,

786 2645 885 2738 quod
910 2645 1004 2719 sicut
1028 2644 1175 2719 domina
1201 2645 1285 2718 alba
1309 2643 1403 2720 lacta
1431 2645 1547 2719 rubea
1576 2644 1847 2720 accidentaliter
1880 2664 1956 2738 prae

721 2786 724 2792 ·
787 2765 928 2861 pudore
954 2766 989 2839 iu
1016 2786 1129 2860 parva
1156 2786 1262 2840 mora
1278 2765 1442 2861 deposito
1460 2766 1599 2839 rubore
1614 2764 1773 2841 efficitur
1789 2765 1889 2858 alba;
1908 2764 1960 2837 ila·

785 2909 808 2963 a
833 2886 940 2961 simili
966 2893 1077 2962 autor
1102 2886 1140 2960 iu
1166 2907 1280 2981 parvo
1307 2893 1497 2961 momento
1517 2886 1683 2960 transivit
1699 2906 1722 2961 a
1740 2886 1843 2961 stella
1863 2886 1959 2959 blar-

786 3009 841 3100 tis,
868 3029 952 3102 quae
977 3014 1032 3082 est
1049 3007 1257 3082 rubicunda
1274 2998 1324 3100 (²),
1342 3006 1389 3081 ad
1408 3007 1549 3082 stellam
1569 3008 1679 3101 lovis,
1696 3028 1782 3102 quae
1798 3012 1854 3081 est
1870 3027 1958 3081 cau·

786 3128 879 3203 dida.
904 3127 958 3201 dd
985 3128 1130 3201 literam
1157 3148 1249 3223 ergo
1273 3126 1360 3202 dicit
1383 3132 1512 3201 autor:
1531 3133 1564 3200 Ε
1577 3130 1603 3201 'l
1626 3134 1822 3201 transmutor
1843 3131 1884 3222 [u
1909 3131 1961 3199 tol

785 3252 878 3341 napli
897 3251 992 3321 occbt
1011 3250 1102 3339 miei,
1120 3248 1222 3341 idest,
1239 3248 1402 3322 occurrit
1419 3247 1530 3323 talem
1547 3247 1744 3323 intellectui
1762 3267 1858 3340 meo,
1875 3250 1961 3338 qual

786 3373 906 3443 donno
930 3369 1104 3443 indicano
1127 3372 1166 3443 ab
1188 3372 1302 3461 picool
1324 3388 1433 3442 ooroo
1458 3370 1496 3443 di
1521 3374 1647 3461 ampo,
1676 3368 1778 3460 idest,
1798 3368 1836 3441 in
1853 3368 1957 3441 brevi

788 3489 952 3583 transitu,
978 3489 1083 3584 quasi
1109 3488 1146 3562 in
1171 3488 1329 3582 instanti,
1351 3488 1453 3580 idest,
1471 3486 1590 3582 qualis
1608 3487 1764 3561 mutatio
1781 3486 1822 3560 lit
1839 3486 1876 3560 iu
1892 3486 1959 3561 do-

786 3610 884 3684 mina
910 3608 956 3684 de
986 3608 1165 3682 rubedine
1198 3607 1234 3683 iu
1260 3608 1479 3700 albedinem,
1505 3611 1648 3699 quando
1671 3610 1699 3681 il
1722 3610 1815 3682 oolto
1837 3610 1960 3681 cnosi

785 3732 959 3803 dbcorcbi
980 3732 1009 3803 ll
1032 3750 1138 3803 carco
1163 3732 1201 3803 di
1229 3749 1424 3821 aaronque,
1454 3728 1558 3822 idest,
1588 3728 1746 3822 deponat
1782 3728 1956 3803 ruborem

787 3850 1029 3944 verecundiae,
1055 3871 1140 3944 quaa
1173 3850 1222 3924 ita
1253 3856 1385 3946 gravat
1415 3850 1557 3944 taciem,
1579 3850 1678 3944 quod
1704 3850 1818 3944 ipsam
1847 3849 1959 3924 trabit

786 3978 824 4046 et
848 3970 994 4044 inclinat
1011 3971 1189 4045 violenter
1214 3969 1261 4045 ad
1288 3977 1437 4046 terram.
1460 3971 1502 4044 Et
1524 3972 1593 4046 boc
1609 3971 1690 4046 dico
1710 3971 1789 4064 luit,
1814 3972 1956 4062 pemmo

784 4094 839 4184 sui
862 4095 966 4185 cotto,
995 4091 1140 4185 scilicet,
1166 4092 1213 4165 ad
1238 4112 1385 4186 speram
1410 4091 1519 4186 lovis,
1546 4092 1610 4187 qui
1635 4098 1691 4167 est
1714 4091 1787 4167 albi
1804 4090 1958 4183 ooloris;

650 4302 661 4321 ι
789 4209 888 4286 uude
910 4210 1012 4286 dicit:
1026 4232 1093 4305 per
1110 4215 1145 4285 lo
1161 4215 1299 4285 condor
1316 4214 1411 4285 dello
1426 4218 1600 4305 lamproto
1614 4214 1713 4286 stello
1728 4218 1833 4302 sata,
1851 4211 1956 4304 idest,

787 4351 853 4425 per
877 4331 1001 4405 album
1029 4332 1260 4426 splendorem
1286 4331 1395 4426 lovis,
1421 4332 1486 4426 qui
1511 4340 1566 4407 est
1590 4340 1719 4407 sextus
1745 4333 1889 4426 planeta
1921 4338 1959 4406 et

786 4458 843 4525 est
868 4458 1105 4547 temperatus,
1131 4452 1217 4546 quia
1244 4471 1318 4526 uon
1342 4459 1399 4527 est
1423 4452 1472 4527 ita
1502 4454 1697 4527 llammeus
1726 4452 1821 4527 sicut
1851 4453 1957 4543 biars,

789 4570 853 4645 sed
875 4570 990 4668 magis
1017 4572 1125 4645 trabit
1148 4571 1195 4645 ad
1221 4572 1441 4665 caudorem3
1464 4572 1522 4648 vel
1548 4578 1605 4647 est
1629 4579 1822 4665 temperato
1842 4574 1955 4664 codo,

788 4690 879 4764 idest
894 4713 916 4766 a
933 4691 1091 4766 Saturno
1109 4698 1146 4765 et
1163 4694 1279 4767 lllarte
1297 4691 1464 4785 mediata,
1483 4712 1646 4787 quorum
1666 4690 1842 4766 malitiam
1864 4699 1960 4767 tem-

851 4949 880 5015 (¹)
895 4950 926 5001 Ε.
942 4949 1032 5013 litera,
1049 4966 1108 5017 qna
1123 4952 1194 5003 dicit.
1225 4942 1228 4945 ⁴
1445 4952 1521 5015 (bil.
1537 4953 1626 5003 rubea.
