4842 6642
1025 766 1093 834 128
1160 860 1163 876 „
1411 779 1614 836 coumrruu
1639 782 1807 836 rananru

1021 922 1248 1018 quicumque
1273 925 1473 1020 perpendit,
1490 929 1581 1006 otei
1596 930 1667 1000 vioi
1680 929 1839 1019 conpelli,
1856 925 2003 1019 scilicet,
2023 926 2193 1022 planetae,

1021 1045 1084 1138 qui
1109 1052 1302 1140 tamquam
1319 1046 1435 1142 sigilla
1453 1047 1670 1142 imprimunt
1691 1048 1849 1121 lormam
1867 1047 1903 1119 in
1923 1047 2097 1141 materia;
2122 1049 2193 1142 vel,

1021 1165 1090 1273 vira·
1113 1169 1270 1257 suppetit,
1296 1166 1397 1260 idest,
1422 1168 1556 1242 animae
1584 1175 1731 1263 sancta,
1758 1173 1796 1242 et
1821 1173 2026 1261 utrumque
2058 1189 2192 1243 verum

1020 1289 1086 1378 est,
1101 1284 1215 1358 immo
1228 1291 1402 1360 neutrum
1416 1308 1548 1361 verum
1570 1288 1726 1381 videtur,
1745 1287 1860 1361 immo
1877 1296 2097 1383 exponatur,
2110 1310 2194 1382 sup-

1019 1407 1130 1496 petit,
1147 1404 1249 1497 idest,
1283 1405 1411 1480 circuli
1442 1407 1626 1502 Beatricis‚
1649 1413 1762 1502 sunno
1789 1404 1852 1500 pii
1881 1411 1917 1483 d
1929 1412 2014 1501 σφα·
2038 1410 2192 1484 beltczzo

1016 1520 1078 1618 piri
1102 1547 1196 1618 urso,
1225 1533 1262 1601 et
1287 1547 1353 1622 per
1377 1547 1606 1622 consequens
1630 1528 1777 1602 Beatrix
1809 1527 1888 1602 lieri
1922 1528 2079 1604 debebat
2109 1530 2192 1624 pul-

1020 1645 1127 1739 crior,
1145 1668 1164 1718 c
1188 1649 1239 1720 ct'
1251 1649 1287 1720 io
1305 1668 1379 1721 non
1398 1650 1444 1720 m’
1456 1669 1522 1721 era
1539 1651 1668 1722 rivallo
1683 1651 1734 1722 ud
1749 1652 1818 1739 elli,
1836 1649 1984 1743 scilicet,
2001 1649 2048 1724 ad
2065 1651 2191 1726 oculos

1018 1766 1202 1859 Beatricis‚
1242 1759 1279 1860 u,
1319 1766 1454 1842 scilicet
1487 1768 1552 1842 ubi
1585 1775 1666 1844 erat
1698 1769 1759 1843 illa
1792 1769 1948 1844 melodia
1981 1769 2190 1844 animarum

1019 1887 1055 1960 in
1084 1907 1214 1980 cruce3
1243 1887 1347 1981 quasi
1372 1887 1487 1962 dicat:
1513 1909 1588 1964 nou
1613 1896 1799 1964 verteram
1826 1911 1888 1964 me
1912 1889 1959 1963 ad
1984 1890 2189 1964 Bealricem

1018 2015 1214 2102 postquam
1232 2007 1375 2102 respexi
1396 2008 1538 2084 animas
1555 2009 1651 2083 illius
1668 2011 1855 2104 crucis-et
1872 2011 1999 2086 vacavi
2012 2011 2136 2084 cantui
2153 2006 2189 2103 (¹)

1019 2148 1161 2220 earum,
1187 2147 1330 2200 cscusur
1348 2133 1507 2220 puommi
1530 2132 1568 2204 di
1592 2131 1671 2220 quel
1692 2131 1791 2202 ct’io
1816 2133 2010 2221 m'nocuso,
2041 2130 2190 2222 scilicet,

1019 2248 1165 2342 quando
1190 2247 1283 2322 dixi:
1306 2251 1405 2342 forse
1437 2252 1474 2322 lu
1505 2253 1577 2322 min
1602 2253 1737 2342 porolu
1765 2271 1837 2341 pur
1868 2258 1996 2343 troppo
2026 2271 2092 2324 osu
2122 2272 2190 2343 per

1017 2372 1220 2460 mensurni,
1239 2369 1325 2463 quia
1346 2369 1447 2466 tetigi
1479 2370 1633 2444 dublum
1663 2370 1872 2446 accusando
1901 2391 1963 2446 me
1996 2377 2039 2444 ut
2067 2371 2189 2446 solve-

1019 2511 1096 2564 rem
1115 2489 1270 2563 dubium
1296 2491 1505 2565 excusando
1530 2512 1603 2586 me,
1622 2490 1846 2566 ostendendo
1871 2491 2058 2586 quomodo
2076 2491 2112 2566 in
2131 2492 2184 2567 rei

1017 2610 1171 2684 veritate
1197 2629 1267 2705 ego
1294 2631 1366 2684 non
1392 2618 1670 2705 postposueram
1692 2611 1974 2706 pulcritudinem
1992 2610 2186 2703 Beatricis3

1017 2737 1054 2804 et
1078 2729 1181 2805 dicit:
1208 2751 1227 2801 e
1252 2733 1406 2804 vedermi
1429 2733 1487 2804 dir
1512 2752 1610 2820 vero,
1635 2731 1737 2824 idest,
1764 2738 1800 2806 et
1825 2736 1943 2825 potest
1968 2729 2095 2804 videre
2127 2749 2190 2804 me

1016 2850 1138 2925 dicere
1164 2871 1310 2944 verum,
1337 2851 1485 2945 quaudo
1510 2851 1583 2925 dixi
1611 2851 1710 2945 quod
1736 2852 1835 2925 nulla
1861 2851 1931 2924 alia
1957 2871 2017 2924 res
2043 2856 2187 2924 tantum

1017 2991 1078 3044 me
1102 2970 1282 3066 ligaverat
1298 2978 1478 3064 quantum
1499 2972 1654 3046 melodia
1672 2972 1742 3065 illa,
1761 2972 1847 3066 quia
1866 2970 2077 3066 placibilitas
2094 2972 2188 3045 Bea-

1016 3090 1116 3176 tricis
1133 3098 1187 3166 est
1204 3092 1343 3166 inclusa
1368 3092 1404 3165 in
1431 3092 1502 3184 illa,
1520 3100 1558 3167 et
1574 3093 1684 3167 datur
1701 3093 1850 3189 intelligi
1869 3112 1934 3186 per
1951 3091 2071 3185 illarn3
2090 3090 2188 3165 unde

1016 3211 1118 3284 dicit:
1144 3207 1206 3284 cled
1224 3214 1250 3284 'l
1275 3214 1538 3305 pincernarum,
1575 3213 1721 3305 scilicet,
1754 3212 1938 3304 Beatricis,
1971 3233 2043 3288 uon
2065 3207 2098 3284 c*
2129 3215 2190 3303 qui

1015 3333 1197 3422 discilium,
1223 3331 1326 3424 idest,
1344 3332 1548 3426 exclusum,
1575 3333 1690 3407 immo
1716 3333 1835 3428 potius
1860 3333 2068 3408 inclusum:
2087 3330 2185 3425 quod

1015 3450 1176 3526 declarat
1201 3450 1335 3545 statim,
1361 3451 1502 3526 diceus:
1525 3448 1664 3544 pacni,
1683 3452 1769 3526 illud
1787 3454 1932 3547 placere
1946 3450 2130 3544 Beatricis,
2155 3454 2188 3524 si

1011 3576 1053 3666 [a
1077 3567 1141 3665 piri
1171 3575 1308 3646 sinemo
1336 3575 1541 3664 amaturum,
1570 3573 1656 3667 quia
1683 3581 1822 3666 quanto
1861 3573 1977 3669 magis
2010 3571 2183 3663 ascendit,

1015 3698 1116 3766 lanto
1141 3694 1257 3788 magis
1282 3693 1432 3786 crescit;
1458 3693 1540 3769 ideo
1565 3694 1594 3768 si
1620 3714 1693 3767 non
1721 3693 1825 3769 lieret
1842 3695 1965 3788 aliqua
1984 3693 2122 3768 mentio
2138 3693 2185 3766 de

1015 3811 1241 3886 incremento
1266 3812 1517 3908 pulcritudinis
1543 3814 1650 3891 tacite
1675 3813 1827 3889 deberet
1853 3833 2000 3908 semper
2031 3811 2182 3908 intelligi

1014 3933 1161 4026 quando
1186 3933 1395 4016 ascenditur
1418 3933 1546 4027 altius;
1568 3933 1665 4007 oculi
1691 3933 1788 4007 enirn
1817 3933 1989 4008 Beatricis
2013 3940 2099 4006 sunt
2120 3932 2183 4026 qui
2331 3928 2336 3936 '

1014 4054 1209 4129 ostendunt
1233 4054 1300 4127 sibi
1318 4074 1468 4128 omnem
1486 4053 1790 4148 pulcritudinem;
1811 4062 1849 4129 el
1866 4053 1903 4126 in
1922 4054 1992 4128 lroc
2009 4053 2183 4128 terminat

1013 4175 1214 4269 capitulum
1241 4181 1308 4250 etc.
1373 4192 1377 4196 ’

1073 4425 1103 4489 (¹)
1119 4425 1144 4476 S.
1161 4441 1176 4476 a
1192 4432 1278 4477 cantu.
