<?xml version="1.0" encoding="UTF-8"?>
<!DOCTYPE html PUBLIC "-//W3C//DTD XHTML 1.0 Transitional//EN"
    "http://www.w3.org/TR/xhtml1/DTD/xhtml1-transitional.dtd">
<html xmlns="http://www.w3.org/1999/xhtml" xml:lang="en" lang="en">
 <head>
  <title>
</title>
<meta http-equiv="Content-Type" content="text/html;charset=utf-8" />
  <meta name='ocr-system' content='tesseract 3.04.00' />
  <meta name='ocr-capabilities' content='ocr_page ocr_carea ocr_par ocr_line ocrx_word'/>
</head>
<body>
  <div class='ocr_page' id='page_1' title='image "./comentumsuperda02benvgoog_0154.png"; bbox 0 0 4842 6642; ppageno 0'>
   <div class='ocr_carea' id='block_1_1' title="bbox 784 811 1570 878">
    <p class='ocr_par' dir='ltr' id='par_1_1' title="bbox 784 811 1570 878">
     <span class='ocr_line' id='line_1_1' title="bbox 784 811 1570 878; baseline -0.006 -1"><span class='ocrx_word' id='word_1_1' title='bbox 784 811 853 878; x_wconf 76' lang='grc'><strong>144</strong></span> <span class='ocrx_word' id='word_1_2' title='bbox 1173 819 1378 874; x_wconf 72' lang='lat' dir='ltr'><strong>communem</strong></span> <span class='ocrx_word' id='word_1_3' title='bbox 1404 819 1570 874; x_wconf 78' lang='lat' dir='ltr'><strong>rnnnnrsr</strong></span> 
     </span>
    </p>
   </div>
   <div class='ocr_carea' id='block_1_2' title="bbox 679 965 1956 3826">
    <p class='ocr_par' dir='ltr' id='par_1_2' title="bbox 679 965 1956 3826">
     <span class='ocr_line' id='line_1_2' title="bbox 781 965 1954 1064; baseline -0.004 -21"><span class='ocrx_word' id='word_1_4' title='bbox 781 968 869 1063; x_wconf 90' lang='lat' dir='ltr'><strong>rius,</strong></span> <span class='ocrx_word' id='word_1_5' title='bbox 896 976 937 1042; x_wconf 91' lang='lat' dir='ltr'><strong>nt</strong></span> <span class='ocrx_word' id='word_1_6' title='bbox 958 969 1037 1064; x_wconf 88' lang='lat' dir='ltr'><strong>jam</strong></span> <span class='ocrx_word' id='word_1_7' title='bbox 1062 967 1201 1042; x_wconf 88' lang='lat' dir='ltr'><strong>dictum</strong></span> <span class='ocrx_word' id='word_1_8' title='bbox 1227 973 1293 1060; x_wconf 78' lang='lat' dir='ltr'><strong>est,</strong></span> <span class='ocrx_word' id='word_1_9' title='bbox 1312 987 1332 1038; x_wconf 85' lang='lat' dir='ltr'><strong>e</strong></span> <span class='ocrx_word' id='word_1_10' title='bbox 1348 969 1408 1060; x_wconf 83' lang='lat' dir='ltr'><strong>sae</strong></span> <span class='ocrx_word' id='word_1_11' title='bbox 1429 975 1487 1038; x_wconf 82' lang='lat' dir='ltr'><strong>tuo</strong></span> <span class='ocrx_word' id='word_1_12' title='bbox 1508 966 1642 1055; x_wconf 73' lang='grc' dir='ltr'><strong><em>ῠίεαυο,</em></strong></span> <span class='ocrx_word' id='word_1_13' title='bbox 1660 965 1764 1059; x_wconf 88' lang='lat' dir='ltr'><strong>idest,</strong></span> <span class='ocrx_word' id='word_1_14' title='bbox 1782 985 1954 1060; x_wconf 84' lang='lat' dir='ltr'><strong>proavus.</strong></span> 
     </span>
     <span class='ocr_line' id='line_1_3' title="bbox 778 1085 1954 1191; baseline 0 -29"><span class='ocrx_word' id='word_1_15' title='bbox 778 1089 823 1162; x_wconf 82' lang='lat' dir='ltr'><strong>Et</strong></span> <span class='ocrx_word' id='word_1_16' title='bbox 848 1089 906 1163; x_wconf 88' lang='lat' dir='ltr'><strong>bic</strong></span> <span class='ocrx_word' id='word_1_17' title='bbox 932 1096 1031 1182; x_wconf 91' lang='lat' dir='ltr'><strong>nota,</strong></span> <span class='ocrx_word' id='word_1_18' title='bbox 1058 1087 1157 1183; x_wconf 89' lang='lat' dir='ltr'><strong>quod</strong></span> <span class='ocrx_word' id='word_1_19' title='bbox 1181 1085 1312 1162; x_wconf 90' lang='lat' dir='ltr'><strong>eodem</strong></span> <span class='ocrx_word' id='word_1_20' title='bbox 1340 1087 1490 1191; x_wconf 90' lang='lat' dir='ltr'><strong>nornine</strong></span> <span class='ocrx_word' id='word_1_21' title='bbox 1507 1095 1660 1162; x_wconf 86' lang='lat' dir='ltr'><strong>vocatus</strong></span> <span class='ocrx_word' id='word_1_22' title='bbox 1683 1094 1740 1161; x_wconf 90' lang='lat' dir='ltr'><strong>est</strong></span> <span class='ocrx_word' id='word_1_23' title='bbox 1765 1095 1869 1182; x_wconf 85' lang='lat' dir='ltr'><strong>pater</strong></span> <span class='ocrx_word' id='word_1_24' title='bbox 1885 1109 1954 1162; x_wconf 90' lang='lat' dir='ltr'><strong>au·</strong></span> 
     </span>
     <span class='ocr_line' id='line_1_4' title="bbox 680 1205 1956 1302; baseline 0.001 -24"><span class='ocrx_word' id='word_1_25' title='bbox 680 1273 683 1278; x_wconf 83' lang='lat'><em>.</em></span> <span class='ocrx_word' id='word_1_26' title='bbox 779 1209 878 1283; x_wconf 91' lang='lat' dir='ltr'><strong>toris.</strong></span> <span class='ocrx_word' id='word_1_27' title='bbox 917 1209 1000 1283; x_wconf 87' lang='lat' dir='ltr'><strong>Fuit</strong></span> <span class='ocrx_word' id='word_1_28' title='bbox 1031 1209 1129 1283; x_wconf 90' lang='lat' dir='ltr'><strong>enim</strong></span> <span class='ocrx_word' id='word_1_29' title='bbox 1168 1207 1339 1281; x_wconf 90' lang='lat' dir='ltr'><strong>dominus</strong></span> <span class='ocrx_word' id='word_1_30' title='bbox 1370 1205 1601 1302; x_wconf 78' lang='lat' dir='ltr'><strong>didigberius</strong></span> <span class='ocrx_word' id='word_1_31' title='bbox 1631 1205 1877 1301; x_wconf 86' lang='lat' dir='ltr'><strong>jurisperitos.</strong></span> <span class='ocrx_word' id='word_1_32' title='bbox 1913 1209 1956 1280; x_wconf 87' lang='lat' dir='ltr'><strong>Et</strong></span> 
     </span>
     <span class='ocr_line' id='line_1_5' title="bbox 779 1323 1954 1420; baseline -0.001 -18"><span class='ocrx_word' id='word_1_33' title='bbox 779 1329 918 1402; x_wconf 84' lang='lat' dir='ltr'><strong>subdit:</strong></span> <span class='ocrx_word' id='word_1_34' title='bbox 946 1331 1010 1404; x_wconf 81' lang='lat' dir='ltr'><strong>ben</strong></span> <span class='ocrx_word' id='word_1_35' title='bbox 1034 1332 1066 1401; x_wconf 83' lang='lat' dir='ltr'><strong>si</strong></span> <span class='ocrx_word' id='word_1_36' title='bbox 1089 1330 1234 1400; x_wconf 74' lang='lat' dir='ltr'><strong>conotrm</strong></span> <span class='ocrx_word' id='word_1_37' title='bbox 1249 1329 1310 1399; x_wconf 81' lang='lat' dir='ltr'><strong>cte</strong></span> <span class='ocrx_word' id='word_1_38' title='bbox 1332 1333 1367 1400; x_wconf 77' lang='lat' dir='ltr'><strong>m</strong></span> <span class='ocrx_word' id='word_1_39' title='bbox 1389 1329 1440 1416; x_wconf 71' lang='lat' dir='ltr'><strong>oti</strong></span> <span class='ocrx_word' id='word_1_40' title='bbox 1454 1329 1628 1417; x_wconf 82' lang='lat' dir='ltr'><strong>roocorci,</strong></span> <span class='ocrx_word' id='word_1_41' title='bbox 1649 1323 1752 1420; x_wconf 85' lang='lat' dir='ltr'><strong>idest,</strong></span> <span class='ocrx_word' id='word_1_42' title='bbox 1773 1327 1954 1420; x_wconf 88' lang='lat' dir='ltr'><strong>abreries,</strong></span> 
     </span>
     <span class='ocr_line' id='line_1_6' title="bbox 780 1445 1952 1544; baseline -0.002 -22"><span class='ocrx_word' id='word_1_43' title='bbox 780 1451 817 1522; x_wconf 85' lang='lat' dir='ltr'><strong>iu</strong></span> <span class='ocrx_word' id='word_1_44' title='bbox 851 1453 959 1540; x_wconf 68' lang='lat' dir='ltr'><strong>tanqu</strong></span> <span class='ocrx_word' id='word_1_45' title='bbox 987 1451 1109 1544; x_wconf 69' lang='lat' dir='ltr'><strong>soemo,</strong></span> <span class='ocrx_word' id='word_1_46' title='bbox 1145 1446 1248 1540; x_wconf 91' lang='lat' dir='ltr'><strong>idest,</strong></span> <span class='ocrx_word' id='word_1_47' title='bbox 1283 1445 1504 1521; x_wconf 82' lang='lat' dir='ltr'><strong>laboriosam</strong></span> <span class='ocrx_word' id='word_1_48' title='bbox 1540 1452 1577 1519; x_wconf 93' lang='lat' dir='ltr'><strong>et</strong></span> <span class='ocrx_word' id='word_1_49' title='bbox 1611 1445 1758 1540; x_wconf 83' lang='lat' dir='ltr'><strong>longam</strong></span> <span class='ocrx_word' id='word_1_50' title='bbox 1791 1467 1952 1541; x_wconf 70' lang='lat' dir='ltr'><strong>poenam,</strong></span> 
     </span>
     <span class='ocr_line' id='line_1_7' title="bbox 780 1565 1953 1664; baseline 0.001 -23"><span class='ocrx_word' id='word_1_51' title='bbox 780 1589 893 1662; x_wconf 86' lang='lat' dir='ltr'><strong>quam</strong></span> <span class='ocrx_word' id='word_1_52' title='bbox 908 1568 975 1642; x_wconf 89' lang='lat' dir='ltr'><strong>luit</strong></span> <span class='ocrx_word' id='word_1_53' title='bbox 983 1569 1061 1664; x_wconf 89' lang='lat' dir='ltr'><strong>jam</strong></span> <span class='ocrx_word' id='word_1_54' title='bbox 1078 1567 1172 1640; x_wconf 89' lang='lat' dir='ltr'><strong>ultra</strong></span> <span class='ocrx_word' id='word_1_55' title='bbox 1190 1572 1340 1639; x_wconf 92' lang='lat' dir='ltr'><strong>centum</strong></span> <span class='ocrx_word' id='word_1_56' title='bbox 1355 1585 1483 1639; x_wconf 92' lang='lat' dir='ltr'><strong>annos.</strong></span> <span class='ocrx_word' id='word_1_57' title='bbox 1494 1565 1834 1639; x_wconf 77' lang='lat' dir='ltr'><strong>laboriosissimum</strong></span> <span class='ocrx_word' id='word_1_58' title='bbox 1854 1568 1953 1642; x_wconf 91' lang='lat' dir='ltr'><strong>enim</strong></span> 
     </span>
     <span class='ocr_line' id='line_1_8' title="bbox 780 1679 1956 1784; baseline 0 -22"><span class='ocrx_word' id='word_1_59' title='bbox 780 1695 837 1762; x_wconf 89' lang='lat' dir='ltr'><strong>est</strong></span> <span class='ocrx_word' id='word_1_60' title='bbox 860 1709 992 1762; x_wconf 84' lang='lat' dir='ltr'><strong>sarum</strong></span> <span class='ocrx_word' id='word_1_61' title='bbox 1018 1689 1147 1784; x_wconf 85' lang='lat' dir='ltr'><strong>ingens</strong></span> <span class='ocrx_word' id='word_1_62' title='bbox 1164 1679 1201 1780; x_wconf 67' lang='grc' dir='ltr'><strong>ζ’)</strong></span> <span class='ocrx_word' id='word_1_63' title='bbox 1225 1687 1302 1781; x_wconf 90' lang='lat' dir='ltr'><strong>jarn</strong></span> <span class='ocrx_word' id='word_1_64' title='bbox 1331 1693 1497 1781; x_wconf 85' lang='lat' dir='ltr'><strong>tempore</strong></span> <span class='ocrx_word' id='word_1_65' title='bbox 1529 1692 1655 1780; x_wconf 84' lang='lat' dir='ltr'><strong>tanto3</strong></span> <span class='ocrx_word' id='word_1_66' title='bbox 1686 1693 1723 1761; x_wconf 93' lang='lat' dir='ltr'><strong>et</strong></span> <span class='ocrx_word' id='word_1_67' title='bbox 1756 1687 1859 1762; x_wconf 85' lang='lat' dir='ltr'><strong>dicit:</strong></span> <span class='ocrx_word' id='word_1_68' title='bbox 1888 1710 1956 1762; x_wconf 81' lang='lat' dir='ltr'><strong>con</strong></span> 
     </span>
     <span class='ocr_line' id='line_1_9' title="bbox 779 1806 1955 1904; baseline 0.003 -24"><span class='ocrx_word' id='word_1_69' title='bbox 779 1811 912 1901; x_wconf 75' lang='lat' dir='ltr'><strong>repere</strong></span> <span class='ocrx_word' id='word_1_70' title='bbox 930 1816 996 1899; x_wconf 81' lang='lat' dir='ltr'><strong>tue,</strong></span> <span class='ocrx_word' id='word_1_71' title='bbox 1014 1815 1103 1904; x_wconf 86' lang='lat' dir='ltr'><strong>puta</strong></span> <span class='ocrx_word' id='word_1_72' title='bbox 1129 1806 1368 1901; x_wconf 87' lang='lat' dir='ltr'><strong>orationibus,</strong></span> <span class='ocrx_word' id='word_1_73' title='bbox 1387 1806 1642 1902; x_wconf 85' lang='lat' dir='ltr'><strong>eleemosynis,</strong></span> <span class='ocrx_word' id='word_1_74' title='bbox 1657 1807 1815 1902; x_wconf 88' lang='lat' dir='ltr'><strong>jeiuniis,</strong></span> <span class='ocrx_word' id='word_1_75' title='bbox 1843 1815 1881 1884; x_wconf 92' lang='lat' dir='ltr'><strong>et</strong></span> <span class='ocrx_word' id='word_1_76' title='bbox 1906 1810 1955 1883; x_wconf 92' lang='lat' dir='ltr'><strong>si-</strong></span> 
     </span>
     <span class='ocr_line' id='line_1_10' title="bbox 780 1925 1953 2023; baseline 0.001 -21"><span class='ocrx_word' id='word_1_77' title='bbox 780 1928 1037 2023; x_wconf 68' lang='lat' dir='ltr'><strong>milibusque</strong></span> <span class='ocrx_word' id='word_1_78' title='bbox 1054 1934 1142 2002; x_wconf 89' lang='lat' dir='ltr'><strong>sunt</strong></span> <span class='ocrx_word' id='word_1_79' title='bbox 1159 1927 1194 2000; x_wconf 96' lang='lat' dir='ltr'><strong>in</strong></span> <span class='ocrx_word' id='word_1_80' title='bbox 1217 1927 1436 2023; x_wconf 82' lang='lat' dir='ltr'><strong>suffragium</strong></span> <span class='ocrx_word' id='word_1_81' title='bbox 1457 1925 1668 2000; x_wconf 88' lang='lat' dir='ltr'><strong>animarum</strong></span> <span class='ocrx_word' id='word_1_82' title='bbox 1683 1927 1953 2003; x_wconf 80' lang='lat' dir='ltr'><strong>defunctorum.</strong></span> 
     </span>
     <span class='ocr_line' id='line_1_11' title="bbox 679 2031 1955 2148; baseline 0.003 -26"><span class='ocrx_word' id='word_1_83' title='bbox 679 2031 683 2040; x_wconf 46' lang='lat'><strong>⁴</strong></span> <span class='ocrx_word' id='word_1_84' title='bbox 778 2049 821 2122; x_wconf 83' lang='lat' dir='ltr'><strong>Et</strong></span> <span class='ocrx_word' id='word_1_85' title='bbox 847 2070 913 2144; x_wconf 88' lang='lat' dir='ltr'><strong>per</strong></span> <span class='ocrx_word' id='word_1_86' title='bbox 934 2050 1003 2122; x_wconf 90' lang='lat' dir='ltr'><strong>boc</strong></span> <span class='ocrx_word' id='word_1_87' title='bbox 1029 2056 1127 2142; x_wconf 92' lang='lat' dir='ltr'><strong>nota,</strong></span> <span class='ocrx_word' id='word_1_88' title='bbox 1153 2047 1355 2148; x_wconf 86' lang='lat' dir='ltr'><strong>quodipsa</strong></span> <span class='ocrx_word' id='word_1_89' title='bbox 1375 2046 1498 2121; x_wconf 92' lang='lat' dir='ltr'><strong>anirna</strong></span> <span class='ocrx_word' id='word_1_90' title='bbox 1518 2048 1625 2122; x_wconf 88' lang='lat' dir='ltr'><strong>beata</strong></span> <span class='ocrx_word' id='word_1_91' title='bbox 1643 2069 1715 2122; x_wconf 94' lang='lat' dir='ltr'><strong>non</strong></span> <span class='ocrx_word' id='word_1_92' title='bbox 1734 2055 1852 2143; x_wconf 86' lang='lat' dir='ltr'><strong>potest</strong></span> <span class='ocrx_word' id='word_1_93' title='bbox 1869 2049 1955 2126; x_wconf 93' lang='lat' dir='ltr'><strong>bre·</strong></span> 
     </span>
     <span class='ocr_line' id='line_1_12' title="bbox 778 2164 1954 2263; baseline 0.002 -21"><span class='ocrx_word' id='word_1_94' title='bbox 778 2168 881 2242; x_wconf 86' lang='lat' dir='ltr'><strong>viare</strong></span> <span class='ocrx_word' id='word_1_95' title='bbox 897 2175 1051 2263; x_wconf 85' lang='lat' dir='ltr'><strong>¹tempos</strong></span> <span class='ocrx_word' id='word_1_96' title='bbox 1077 2187 1195 2262; x_wconf 87' lang='lat' dir='ltr'><strong>poenae</strong></span> <span class='ocrx_word' id='word_1_97' title='bbox 1222 2166 1295 2261; x_wconf 87' lang='lat' dir='ltr'><strong>diii,</strong></span> <span class='ocrx_word' id='word_1_98' title='bbox 1321 2164 1437 2240; x_wconf 92' lang='lat' dir='ltr'><strong>immo</strong></span> <span class='ocrx_word' id='word_1_99' title='bbox 1466 2172 1523 2241; x_wconf 89' lang='lat' dir='ltr'><strong>est</strong></span> <span class='ocrx_word' id='word_1_100' title='bbox 1553 2187 1647 2261; x_wconf 87' lang='lat' dir='ltr'><strong>opos</strong></span> <span class='ocrx_word' id='word_1_101' title='bbox 1670 2169 1808 2243; x_wconf 79' lang='lat' dir='ltr'><strong>anxilio</strong></span> <span class='ocrx_word' id='word_1_102' title='bbox 1834 2171 1954 2244; x_wconf 89' lang='lat' dir='ltr'><strong>bomi-</strong></span> 
     </span>
     <span class='ocr_line' id='line_1_13' title="bbox 779 2286 1951 2386; baseline 0.001 -24"><span class='ocrx_word' id='word_1_103' title='bbox 779 2309 881 2381; x_wconf 83' lang='lat' dir='ltr'><strong>num,</strong></span> <span class='ocrx_word' id='word_1_104' title='bbox 900 2288 963 2382; x_wconf 87' lang='lat' dir='ltr'><strong>qui</strong></span> <span class='ocrx_word' id='word_1_105' title='bbox 981 2287 1051 2361; x_wconf 89' lang='lat' dir='ltr'><strong>sint</strong></span> <span class='ocrx_word' id='word_1_106' title='bbox 1070 2287 1116 2359; x_wconf 82' lang='lat' dir='ltr'><strong>in&#39;</strong></span> <span class='ocrx_word' id='word_1_107' title='bbox 1128 2286 1247 2382; x_wconf 89' lang='lat' dir='ltr'><strong>prima</strong></span> <span class='ocrx_word' id='word_1_108' title='bbox 1263 2286 1346 2360; x_wconf 82' lang='lat' dir='ltr'><strong>rita.</strong></span> <span class='ocrx_word' id='word_1_109' title='bbox 1360 2327 1410 2341; x_wconf 97' lang='lat'>-</span> <span class='ocrx_word' id='word_1_110' title='bbox 1423 2289 1610 2360; x_wconf 74' lang='lat' dir='ltr'><strong>morenzo.</strong></span> <span class='ocrx_word' id='word_1_111' title='bbox 1628 2287 1694 2362; x_wconf 87' lang='lat' dir='ltr'><strong>Hic</strong></span> <span class='ocrx_word' id='word_1_112' title='bbox 1711 2289 1951 2386; x_wconf 81' lang='lat' dir='ltr'><strong>Caeciaguida</strong></span> 
     </span>
     <span class='ocr_line' id='line_1_14' title="bbox 749 2398 1952 2484; baseline -0.001 0"><span class='ocrx_word' id='word_1_113' title='bbox 749 2398 752 2405; x_wconf 75' lang='grc'><strong>’</strong></span> <span class='ocrx_word' id='word_1_114' title='bbox 778 2409 932 2484; x_wconf 76' lang='lat' dir='ltr'><strong>intendit</strong></span> <span class='ocrx_word' id='word_1_115' title='bbox 951 2408 1165 2483; x_wconf 89' lang='lat' dir='ltr'><strong>describere</strong></span> <span class='ocrx_word' id='word_1_116' title='bbox 1193 2406 1433 2481; x_wconf 75' lang='lat' dir='ltr'><strong>mutationem</strong></span> <span class='ocrx_word' id='word_1_117' title='bbox 1460 2427 1610 2482; x_wconf 92' lang='lat' dir='ltr'><strong>morum</strong></span> <span class='ocrx_word' id='word_1_118' title='bbox 1631 2429 1709 2482; x_wconf 85' lang='lat' dir='ltr'><strong>soae</strong></span> <span class='ocrx_word' id='word_1_119' title='bbox 1725 2409 1889 2484; x_wconf 80' lang='lat' dir='ltr'><strong>civitatis.</strong></span> <span class='ocrx_word' id='word_1_120' title='bbox 1909 2411 1952 2484; x_wconf 84' lang='lat' dir='ltr'><strong>Et</strong></span> 
     </span>
     <span class='ocr_line' id='line_1_15' title="bbox 779 2526 1950 2622; baseline 0.001 -19"><span class='ocrx_word' id='word_1_121' title='bbox 779 2536 820 2603; x_wconf 90' lang='lat' dir='ltr'><strong>ut</strong></span> <span class='ocrx_word' id='word_1_122' title='bbox 846 2527 990 2602; x_wconf 89' lang='lat' dir='ltr'><strong>cautius</strong></span> <span class='ocrx_word' id='word_1_123' title='bbox 1021 2526 1265 2622; x_wconf 86' lang='lat' dir='ltr'><strong>reprehendat</strong></span> <span class='ocrx_word' id='word_1_124' title='bbox 1289 2526 1513 2620; x_wconf 84' lang='lat' dir='ltr'><strong>florentinos,</strong></span> <span class='ocrx_word' id='word_1_125' title='bbox 1539 2528 1726 2622; x_wconf 78' lang='lat' dir='ltr'><strong>praemittit</strong></span> <span class='ocrx_word' id='word_1_126' title='bbox 1756 2530 1950 2604; x_wconf 82' lang='lat' dir='ltr'><strong>honestum</strong></span> 
     </span>
     <span class='ocr_line' id='line_1_16' title="bbox 776 2647 1953 2746; baseline 0 -23"><span class='ocrx_word' id='word_1_127' title='bbox 776 2656 813 2724; x_wconf 92' lang='lat' dir='ltr'><strong>et</strong></span> <span class='ocrx_word' id='word_1_128' title='bbox 838 2647 1077 2742; x_wconf 87' lang='lat' dir='ltr'><strong>tranquillum</strong></span> <span class='ocrx_word' id='word_1_129' title='bbox 1105 2654 1241 2721; x_wconf 82' lang='lat' dir='ltr'><strong>statum</strong></span> <span class='ocrx_word' id='word_1_130' title='bbox 1275 2667 1430 2721; x_wconf 90' lang='lat' dir='ltr'><strong>suorum</strong></span> <span class='ocrx_word' id='word_1_131' title='bbox 1461 2647 1680 2742; x_wconf 84' lang='lat' dir='ltr'><strong>concivium,</strong></span> <span class='ocrx_word' id='word_1_132' title='bbox 1707 2649 1743 2722; x_wconf 93' lang='lat' dir='ltr'><strong>in</strong></span> <span class='ocrx_word' id='word_1_133' title='bbox 1776 2671 1852 2744; x_wconf 86' lang='lat' dir='ltr'><strong>quo</strong></span> <span class='ocrx_word' id='word_1_134' title='bbox 1877 2651 1953 2746; x_wconf 86' lang='lat' dir='ltr'><strong>ipse</strong></span> 
     </span>
     <span class='ocr_line' id='line_1_17' title="bbox 777 2767 1951 2864; baseline 0.002 -21"><span class='ocrx_word' id='word_1_135' title='bbox 777 2775 976 2844; x_wconf 89' lang='lat' dir='ltr'><strong>natusest.</strong></span> <span class='ocrx_word' id='word_1_136' title='bbox 1003 2767 1057 2842; x_wconf 83' lang='lat' dir='ltr'><strong>dd</strong></span> <span class='ocrx_word' id='word_1_137' title='bbox 1083 2767 1189 2842; x_wconf 93' lang='lat' dir='ltr'><strong>cuius</strong></span> <span class='ocrx_word' id='word_1_138' title='bbox 1215 2767 1434 2842; x_wconf 84' lang='lat' dir='ltr'><strong>evidentiam</strong></span> <span class='ocrx_word' id='word_1_139' title='bbox 1467 2774 1522 2840; x_wconf 90' lang='lat' dir='ltr'><strong>est</strong></span> <span class='ocrx_word' id='word_1_140' title='bbox 1547 2768 1824 2862; x_wconf 70' lang='lat' dir='ltr'><strong>praenotandum</strong></span> <span class='ocrx_word' id='word_1_141' title='bbox 1852 2773 1951 2864; x_wconf 85' lang='lat' dir='ltr'><strong>quod</strong></span> 
     </span>
     <span class='ocr_line' id='line_1_18' title="bbox 777 2888 1953 2985; baseline 0 -21"><span class='ocrx_word' id='word_1_142' title='bbox 777 2891 813 2964; x_wconf 94' lang='lat' dir='ltr'><strong>in</strong></span> <span class='ocrx_word' id='word_1_143' title='bbox 841 2890 1033 2964; x_wconf 90' lang='lat' dir='ltr'><strong>miiiesimo</strong></span> <span class='ocrx_word' id='word_1_144' title='bbox 1063 2889 1264 2963; x_wconf 88' lang='lat' dir='ltr'><strong>centesimo</strong></span> <span class='ocrx_word' id='word_1_145' title='bbox 1295 2888 1602 2983; x_wconf 82' lang='lat' dir='ltr'><strong>quinquagesimo</strong></span> <span class='ocrx_word' id='word_1_146' title='bbox 1634 2899 1768 2985; x_wconf 85' lang='lat' dir='ltr'><strong>quarto</strong></span> <span class='ocrx_word' id='word_1_147' title='bbox 1802 2891 1953 2966; x_wconf 85' lang='lat' dir='ltr'><strong>Floren-</strong></span> 
     </span>
     <span class='ocr_line' id='line_1_19' title="bbox 777 3001 1951 3105; baseline 0.003 -23"><span class='ocrx_word' id='word_1_148' title='bbox 777 3010 826 3084; x_wconf 88' lang='lat' dir='ltr'><strong>tia</strong></span> <span class='ocrx_word' id='word_1_149' title='bbox 846 3001 883 3101; x_wconf 75' lang='lat'><strong>(²)</strong></span> <span class='ocrx_word' id='word_1_150' title='bbox 908 3015 990 3084; x_wconf 90' lang='lat' dir='ltr'><strong>erat</strong></span> <span class='ocrx_word' id='word_1_151' title='bbox 1015 3007 1136 3082; x_wconf 91' lang='lat' dir='ltr'><strong>minor</strong></span> <span class='ocrx_word' id='word_1_152' title='bbox 1163 3028 1276 3102; x_wconf 87' lang='lat' dir='ltr'><strong>quam</strong></span> <span class='ocrx_word' id='word_1_153' title='bbox 1304 3007 1414 3080; x_wconf 92' lang='lat' dir='ltr'><strong>modo</strong></span> <span class='ocrx_word' id='word_1_154' title='bbox 1439 3008 1485 3080; x_wconf 89' lang='lat' dir='ltr'><strong>sit</strong></span> <span class='ocrx_word' id='word_1_155' title='bbox 1509 3007 1653 3082; x_wconf 91' lang='lat' dir='ltr'><strong>duabus</strong></span> <span class='ocrx_word' id='word_1_156' title='bbox 1678 3010 1844 3104; x_wconf 86' lang='lat' dir='ltr'><strong>partibus</strong></span> <span class='ocrx_word' id='word_1_157' title='bbox 1861 3012 1951 3105; x_wconf 89' lang='lat' dir='ltr'><strong>iere,</strong></span> 
     </span>
     <span class='ocr_line' id='line_1_20' title="bbox 777 3125 1949 3223; baseline 0.001 -19"><span class='ocrx_word' id='word_1_158' title='bbox 777 3129 871 3204; x_wconf 89' lang='lat' dir='ltr'><strong>sicut</strong></span> <span class='ocrx_word' id='word_1_159' title='bbox 900 3135 1051 3223; x_wconf 88' lang='lat' dir='ltr'><strong>apparet</strong></span> <span class='ocrx_word' id='word_1_160' title='bbox 1082 3147 1128 3202; x_wconf 86' lang='lat' dir='ltr'><strong>ex</strong></span> <span class='ocrx_word' id='word_1_161' title='bbox 1160 3125 1348 3202; x_wconf 86' lang='lat' dir='ltr'><strong>veteribus</strong></span> <span class='ocrx_word' id='word_1_162' title='bbox 1383 3128 1523 3221; x_wconf 91' lang='lat' dir='ltr'><strong>muris;</strong></span> <span class='ocrx_word' id='word_1_163' title='bbox 1556 3135 1595 3203; x_wconf 90' lang='lat' dir='ltr'><strong>et</strong></span> <span class='ocrx_word' id='word_1_164' title='bbox 1626 3129 1787 3206; x_wconf 85' lang='lat' dir='ltr'><strong>habitata</strong></span> <span class='ocrx_word' id='word_1_165' title='bbox 1821 3136 1949 3206; x_wconf 90' lang='lat' dir='ltr'><strong>erata</strong></span> 
     </span>
     <span class='ocr_line' id='line_1_21' title="bbox 775 3247 1950 3346; baseline 0 -22"><span class='ocrx_word' id='word_1_166' title='bbox 775 3255 887 3346; x_wconf 83' lang='lat' dir='ltr'><strong>gente</strong></span> <span class='ocrx_word' id='word_1_167' title='bbox 912 3268 984 3322; x_wconf 95' lang='lat' dir='ltr'><strong>non</strong></span> <span class='ocrx_word' id='word_1_168' title='bbox 1012 3255 1087 3321; x_wconf 87' lang='lat' dir='ltr'><strong>tam</strong></span> <span class='ocrx_word' id='word_1_169' title='bbox 1106 3247 1286 3320; x_wconf 78' lang='lat' dir='ltr'><strong>malevola</strong></span> <span class='ocrx_word' id='word_1_170' title='bbox 1313 3253 1351 3320; x_wconf 88' lang='lat' dir='ltr'><strong>et</strong></span> <span class='ocrx_word' id='word_1_171' title='bbox 1375 3267 1519 3342; x_wconf 84' lang='lat' dir='ltr'><strong>sagace,</strong></span> <span class='ocrx_word' id='word_1_172' title='bbox 1538 3248 1632 3322; x_wconf 87' lang='lat' dir='ltr'><strong>sicut</strong></span> <span class='ocrx_word' id='word_1_173' title='bbox 1649 3248 1778 3342; x_wconf 92' lang='lat' dir='ltr'><strong>modo;</strong></span> <span class='ocrx_word' id='word_1_174' title='bbox 1798 3256 1950 3326; x_wconf 87' lang='lat' dir='ltr'><strong>eonten-</strong></span> 
     </span>
     <span class='ocr_line' id='line_1_22' title="bbox 777 3368 1951 3465; baseline 0.001 -21"><span class='ocrx_word' id='word_1_175' title='bbox 777 3371 924 3444; x_wconf 90' lang='lat' dir='ltr'><strong>tabatur</strong></span> <span class='ocrx_word' id='word_1_176' title='bbox 951 3369 1110 3462; x_wconf 88' lang='lat' dir='ltr'><strong>modico;</strong></span> <span class='ocrx_word' id='word_1_177' title='bbox 1138 3387 1210 3442; x_wconf 94' lang='lat' dir='ltr'><strong>non</strong></span> <span class='ocrx_word' id='word_1_178' title='bbox 1245 3368 1474 3442; x_wconf 80' lang='lat' dir='ltr'><strong>discurrebat</strong></span> <span class='ocrx_word' id='word_1_179' title='bbox 1504 3389 1570 3464; x_wconf 86' lang='lat' dir='ltr'><strong>per</strong></span> <span class='ocrx_word' id='word_1_180' title='bbox 1601 3371 1794 3464; x_wconf 87' lang='lat' dir='ltr'><strong>mundum,</strong></span> <span class='ocrx_word' id='word_1_181' title='bbox 1822 3391 1951 3465; x_wconf 88' lang='lat' dir='ltr'><strong>repor-</strong></span> 
     </span>
     <span class='ocr_line' id='line_1_23' title="bbox 776 3488 1949 3588; baseline -0.001 -21"><span class='ocrx_word' id='word_1_182' title='bbox 776 3491 886 3567; x_wconf 91' lang='lat' dir='ltr'><strong>tando</strong></span> <span class='ocrx_word' id='word_1_183' title='bbox 911 3491 1064 3564; x_wconf 92' lang='lat' dir='ltr'><strong>domurn</strong></span> <span class='ocrx_word' id='word_1_184' title='bbox 1090 3488 1254 3563; x_wconf 89' lang='lat' dir='ltr'><strong>diversos</strong></span> <span class='ocrx_word' id='word_1_185' title='bbox 1285 3509 1418 3582; x_wconf 90' lang='lat' dir='ltr'><strong>mores,</strong></span> <span class='ocrx_word' id='word_1_186' title='bbox 1451 3490 1735 3566; x_wconf 88' lang='lat' dir='ltr'><strong>consuetudines</strong></span> <span class='ocrx_word' id='word_1_187' title='bbox 1767 3498 1803 3566; x_wconf 88' lang='lat' dir='ltr'><strong>et</strong></span> <span class='ocrx_word' id='word_1_188' title='bbox 1834 3492 1949 3588; x_wconf 80' lang='lat' dir='ltr'><strong>iogias</strong></span> 
     </span>
     <span class='ocr_line' id='line_1_24' title="bbox 775 3610 1950 3707; baseline -0.002 -21"><span class='ocrx_word' id='word_1_189' title='bbox 775 3613 812 3686; x_wconf 95' lang='lat' dir='ltr'><strong>in</strong></span> <span class='ocrx_word' id='word_1_190' title='bbox 838 3613 1011 3705; x_wconf 82' lang='lat' dir='ltr'><strong>vestibus,</strong></span> <span class='ocrx_word' id='word_1_191' title='bbox 1038 3611 1126 3684; x_wconf 89' lang='lat' dir='ltr'><strong>cibis</strong></span> <span class='ocrx_word' id='word_1_192' title='bbox 1151 3617 1189 3684; x_wconf 89' lang='lat' dir='ltr'><strong>et</strong></span> <span class='ocrx_word' id='word_1_193' title='bbox 1214 3610 1314 3684; x_wconf 89' lang='lat' dir='ltr'><strong>omni</strong></span> <span class='ocrx_word' id='word_1_194' title='bbox 1340 3612 1451 3685; x_wconf 90' lang='lat' dir='ltr'><strong>modo</strong></span> <span class='ocrx_word' id='word_1_195' title='bbox 1482 3610 1638 3704; x_wconf 83' lang='lat' dir='ltr'><strong>vivendi,</strong></span> <span class='ocrx_word' id='word_1_196' title='bbox 1670 3613 1857 3686; x_wconf 86' lang='lat' dir='ltr'><strong>utstatim</strong></span> <span class='ocrx_word' id='word_1_197' title='bbox 1883 3633 1950 3707; x_wconf 83' lang='lat' dir='ltr'><strong>pa-</strong></span> 
     </span>
     <span class='ocr_line' id='line_1_25' title="bbox 775 3722 1945 3826; baseline -0.003 -19"><span class='ocrx_word' id='word_1_198' title='bbox 775 3733 875 3808; x_wconf 90' lang='lat' dir='ltr'><strong>tebit.</strong></span> <span class='ocrx_word' id='word_1_199' title='bbox 901 3733 1006 3806; x_wconf 89' lang='lat' dir='ltr'><strong>Nunc</strong></span> <span class='ocrx_word' id='word_1_200' title='bbox 1039 3732 1084 3805; x_wconf 92' lang='lat' dir='ltr'><strong>ad</strong></span> <span class='ocrx_word' id='word_1_201' title='bbox 1113 3731 1269 3821; x_wconf 83' lang='lat' dir='ltr'><strong>literam,</strong></span> <span class='ocrx_word' id='word_1_202' title='bbox 1295 3730 1381 3803; x_wconf 93' lang='lat' dir='ltr'><strong>dicit</strong></span> <span class='ocrx_word' id='word_1_203' title='bbox 1400 3722 1438 3821; x_wconf 67' lang='lat'><strong>(³)</strong></span> <span class='ocrx_word' id='word_1_204' title='bbox 1466 3731 1728 3826; x_wconf 83' lang='lat' dir='ltr'><strong>Caeciaguida:</strong></span> <span class='ocrx_word' id='word_1_205' title='bbox 1756 3735 1945 3824; x_wconf 78' lang='lat' dir='ltr'><strong>Fiorenzo,</strong></span> 
     </span>
    </p>
   </div>
   <div class='ocr_carea' id='block_1_3' title="bbox 774 3843 1949 4668">
    <p class='ocr_par' dir='ltr' id='par_1_3' title="bbox 774 3843 1949 4668">
     <span class='ocr_line' id='line_1_26' title="bbox 777 3843 1949 3948; baseline -0.002 -22"><span class='ocrx_word' id='word_1_206' title='bbox 777 3853 892 3948; x_wconf 85' lang='lat' dir='ltr'><strong>prima</strong></span> <span class='ocrx_word' id='word_1_207' title='bbox 920 3858 1055 3944; x_wconf 90' lang='lat' dir='ltr'><strong>nostra,</strong></span> <span class='ocrx_word' id='word_1_208' title='bbox 1073 3854 1105 3923; x_wconf 85' lang='lat' dir='ltr'><strong>si</strong></span> <span class='ocrx_word' id='word_1_209' title='bbox 1120 3859 1223 3923; x_wconf 81' lang='lat' dir='ltr'><strong>staua</strong></span> <span class='ocrx_word' id='word_1_210' title='bbox 1247 3854 1285 3922; x_wconf 84' lang='lat' dir='ltr'><strong>in</strong></span> <span class='ocrx_word' id='word_1_211' title='bbox 1304 3871 1407 3942; x_wconf 82' lang='lat' dir='ltr'><strong>poce,</strong></span> <span class='ocrx_word' id='word_1_212' title='bbox 1428 3850 1490 3924; x_wconf 91' lang='lat' dir='ltr'><strong>ubi</strong></span> <span class='ocrx_word' id='word_1_213' title='bbox 1512 3871 1610 3926; x_wconf 88' lang='lat' dir='ltr'><strong>nunc</strong></span> <span class='ocrx_word' id='word_1_214' title='bbox 1628 3849 1739 3926; x_wconf 89' lang='lat' dir='ltr'><strong>babet</strong></span> <span class='ocrx_word' id='word_1_215' title='bbox 1760 3850 1897 3926; x_wconf 91' lang='lat' dir='ltr'><strong>beilum</strong></span> <span class='ocrx_word' id='word_1_216' title='bbox 1910 3843 1949 3944; x_wconf 43' lang='grc' dir='ltr'><strong>(ὅ)</strong></span> 
     </span>
     <span class='ocr_line' id='line_1_27' title="bbox 775 3970 1948 4064; baseline 0.003 -18"><span class='ocrx_word' id='word_1_217' title='bbox 775 3979 812 4046; x_wconf 91' lang='lat' dir='ltr'><strong>et</strong></span> <span class='ocrx_word' id='word_1_218' title='bbox 837 3971 974 4046; x_wconf 84' lang='lat' dir='ltr'><strong>beilum</strong></span> <span class='ocrx_word' id='word_1_219' title='bbox 1001 3971 1117 4064; x_wconf 90' lang='lat' dir='ltr'><strong>civile,</strong></span> <span class='ocrx_word' id='word_1_220' title='bbox 1143 3973 1277 4061; x_wconf 80' lang='lat' dir='ltr'><strong>sobria,</strong></span> <span class='ocrx_word' id='word_1_221' title='bbox 1303 3971 1440 4046; x_wconf 86' lang='lat' dir='ltr'><strong>soiiicet</strong></span> <span class='ocrx_word' id='word_1_222' title='bbox 1465 3972 1500 4044; x_wconf 91' lang='lat' dir='ltr'><strong>in</strong></span> <span class='ocrx_word' id='word_1_223' title='bbox 1528 3970 1639 4064; x_wconf 89' lang='lat' dir='ltr'><strong>victo,</strong></span> <span class='ocrx_word' id='word_1_224' title='bbox 1668 3970 1729 4045; x_wconf 88' lang='lat' dir='ltr'><strong>ubi</strong></span> <span class='ocrx_word' id='word_1_225' title='bbox 1757 3972 1867 4047; x_wconf 90' lang='lat' dir='ltr'><strong>modo</strong></span> <span class='ocrx_word' id='word_1_226' title='bbox 1892 3982 1948 4049; x_wconf 87' lang='lat' dir='ltr'><strong>est</strong></span> 
     </span>
     <span class='ocr_line' id='line_1_28' title="bbox 775 4091 1945 4188; baseline 0.003 -23"><span class='ocrx_word' id='word_1_227' title='bbox 775 4092 1066 4186; x_wconf 73' lang='lat' dir='ltr'><strong>*intemperans</strong></span> <span class='ocrx_word' id='word_1_228' title='bbox 1085 4112 1104 4163; x_wconf 83' lang='lat' dir='ltr'><strong>e</strong></span> <span class='ocrx_word' id='word_1_229' title='bbox 1123 4093 1268 4183; x_wconf 83' lang='lat' dir='ltr'><strong>pudico,</strong></span> <span class='ocrx_word' id='word_1_230' title='bbox 1286 4091 1420 4166; x_wconf 85' lang='lat' dir='ltr'><strong>scilicet</strong></span> <span class='ocrx_word' id='word_1_231' title='bbox 1442 4092 1478 4164; x_wconf 95' lang='lat' dir='ltr'><strong>in</strong></span> <span class='ocrx_word' id='word_1_232' title='bbox 1501 4092 1575 4166; x_wconf 86' lang='lat' dir='ltr'><strong>vita</strong></span> <span class='ocrx_word' id='word_1_233' title='bbox 1600 4097 1637 4165; x_wconf 93' lang='lat' dir='ltr'><strong>et</strong></span> <span class='ocrx_word' id='word_1_234' title='bbox 1663 4093 1864 4188; x_wconf 78' lang='lat' dir='ltr'><strong>honestate,</strong></span> <span class='ocrx_word' id='word_1_235' title='bbox 1884 4094 1945 4168; x_wconf 95' lang='lat' dir='ltr'><strong>ubi</strong></span> 
     </span>
     <span class='ocr_line' id='line_1_29' title="bbox 775 4201 1948 4306; baseline 0.001 -21"><span class='ocrx_word' id='word_1_236' title='bbox 775 4211 886 4286; x_wconf 92' lang='lat' dir='ltr'><strong>modo</strong></span> <span class='ocrx_word' id='word_1_237' title='bbox 919 4209 1010 4286; x_wconf 88' lang='lat' dir='ltr'><strong>est*</strong></span> <span class='ocrx_word' id='word_1_238' title='bbox 1028 4201 1065 4302; x_wconf 78' lang='lat'><strong>(⁵)</strong></span> <span class='ocrx_word' id='word_1_239' title='bbox 1102 4211 1295 4305; x_wconf 83' lang='lat' dir='ltr'><strong>impudica,</strong></span> <span class='ocrx_word' id='word_1_240' title='bbox 1330 4209 1482 4303; x_wconf 83' lang='lat' dir='ltr'><strong>lubrica,</strong></span> <span class='ocrx_word' id='word_1_241' title='bbox 1517 4219 1554 4285; x_wconf 89' lang='lat' dir='ltr'><strong>et</strong></span> <span class='ocrx_word' id='word_1_242' title='bbox 1588 4213 1789 4306; x_wconf 81' lang='lat' dir='ltr'><strong>inhonesta,</strong></span> <span class='ocrx_word' id='word_1_243' title='bbox 1823 4217 1948 4288; x_wconf 76' lang='lat' dir='ltr'><strong>dentre</strong></span> 
     </span>
     <span class='ocr_line' id='line_1_30' title="bbox 774 4330 1948 4427; baseline 0 -21"><span class='ocrx_word' id='word_1_244' title='bbox 774 4335 874 4406; x_wconf 84' lang='lat' dir='ltr'><strong>dolio</strong></span> <span class='ocrx_word' id='word_1_245' title='bbox 890 4334 1025 4405; x_wconf 83' lang='lat' dir='ltr'><strong>ceretio</strong></span> <span class='ocrx_word' id='word_1_246' title='bbox 1043 4335 1174 4422; x_wconf 83' lang='lat' dir='ltr'><strong>antica,</strong></span> <span class='ocrx_word' id='word_1_247' title='bbox 1192 4330 1295 4425; x_wconf 90' lang='lat' dir='ltr'><strong>idest,</strong></span> <span class='ocrx_word' id='word_1_248' title='bbox 1312 4331 1407 4404; x_wconf 89' lang='lat' dir='ltr'><strong>intra</strong></span> <span class='ocrx_word' id='word_1_249' title='bbox 1426 4331 1563 4406; x_wconf 88' lang='lat' dir='ltr'><strong>moenia</strong></span> <span class='ocrx_word' id='word_1_250' title='bbox 1589 4353 1656 4406; x_wconf 92' lang='lat' dir='ltr'><strong>sua</strong></span> <span class='ocrx_word' id='word_1_251' title='bbox 1681 4333 1812 4427; x_wconf 86' lang='lat' dir='ltr'><strong>prima.</strong></span> <span class='ocrx_word' id='word_1_252' title='bbox 1831 4333 1948 4408; x_wconf 87' lang='lat' dir='ltr'><strong>Habet</strong></span> 
     </span>
     <span class='ocr_line' id='line_1_31' title="bbox 775 4451 1946 4547; baseline 0 -19"><span class='ocrx_word' id='word_1_253' title='bbox 775 4454 873 4529; x_wconf 92' lang='lat' dir='ltr'><strong>enim</strong></span> <span class='ocrx_word' id='word_1_254' title='bbox 904 4453 1087 4528; x_wconf 85' lang='lat' dir='ltr'><strong>Florentia</strong></span> <span class='ocrx_word' id='word_1_255' title='bbox 1119 4458 1193 4526; x_wconf 90' lang='lat' dir='ltr'><strong>tres</strong></span> <span class='ocrx_word' id='word_1_256' title='bbox 1226 4451 1394 4544; x_wconf 75' lang='lat' dir='ltr'><strong>circuioS,</strong></span> <span class='ocrx_word' id='word_1_257' title='bbox 1428 4469 1544 4526; x_wconf 88' lang='lat' dir='ltr'><strong>unum</strong></span> <span class='ocrx_word' id='word_1_258' title='bbox 1577 4453 1789 4528; x_wconf 92' lang='lat' dir='ltr'><strong>interiorem</strong></span> <span class='ocrx_word' id='word_1_259' title='bbox 1818 4453 1946 4547; x_wconf 82' lang='lat' dir='ltr'><strong>attero,</strong></span> 
     </span>
     <span class='ocr_line' id='line_1_32' title="bbox 775 4571 1946 4668; baseline -0.003 -19"><span class='ocrx_word' id='word_1_260' title='bbox 775 4573 977 4649; x_wconf 88' lang='lat' dir='ltr'><strong>secundum</strong></span> <span class='ocrx_word' id='word_1_261' title='bbox 1004 4573 1102 4667; x_wconf 89' lang='lat' dir='ltr'><strong>quod</strong></span> <span class='ocrx_word' id='word_1_262' title='bbox 1130 4571 1196 4646; x_wconf 85' lang='lat' dir='ltr'><strong>init</strong></span> <span class='ocrx_word' id='word_1_263' title='bbox 1221 4571 1373 4645; x_wconf 86' lang='lat' dir='ltr'><strong>dirersis</strong></span> <span class='ocrx_word' id='word_1_264' title='bbox 1399 4573 1627 4666; x_wconf 87' lang='lat' dir='ltr'><strong>temporibus</strong></span> <span class='ocrx_word' id='word_1_265' title='bbox 1643 4573 1835 4668; x_wconf 82' lang='lat' dir='ltr'><strong>ampliata3</strong></span> <span class='ocrx_word' id='word_1_266' title='bbox 1852 4574 1946 4648; x_wconf 91' lang='lat' dir='ltr'><strong>sicut</strong></span> 
     </span>
    </p>
   </div>
   <div class='ocr_carea' id='block_1_4' title="bbox 833 4804 1892 5024">
    <p class='ocr_par' dir='ltr' id='par_1_4' title="bbox 833 4804 1892 5024">
     <span class='ocr_line' id='line_1_33' title="bbox 833 4804 1820 4867; baseline 0.003 -12"><span class='ocrx_word' id='word_1_267' title='bbox 833 4807 867 4866; x_wconf 64' lang='lat' dir='ltr'><strong>d)</strong></span> <span class='ocrx_word' id='word_1_268' title='bbox 883 4804 913 4854; x_wconf 83' lang='lat' dir='ltr'><strong>E.</strong></span> <span class='ocrx_word' id='word_1_269' title='bbox 930 4806 1019 4867; x_wconf 75' lang='lat' dir='ltr'><strong>ingens</strong></span> <span class='ocrx_word' id='word_1_270' title='bbox 1037 4809 1141 4866; x_wconf 75' lang='lat' dir='ltr'><strong>portare</strong></span> <span class='ocrx_word' id='word_1_271' title='bbox 1153 4805 1218 4867; x_wconf 82' lang='lat' dir='ltr'><strong>jam.</strong></span> <span class='ocrx_word' id='word_1_272' title='bbox 1476 4806 1503 4866; x_wconf 78' lang='lat'><strong>(⁸)</strong></span> <span class='ocrx_word' id='word_1_273' title='bbox 1521 4806 1551 4855; x_wconf 82' lang='grc' dir='ltr'><strong>Ε.</strong></span> <span class='ocrx_word' id='word_1_274' title='bbox 1567 4806 1657 4856; x_wconf 75' lang='lat' dir='ltr'><strong>cirita·</strong></span> <span class='ocrx_word' id='word_1_275' title='bbox 1672 4806 1820 4858; x_wconf 75' lang='lat' dir='ltr'><strong>Florentius.</strong></span> 
     </span>
     <span class='ocr_line' id='line_1_34' title="bbox 838 4879 1892 4944; baseline 0.005 -14"><span class='ocrx_word' id='word_1_276' title='bbox 838 4879 865 4944; x_wconf 77' lang='lat'><strong>(⁸)</strong></span> <span class='ocrx_word' id='word_1_277' title='bbox 882 4881 912 4930; x_wconf 82' lang='lat' dir='ltr'><strong>E.</strong></span> <span class='ocrx_word' id='word_1_278' title='bbox 929 4880 992 4930; x_wconf 84' lang='lat' dir='ltr'><strong>dixit</strong></span> <span class='ocrx_word' id='word_1_279' title='bbox 1008 4881 1056 4930; x_wconf 82' lang='lat' dir='ltr'><strong>iste</strong></span> <span class='ocrx_word' id='word_1_280' title='bbox 1073 4881 1192 4931; x_wconf 79' lang='lat' dir='ltr'><strong>domiuus</strong></span> <span class='ocrx_word' id='word_1_281' title='bbox 1207 4879 1383 4944; x_wconf 66' lang='lat' dir='ltr'><strong>Caeciaguida.</strong></span> <span class='ocrx_word' id='word_1_282' title='bbox 1477 4881 1505 4944; x_wconf 80' lang='lat'><strong>(¹)</strong></span> <span class='ocrx_word' id='word_1_283' title='bbox 1521 4882 1552 4933; x_wconf 84' lang='lat' dir='ltr'><strong>li.</strong></span> <span class='ocrx_word' id='word_1_284' title='bbox 1568 4881 1678 4942; x_wconf 81' lang='lat' dir='ltr'><strong>betium,</strong></span> <span class='ocrx_word' id='word_1_285' title='bbox 1694 4884 1793 4934; x_wconf 76' lang='lat' dir='ltr'><strong>scilicet</strong></span> <span class='ocrx_word' id='word_1_286' title='bbox 1808 4884 1892 4936; x_wconf 73' lang='lat' dir='ltr'><strong>oiriic·</strong></span> 
     </span>
     <span class='ocr_line' id='line_1_35' title="bbox 838 4956 1808 5024; baseline 0.005 -16"><span class='ocrx_word' id='word_1_287' title='bbox 838 4959 866 5022; x_wconf 81' lang='lat'><strong>(⁸)</strong></span> <span class='ocrx_word' id='word_1_288' title='bbox 881 4957 918 5008; x_wconf 83' lang='lat' dir='ltr'><strong>Le</strong></span> <span class='ocrx_word' id='word_1_289' title='bbox 934 4957 1023 5020; x_wconf 75' lang='lat' dir='ltr'><strong>prrote</strong></span> <span class='ocrx_word' id='word_1_290' title='bbox 1039 4956 1080 5007; x_wconf 80' lang='lat' dir='ltr'><strong>ira</strong></span> <span class='ocrx_word' id='word_1_291' title='bbox 1095 4958 1103 5007; x_wconf 94' lang='lat' dir='ltr'><strong>i</strong></span> <span class='ocrx_word' id='word_1_292' title='bbox 1120 4958 1170 5007; x_wconf 88' lang='lat' dir='ltr'><strong>due</strong></span> <span class='ocrx_word' id='word_1_293' title='bbox 1186 4959 1319 5009; x_wconf 75' lang='lat' dir='ltr'><strong>asterirebi</strong></span> <span class='ocrx_word' id='word_1_294' title='bbox 1335 4973 1381 5010; x_wconf 84' lang='lat' dir='ltr'><strong>ron</strong></span> <span class='ocrx_word' id='word_1_295' title='bbox 1397 4959 1508 5024; x_wconf 76' lang='lat' dir='ltr'><strong>supplite</strong></span> <span class='ocrx_word' id='word_1_296' title='bbox 1523 4961 1566 5011; x_wconf 78' lang='lat' dir='ltr'><strong>dal</strong></span> <span class='ocrx_word' id='word_1_297' title='bbox 1580 4960 1676 5012; x_wconf 74' lang='lat' dir='ltr'><strong>(iudice</strong></span> <span class='ocrx_word' id='word_1_298' title='bbox 1692 4961 1808 5013; x_wconf 75' lang='grc' dir='ltr'><strong>Βιιωιο.</strong></span> 
     </span>
    </p>
   </div>
   <div class='ocr_carea' id='block_1_5' title="bbox 0 0 2426 6642">
    <p class='ocr_par' dir='ltr' id='par_1_5' title="bbox 0 0 2426 6642">
     <span class='ocr_line' id='line_1_36' title="bbox 0 0 2426 6642; baseline 0 1"><span class='ocrx_word' id='word_1_299' title='bbox 0 0 2426 6642; x_wconf 95' lang='lat' dir='ltr'><strong> </strong></span> 
     </span>
    </p>
   </div>
  </div>
 </body>
</html>
