4842 6642
651 854 663 869 '
813 881 1133 939 assurinnucmus
1156 884 1342 939 mamus.
1593 874 1662 943 m

487 1018 671 1120 mutu,
694 1028 801 1125 quasi
826 1028 941 1104 llieatz
964 1028 1018 1103 rei
1038 1027 1206 1123 probabit
1223 1034 1395 1122 eventus,
1415 1030 1503 1124 quia
1527 1032 1663 1109 bestia·

489 1148 570 1225 uer
603 1168 646 1224 se
677 1147 858 1246 gesserint
898 1155 1112 1245 spernentes
1140 1168 1230 1223 sana
1262 1150 1411 1225 consilia
1442 1152 1661 1248 sapientum.

488 1270 660 1345 Eldieit:
686 1263 716 1343 si
739 1272 829 1345 ob’o
858 1272 970 1363 lofin
1002 1270 1089 1345 bello
1118 1274 1346 1367 avertisutto
1371 1280 1490 1365 porte,
1514 1274 1663 1368 scilieet,

488 1390 694 1467 recedendo
718 1389 767 1465 ab
791 1388 855 1484 e‘n,
877 1396 918 1465 et
936 1388 1108 1466 'iaciendo
1133 1396 1198 1466 tua
1224 1391 1317 1467 iacta
1344 1392 1423 1467 sine
1448 1392 1527 1487 illis,
1546 1403 1664 1487 perte

487 1523 605 1591 susan
632 1513 736 1589 Unde
762 1519 864 1609 nuta,
897 1513 996 1608 quod
1030 1514 1254 1609 pulcerrima
1283 1536 1369 1611 pars
1403 1516 1573 1611 sapientis
1607 1524 1665 1593 est

489 1634 626 1711 nullius
654 1654 735 1710 eme
759 1634 883 1731 portis,
909 1633 1004 1709 siout
1028 1633 1204 1729 scripturn
1231 1641 1287 1710 est
1311 1634 1348 1709 in
1372 1636 1530 1712 luserno.

557 1759 614 1829 Lo
637 1758 755 1848 primo
778 1761 838 1829 too
855 1755 1005 1848 esopo.
1022 1754 1094 1828 leta
1114 1760 1170 1829 est
1188 1754 1295 1830 tertia
1311 1775 1397 1851 pars
1413 1757 1608 1853 generalis,
1625 1758 1686 1831 iu·

491 1896 564 1970 qua
589 1874 708 1949 mans
729 1873 973 1972 flaminguida
997 1880 1227 1970 praenarrata
1259 1875 1368 1952 exilio
1392 1877 1532 1952 autoris
1564 1896 1664 1952 nuno

465 1994 536 2071 ad
553 1994 839 2071 consolationem
864 1994 946 2069 eius
970 2002 1176 2091 praenarrat
1203 1995 1387 2092 refugium
1414 1997 1494 2071 eius
1519 1998 1557 2071 in
1582 1996 1663 2072 eri-

490 2114 556 2209 liu;
582 2122 620 2199 et,
644 2115 741 2211 uest
768 2115 868 2212 quod
889 2114 1057 2211 primum
1085 2116 1270 2211 retugium
1297 2116 1378 2190 eius
1409 2116 1480 2191 erit
1513 2116 1661 2211 quidam

490 2236 706 2333 magnificus
741 2238 832 2313 baro
863 2237 1087 2312 lombardus.
1117 2236 1172 2311 Ad
1210 2237 1318 2311 euius
1353 2236 1572 2329 evidentiam
1604 2246 1664 2314 est

489 2357 782 2452 proenotandum‚
800 2357 900 2452 quod
918 2357 998 2451 iste,
1015 2357 1061 2432 de
1077 2376 1153 2451 quo
1170 2362 1282 2433 autor
1296 2357 1474 2452 loquitur,
1492 2343 1560 2431 init
1580 2358 1664 2452 qui-

490 2476 574 2552 dam
600 2476 771 2552 domimo
792 2476 1083 2551 bartholomeus
1100 2476 1147 2552 de
1163 2477 1199 2552 la
1218 2474 1336 2572 Scala,
1352 2479 1417 2572 qui
1438 2486 1590 2553 vocatus
1608 2487 1665 2555 est

491 2596 703 2693 murreus
719 2598 1010 2673 Bartholomaeus
1028 2598 1115 2693 quia
1132 2597 1290 2674 obtinuit
1306 2598 1577 2694 capitaneatum
1592 2602 1664 2676 Ve-

492 2736 596 2793 ronae
620 2717 668 2793 ab
693 2716 928 2813 imperaturo
954 2718 1008 2794 nd
1034 2739 1146 2813 quem
1173 2726 1284 2795 autor
1308 2719 1428 2815 primo
1452 2721 1582 2795 babuit
1604 2741 1664 2795 re·

491 2856 642 2913 cursum
662 2843 699 2913 et
716 2838 853 2933 recepit
876 2838 1121 2933 provisionem
1140 2838 1188 2914 ab
1208 2860 1265 2913 eo.
1285 2840 1370 2922 Post
1386 2839 1485 2915 enim
1504 2848 1662 2916 mortem

492 2956 649 3033 &calmi
669 2957 716 3033 de
735 2958 902 3035 Romano
926 2958 1100 3033 Mastinus
1117 2964 1155 3033 et
1171 2958 1341 3034 Albertus
1361 2959 1558 3035 familiares
1579 2960 1665 3036 dicti

373 3144 374 3147 a
490 3077 648 3153 Eoeelini
671 3078 887 3155 invaserunt
911 3078 1113 3153 dominium
1140 3079 1297 3154 Veronae
1321 3084 1391 3154 etc.
1416 3080 1522 3155 Nunc
1550 3081 1596 3156 ad
1622 3080 1667 3156 li·

491 3203 630 3273 terum:
646 3198 886 3295 Caeciaguida
904 3197 1074 3273 describit
1098 3198 1331 3294 capitaneum
1351 3198 1663 3275 Bartholomaeum

490 3338 513 3393 a
538 3317 756 3395 liberalitate
781 3325 819 3394 et
842 3318 891 3393 ab
915 3326 1109 3393 armatura
1139 3339 1220 3412 sua,
1251 3318 1395 3395 dicens:
1422 3323 1662 3415 lacoraria,

490 3438 581 3515 idest
608 3438 806 3520 liberalitas
831 3445 870 3513 et
894 3438 1155 3536 munificentia,
1176 3442 1235 3514 del
1248 3461 1345 3533 pon
1360 3442 1574 3535 lombardo,
1595 3441 1664 3516 sei·

491 3558 586 3653 lieet,
611 3559 870 3635 Bartholomaei
896 3558 1068 3655 praedicti,
1087 3560 1150 3653 qui
1167 3560 1238 3633 suit
1256 3560 1471 3657 magnificus
1494 3561 1666 3637 dominus

472 3680 529 3755 'lu
552 3680 792 3775 Lumbardia3
818 3687 857 3756 et
879 3682 926 3755 de
953 3680 1005 3755 rei
1032 3680 1187 3757 veritate
1208 3680 1276 3755 iste
1292 3680 1388 3755 inter
1406 3686 1581 3777 tyrannos
1597 3681 1666 3755 luit

494 3808 686 3897 reputatus
712 3801 798 3877 satis
824 3802 961 3897 probus
986 3807 1023 3877 et
1048 3800 1219 3898 prudens.
1248 3800 1560 3875 pontumue
1574 3805 1666 3875 oolla

492 3927 591 3997 sento
612 3930 720 4017 porto
743 3925 771 3997 it
793 3930 897 3997 sunto
920 3924 1061 4017 novello,
1089 3922 1175 4017 quia
1201 3922 1313 3996 babet
1337 3923 1473 4027 scalam
1508 3944 1576 4017 pro
1609 3923 1666 4012 in-

492 4044 620 4141 siguio,
647 4052 686 4119 et
708 4043 867 4139 desuper
889 4049 1014 4139 portat
1037 4042 1200 4138 aquilam
1227 4042 1466 4139 imperialem,
1489 4064 1574 4137 quae
1600 4063 1667 4117 vo-

492 4172 599 4241 entur
623 4165 703 4241 avis
726 4164 805 4259 bei,
831 4171 873 4238 ut
897 4164 1104 4261 expositum
1134 4168 1190 4239 est
1215 4162 1260 4236 Vl
1285 4162 1446 4259 capitulo
1481 4164 1592 4238 buius
1622 4164 1668 4238 li·

493 4286 562 4381 bri,
590 4290 627 4361 et
665 4285 702 4360 in
739 4285 970 4383 Purgatorio.
1005 4284 1050 4358 Et
1083 4282 1205 4358 subdit
1242 4304 1371 4359 veram
1409 4283 1665 4360 liberalitatem

493 4405 635 4501 prolati
668 4406 818 4501 domini,
853 4405 939 4500 qnia
973 4403 1172 4500 proveniet
1204 4403 1285 4478 eius
1316 4402 1566 4500 infigentem,
1598 4424 1667 4480 neo

495 4526 702 4621 enpeetabit
713 4526 925 4623 petitionem
940 4524 999 4602 rel
1013 4524 1261 4623 precationem
1280 4524 1431 4600 autoris.
1446 4524 1549 4601 Unde
1561 4525 1665 4601 dicit:

492 4648 564 4741 ele,
592 4646 696 4743 idem,
722 4646 786 4743 qni
814 4666 971 4745 magnus
996 4646 1237 4740 lombardus,
1261 4634 1355 4718 nortl
1378 4637 1410 4718 sl
1433 4644 1582 4737 beappo
1613 4650 1667 4720 ni-

492 4770 635 4859 mdo
658 4770 697 4842 ie
722 4774 765 4861 te,
794 4768 857 4863 qui
892 4766 1026 4843 seilicet
1058 4772 1095 4841 te
1127 4765 1295 4862 respiciet
1323 4764 1433 4841 oculo
1461 4766 1667 4841 clementio

495 4892 534 4963 et
549 4886 792 4985 benignitatis,
807 4888 909 4983 quod
933 4888 981 4963 de
1004 4885 1150 4961 duobus
1176 4886 1284 4961 laniet
1308 4884 1430 4981 primo
1450 4885 1540 4960 illud
1565 4886 1665 4981 qued

496 5006 536 5081 nt
562 5008 744 5105 posterius
768 5009 816 5085 ab
840 5008 937 5103 aliis3
968 5006 1066 5082 unde
1095 5006 1197 5081 dioit:
1222 5008 1283 5081 ote
1306 5009 1365 5081 det
1391 5010 1486 5102 sore,
1520 5006 1665 5101 scilieet,
