4842 6642
803 840 940 898 CANTUS
967 843 1122 900 DECIMUS
1146 845 1292 900 SEXTUS.
1562 832 1630 898 169

453 986 531 1081 jam
570 992 656 1060 sunt
695 986 793 1060 mille
831 987 933 1082 anni,
968 987 1014 1062 de
1052 1008 1127 1082 qua
1165 987 1304 1062 dictum
1338 993 1394 1061 est
1426 987 1494 1060 XX
1531 986 1630 1082 oapi-

456 1106 534 1179 tulo
572 1105 727 1200 lulerni;
766 1109 810 1180 ed
846 1108 1056 1200 urinaque.
1094 1109 1165 1183 lsta
1203 1107 1272 1181 luit
1309 1106 1397 1181 olim
1435 1107 1561 1182 civitas
1595 1107 1632 1181 in

456 1225 614 1301 Maronia
640 1226 859 1302 anconitana
885 1249 958 1303 non
985 1229 1092 1325 longe
1117 1249 1140 1302 a
1165 1226 1313 1304 civitate
1338 1247 1422 1321 quae
1443 1227 1551 1302 hodie
1577 1227 1632 1301 di·

456 1345 552 1421 citur
577 1343 772 1442 macerata,
796 1354 833 1422 et
858 1354 913 1422 est
937 1349 1081 1444 penitus
1106 1350 1262 1443 (laerta,
1281 1348 1331 1423 ila
1348 1347 1447 1441 quod
1464 1367 1539 1420 non
1565 1367 1631 1442 ap-

457 1473 599 1560 parent,
639 1465 705 1540 nisi
739 1467 909 1560 quaedam
944 1468 1094 1566 vestigia
1133 1469 1345 1542 ruinarum:
1376 1473 1414 1542 et
1446 1466 1513 1539 luit
1542 1466 1630 1541 olim

457 1587 619 1663 maxima
645 1587 782 1684 civitas,
808 1589 901 1665 siout
926 1610 997 1687 ego
1030 1590 1166 1684 notavi,
1195 1589 1292 1664 unde
1321 1586 1417 1662 dicta
1444 1594 1499 1662 est
1525 1585 1629 1681 qnasi

457 1709 547 1782 urbs
579 1707 661 1803 alia,
687 1708 778 1784 idest
810 1710 880 1786 alia
905 1710 1043 1804 Roma3
1069 1732 1256 1784 cameron
1278 1713 1336 1800 ite,
1353 1709 1456 1803 idest,
1481 1708 1627 1784 deletae:

368 1813 369 1816 Ὺ
456 1849 595 1903 ecome
631 1829 767 1923 θιιιιιις
791 1829 859 1904 ista
889 1836 944 1905 est
957 1821 993 1924 ι’)
1027 1829 1153 1905 civitas
1183 1829 1221 1904 in
1252 1830 1393 1922 Tuscia,
1426 1849 1512 1923 quae
1540 1828 1626 1904 olim

456 1949 583 2024 lrabnit
609 1969 750 2046 regern,
780 1950 926 2045 scilicet,
960 1952 1171 2044 porsenam,
1202 1950 1266 2044 qni
1297 1949 1413 2024 voluit
1447 1948 1628 2024 reducere

455 2069 671 2164 Tarquinios
696 2071 867 2166 expulsos
892 2071 929 2145 in
955 2071 1088 2146 urbem
1113 2072 1252 2163 Romae,
1274 2075 1317 2143 ut
1336 2069 1474 2143 dictum
1504 2075 1561 2144 est
1589 2069 1627 2142 in

454 2189 627 2266 inferno*
649 2191 694 2266 Et
727 2191 787 2266 hic
820 2191 910 2268 Galli
945 2191 1107 2274 Senones
1141 2191 1292 2266 luerunt
1328 2189 1484 2265 contlicti
1507 2190 1628 2286 primo

456 2309 689 2406 aliomanis,
719 2311 782 2405 qui
815 2311 990 2387 continno
1024 2311 1241 2387 invaserunt
1274 2310 1420 2404 urbem,
1454 2317 1492 2386 et
1528 2305 1627 2386 illam'

458 2435 600 2524 captam
628 2430 790 2505 funditus
815 2438 1042 2526 everterunt,
1074 2431 1173 2508 forro
1208 2437 1246 2505 et
1283 2429 1368 2526 igne
1404 2430 1528 2505 omnia
1563 2452 1627 2506 va-

458 2555 594 2624 stantes
623 2557 759 2645 praeter
789 2552 1019 2648 Capitolium,
1045 2559 1088 2627 nt
1113 2552 1291 2648 scriptum
1317 2557 1373 2626 est
1397 2550 1443 2625 Vl
1467 2552 1628 2647 capitulo

453 2668 562 2743 huius
586 2670 758 2746 Paradisi.
777 2671 821 2747 Et
834 2665 871 2766 (²)
892 2681 1019 2750 antem
1041 2693 1140 2748 nnnc
1157 2671 1244 2748 satis
1261 2671 1423 2746 desolata
1446 2678 1483 2746 et
1507 2693 1625 2767 pauca

452 2790 539 2885 quia
564 2799 620 2866 est
644 2792 778 2867 situata
804 2793 841 2867 in
867 2793 948 2869 loco
972 2794 1123 2890 palustri
1156 2800 1193 2868 et
1225 2792 1396 2888 pestifero
1410 2783 1468 2886 (ἧς
1488 2814 1508 2866 e
1531 2795 1625 2867 Stiri-

451 2915 585 3004 9oolt'o.
607 2914 677 2987 lsta
703 2921 759 2988 est
783 2913 909 2988 civitas
935 2913 973 2988 ln
997 2913 1156 2990 llarolria
1187 2914 1405 2989 anconitana
1431 2913 1527 2988 inter
1551 2913 1625 2988 An-

451 3051 583 3106 conam
609 3043 647 3110 et
670 3034 811 3110 Fanum
838 3035 904 3110 sita
930 3035 967 3109 in
992 3035 1098 3110 litore
1123 3035 1236 3109 maris
1252 3035 1401 3131 adriaci,
1421 3035 1510 3110 olim
1535 3036 1624 3110 aedi·

450 3153 557 3229 licata
581 3173 604 3228 a
629 3153 739 3230 Gallis
756 3154 970 3248 Senonibus,
989 3155 1035 3230 de
1052 3155 1187 3249 quibus
1203 3161 1347 3230 tanturn
1367 3176 1469 3230 nunc
1485 3155 1623 3231 dictum

450 3284 515 3369 est,
542 3281 580 3350 et
603 3275 651 3348 ab
677 3274 730 3350 eis
753 3274 998 3350 denominata.
1018 3275 1158 3350 Dicitur
1184 3276 1283 3352 enim
1300 3276 1516 3372 senogallia,
1535 3276 1622 3370 quia

449 3394 539 3471 Galli
564 3395 725 3471 Senones
751 3394 1024 3470 edificaverunt
1049 3417 1144 3472 earn.
1171 3397 1265 3473 Cum
1291 3397 1390 3472 enim
1415 3396 1507 3472 Galli
1527 3418 1624 3492 prte-

447 3515 642 3592 dictinum
669 3535 802 3590 eornrn
828 3515 923 3590 duce
948 3518 1096 3592 Brenno
1126 3517 1322 3592 intrassent
1350 3517 1503 3609 ltaliam,
1529 3516 1624 3591 sicut

448 3637 568 3713 adhuc
592 3655 690 3732 sape
716 3636 852 3711 iaciunt
877 3636 1035 3730 barbari,
1053 3637 1235 3711 socialiter
1260 3642 1391 3712 euntes
1407 3657 1539 3711 versus
1556 3657 1623 3710 nr·

448 3756 533 3833 bern
559 3764 809 3852 pervenerunt
832 3756 879 3832 ad
904 3757 1010 3830 istam
1037 3755 1235 3852 planitiem,
1257 3764 1295 3831 et
1312 3755 1475 3832 videntes
1494 3757 1619 3833 locum

448 3885 574 3973 aptum
601 3879 700 3974 genti
726 3877 933 3974 armigera,
960 3877 1046 3972 quia
1073 3876 1121 3950 ibi
1150 3883 1237 3950 sunt
1268 3883 1372 3973 prata
1405 3877 1559 3954 virentia
1584 3885 1622 3954 et

448 3999 559 4095 sylvae
586 3999 724 4094 vicinae,
751 4005 786 4074 et
812 4000 914 4074 locus
940 4003 996 4072 est
1020 4017 1132 4092 supra
1157 4017 1260 4072 mare
1282 4006 1321 4072 et
1336 3999 1446 4094 juxta
1465 3999 1618 4094 llnmen,

449 4120 588 4196 habens
604 4128 755 4218 portum
771 4128 809 4196 et
828 4119 972 4215 copiam
990 4139 1139 4212 rernm3
1157 4119 1239 4194 ideo
1258 4125 1455 4194 traxerunt
1470 4119 1519 4194 lbi
1537 4139 1620 4196 mo-

448 4264 529 4318 ram
554 4243 602 4318 ad
629 4250 774 4318 certum
801 4249 958 4337 tempus,
984 4248 1022 4316 et
1051 4240 1100 4315 ibi
1132 4239 1314 4316 {edificare
1344 4247 1547 4335 ooeporunt
1575 4241 1621 4314 Et

446 4370 547 4440 certe
572 4363 641 4437 luit
665 4362 751 4438 olim
777 4361 863 4436 satis
887 4381 1023 4457 magna
1046 4359 1171 4435 civitas
1188 4367 1330 4436 etcum
1351 4360 1505 4435 lortibus
1524 4381 1619 4436 rnoe·

446 4481 514 4556 niis
539 4487 576 4557 et
601 4481 724 4556 multis
748 4481 829 4556 altis
855 4479 1032 4574 turribus,
1054 4487 1096 4553 ut
1121 4480 1264 4573 notavi3
1291 4480 1355 4555 sed
1381 4500 1481 4555 nuno
1509 4481 1618 4557 hodie

445 4610 501 4678 est
526 4604 631 4698 quasi
665 4603 838 4678 derelicta
869 4608 1018 4698 propter
1050 4621 1177 4676 aerem
1214 4599 1445 4676 mortiterum
1462 4590 1499 4694 (⁸)
1531 4603 1618 4697 qnia

507 4837 535 4900 ι’)
552 4839 583 4889 E.
599 4839 647 4890 ista
663 4838 722 4891 luit.
1008 4836 1035 4899 (¹)
1051 4837 1082 4888 Ε.
1100 4837 1134 4887 Ει
1150 4836 1240 4888 civitas
1255 4850 1326 4887 nnnc
1341 4830 1429 4887 nlla(

507 4913 535 4976 l'l
551 4914 583 4964 E.
599 4914 730 4978 petauro,
747 4919 777 4966 nt
792 4915 825 4965 do
841 4927 869 4965 se
885 4917 969 4978 patat3
987 4928 1000 4964 e
1018 4913 1170 4977 Stniooolin.

507 4994 534 5055 ι’)
550 4993 581 5044 E.
598 4992 765 5044 mortiterum
781 4993 829 5044 sub
844 5006 897 5058 quo
913 4990 1011 5042 nullus.
