4842 6642
906 814 1045 871 esurus
1070 815 1273 878 vrensruus.
1581 805 1650 874 269

480 959 525 1032 lit
547 957 656 1034 dicit:
683 979 702 1032 e
731 960 966 1052 riprmdeone
990 963 1022 1033 ie
1044 963 1336 1054 pentpertusa,
1363 960 1465 1053 idest,
1493 983 1653 1058 paganos

482 1099 654 1172 perverse
678 1078 839 1154 uolentes
870 1078 950 1153 illos
980 1079 1068 1154 deos
1097 1100 1194 1154 suos.
1212 1119 1262 1134 --
1278 1083 1402 1168 (insite.
1433 1081 1498 1156 llic
1529 1082 1651 1176 aquila

481 1201 562 1278 iacit
582 1200 831 1294 antiphoram:
852 1206 997 1294 poterat
1016 1201 1114 1275 enirn
1134 1209 1245 1276 autor
1268 1201 1446 1276 obiicere:
1466 1201 1651 1297 quomodo

482 1324 547 1397 iste
575 1323 738 1396 salvatus
771 1320 936 1396 estsine
968 1321 1173 1416 baptismo?
1207 1322 1420 1417 respondet:
1456 1325 1564 1416 quelle
1598 1331 1652 1396 tre

481 1447 606 1537 donne,
634 1443 782 1534 scilicet,
808 1441 908 1536 tides,
934 1463 1016 1538 spes
1040 1451 1078 1518 et
1103 1444 1246 1537 caritas
1264 1447 1324 1516 cle
1348 1452 1383 1516 tu
1407 1446 1533 1518 oedesti
1552 1446 1649 1516 datto

480 1568 597 1639 dasiro
613 1571 731 1653 ruotu,
750 1562 886 1638 scilicet
910 1563 948 1638 in
973 1563 1140 1658 paradiso
1159 1564 1385 1656 deliciarum,
1405 1571 1446 1638 ut
1471 1565 1646 1659 scriptum

480 1691 534 1761 est
558 1683 765 1782 Purgatorii
789 1683 961 1780 capitulo,
991 1688 1041 1777 pti
1062 1689 1124 1778 fur
1154 1707 1221 1777 per
1253 1686 1427 1760 tammo.
1458 1685 1512 1758 Ad
1541 1685 1647 1760 cuius

481 1806 751 1902 intelligentiam
778 1812 834 1880 est
860 1805 1073 1897 notandum,
1094 1805 1191 1900 quod
1214 1806 1344 1901 triplex
1361 1814 1417 1881 est
1433 1805 1646 1900 baptismus,

479 1928 613 2002 scilieet
637 1925 805 2020 flaminis,
830 1926 1017 2022 sanguinis
1041 1934 1079 2001 et
1103 1947 1211 2020 aqure
1233 1934 1300 2002 etc.
1320 1929 1363 2001 Et
1379 1927 1482 2002 dicit:
1501 1929 1648 2002 diacum

477 2051 516 2121 oi
538 2049 718 2121 dottezzor
745 2041 808 2138 piri
838 2048 934 2119 d'uu
958 2049 1134 2120 mittesuto.
1168 2048 1210 2120 Et
1245 2047 1459 2142 benedicit,
1488 2047 1574 2142 quia
1599 2047 1647 2120 ab

477 2165 617 2243 excidio
647 2165 764 2240 Troiae
800 2166 995 2259 usquead
1026 2165 1303 2242 edificationem
1337 2167 1464 2241 llomre
1498 2167 1647 2241 luerunt

475 2289 561 2363 anni
601 2285 886 2382 quadrinquenti
920 2286 1211 2381 quatuordecim,
1250 2295 1288 2362 et
1327 2287 1374 2360 ab
1408 2285 1646 2384 aedilicatione

474 2409 602 2483 Romae
625 2406 673 2481 ad
698 2405 924 2482 nativitatem
950 2405 1079 2480 Christi
1105 2407 1191 2480 anui
1219 2405 1434 2504 septingenti
1462 2406 1645 2500 quinqua·

472 2529 572 2625 ginta
590 2527 686 2618 duo;
711 2532 837 2620 postea
862 2547 885 2600 a
910 2526 1100 2602 nativitate
1119 2526 1251 2600 Christi
1278 2547 1396 2622 usqne
1415 2527 1462 2600 ad
1483 2527 1562 2601 eius
1579 2526 1644 2600 ha-

474 2647 647 2744 ptismum
674 2647 760 2722 anui
785 2645 989 2722 secundum
1014 2647 1183 2722 Orosium
1211 2654 1296 2722 tres.

550 2773 582 2842 0
596 2770 893 2861 predestinuzion.
921 2769 992 2843 lsta
1017 2775 1073 2842 est
1098 2775 1229 2862 quarta
1257 2776 1294 2843 et
1319 2768 1447 2843 ultima
1472 2789 1557 2864 pars
1576 2788 1642 2864 ge-

473 2889 607 2964 neralis
622 2880 674 2980 (¹),
699 2886 737 2962 iu
762 2907 836 2981 qua
862 2893 972 2962 autor
996 2886 1167 2962 describit
1196 2887 1477 2982 profunditatem
1511 2887 1641 2962 divinae

467 3009 626 3104 justitiae
653 3008 756 3084 Unde
780 3007 882 3104 lingit
907 3007 1006 3103 quod
1024 3008 1148 3102 aquila
1164 3007 1265 3082 linita
1284 3009 1493 3084 narratione
1512 3029 1579 3082 sua
1596 3008 1642 3082 de

471 3130 621 3224 liipheo‚
634 3130 698 3224 qui
716 3129 764 3203 ita
782 3120 819 3220 (ἢ
837 3127 1000 3204 salvatus
1015 3133 1082 3221 ost,
1099 3135 1319 3224 prorumpat
1335 3129 1371 3202 in
1390 3150 1502 3203 unam
1521 3129 1642 3204 excla-

472 3251 669 3325 mationem
702 3249 973 3343 admirativum,
994 3248 1137 3324 dicens:
1168 3252 1518 3342 Opredestiuuzion,
1549 3251 1643 3325 scili-

468 3377 539 3465 cet,
568 3370 702 3462 divina,
734 3378 865 3462 puorrm
897 3373 934 3443 tu
965 3376 1026 3443 tua
1060 3371 1193 3460 radice,
1224 3368 1326 3462 idest,
1359 3369 1595 3465 profunditas,
1624 3367 1644 3444 ἐ

468 3493 598 3566 vimmo
613 3493 663 3562 du
678 3493 794 3583 quenti
815 3492 951 3582 uspetti,
968 3489 1070 3583 idest,
1089 3511 1112 3564 a
1128 3490 1419 3565 consideratione
1434 3491 1639 3584 hominum,

468 3611 555 3704 quia
579 3631 603 3684 e
628 3611 732 3685 nobis
758 3630 832 3686 non
857 3617 975 3706 potest
1001 3609 1081 3684 lieri
1107 3610 1333 3684 ratiocinatio
1358 3610 1404 3684 de
1430 3609 1523 3705 ipsa;
1544 3611 1640 3685 unde

467 3730 568 3806 dicit:
594 3733 655 3803 cde
679 3751 751 3804 nou
777 3733 924 3822 oepgiou
949 3737 1035 3804 tutta
1065 3733 1103 3803 iu
1127 3734 1247 3824 primu
1278 3734 1417 3824 camon,
1451 3732 1538 3824 quia
1567 3731 1638 3806 sci-

468 3849 550 3925 licet
575 3850 694 3946 prima
719 3871 843 3944 causa,
861 3849 960 3924 unde
980 3849 1248 3946 praedestinatio
1274 3858 1457 3944 movetur,
1484 3872 1557 3925 nou
1583 3850 1638 3924 vi·

466 3969 576 4046 delur
601 3975 798 4045 tota-li
819 3973 886 4044 voi
912 3969 977 4044 Hic
1001 3969 1124 4064 aquila
1149 3969 1211 4044 dat
1236 3970 1414 4066 optimum
1445 3971 1635 4046 eonsilium

466 4089 564 4166 circu
583 4089 868 4185 iudicationem}
895 4096 932 4164 et
955 4089 1116 4186 assignat
1131 4090 1312 4166 rationem
1333 4111 1495 4187 arguens
1519 4112 1542 4165 a
1568 4090 1638 4164 mi-

466 4210 560 4303 nori,
589 4209 676 4305 quia
705 4209 805 4305 quod
835 4230 909 4284 non
940 4216 1092 4304 possunt
1124 4209 1218 4284 beati
1250 4209 1488 4304 immortales,
1521 4211 1638 4285 multo

465 4329 597 4404 lortius
623 4351 695 4404 non
720 4336 874 4426 possunt
899 4328 1023 4404 miseri
1050 4327 1242 4422 mortales;
1269 4329 1367 4404 unde
1397 4329 1499 4404 dicit:
1527 4335 1559 4402 E
1583 4334 1639 4403 uui

464 4454 620 4544 merloti,
649 4451 752 4545 idest,
779 4457 819 4525 tu
846 4450 983 4524 [lantes
1005 4455 1043 4524 et
1073 4447 1133 4522 alii
1168 4448 1347 4542 homines,
1379 4450 1441 4544 qui
1472 4451 1558 4525 estis
1588 4451 1637 4526 ita

460 4572 623 4668 prompti
647 4570 970 4666 adjudicandum,
996 4572 1135 4643 emovi
1166 4573 1278 4644 stretti
1310 4591 1334 4642 o
1367 4573 1561 4665 medicare,
1591 4593 1637 4648 ne

462 4691 637 4768 relaxetis
662 4692 711 4768 ita
744 4691 914 4783 insenum,
944 4684 1007 4764 cite*
1035 4690 1096 4763 noi
1118 4691 1179 4762 cle
1204 4691 1273 4762 Dio
1306 4692 1447 4764 muno
1480 4713 1551 4764 noo
1575 4714 1637 4766 co-

524 4876 553 4938 i')
569 4877 601 4928 E.
615 4877 743 4940 generalis
758 4877 836 4928 liuius
851 4877 969 4941 capituli,
983 4877 1085 4940 inqua.

523 4951 553 5017 (¹)
568 4954 599 5005 E.
615 4967 630 5004 e
645 4960 670 5016 t,
686 4955 723 5006 ltu
738 4955 841 5006 occulte
857 4955 970 5006 salvatus
984 4959 1034 5006 etl.
