<?xml version="1.0" encoding="UTF-8"?>
<!DOCTYPE html PUBLIC "-//W3C//DTD XHTML 1.0 Transitional//EN"
    "http://www.w3.org/TR/xhtml1/DTD/xhtml1-transitional.dtd">
<html xmlns="http://www.w3.org/1999/xhtml" xml:lang="en" lang="en">
 <head>
  <title>
</title>
<meta http-equiv="Content-Type" content="text/html;charset=utf-8" />
  <meta name='ocr-system' content='tesseract 3.04.00' />
  <meta name='ocr-capabilities' content='ocr_page ocr_carea ocr_par ocr_line ocrx_word'/>
</head>
<body>
  <div class='ocr_page' id='page_1' title='image "./comentumsuperda02benvgoog_0534.png"; bbox 0 0 4842 6642; ppageno 0'>
   <div class='ocr_carea' id='block_1_1' title="bbox 794 793 1580 866">
    <p class='ocr_par' dir='ltr' id='par_1_1' title="bbox 794 793 1580 866">
     <span class='ocr_line' id='line_1_1' title="bbox 794 793 1580 866; baseline 0.005 -8"><span class='ocrx_word' id='word_1_1' title='bbox 794 793 866 866; x_wconf 75' lang='lat'><strong>508</strong></span> <span class='ocrx_word' id='word_1_2' title='bbox 1183 806 1391 864; x_wconf 78' lang='lat' dir='ltr'><strong>coucuruu</strong></span> <span class='ocrx_word' id='word_1_3' title='bbox 1414 806 1580 862; x_wconf 78' lang='lat' dir='ltr'><strong>rmauur</strong></span> 
     </span>
    </p>
   </div>
   <div class='ocr_carea' id='block_1_2' title="bbox 767 949 1972 4668">
    <p class='ocr_par' dir='ltr' id='par_1_2' title="bbox 767 949 1972 4668">
     <span class='ocr_line' id='line_1_2' title="bbox 793 949 1965 1050; baseline -0.003 -24"><span class='ocrx_word' id='word_1_4' title='bbox 793 951 892 1047; x_wconf 86' lang='lat' dir='ltr'><strong>quod</strong></span> <span class='ocrx_word' id='word_1_5' title='bbox 918 959 986 1028; x_wconf 90' lang='lat' dir='ltr'><strong>etc.</strong></span> <span class='ocrx_word' id='word_1_6' title='bbox 1000 991 1050 1008; x_wconf 90' lang='lat'>-</span> <span class='ocrx_word' id='word_1_7' title='bbox 1068 958 1117 1026; x_wconf 83' lang='lat' dir='ltr'><strong>ltr</strong></span> <span class='ocrx_word' id='word_1_8' title='bbox 1141 956 1200 1050; x_wconf 64' lang='lat' dir='ltr'><strong>set</strong></span> <span class='ocrx_word' id='word_1_9' title='bbox 1227 952 1292 1027; x_wconf 85' lang='lat' dir='ltr'><strong>llio</strong></span> <span class='ocrx_word' id='word_1_10' title='bbox 1312 951 1522 1028; x_wconf 91' lang='lat' dir='ltr'><strong>Bernardus</strong></span> <span class='ocrx_word' id='word_1_11' title='bbox 1542 951 1659 1048; x_wconf 79' lang='lat' dir='ltr'><strong>tangit</strong></span> <span class='ocrx_word' id='word_1_12' title='bbox 1675 949 1841 1044; x_wconf 78' lang='lat' dir='ltr'><strong>quintam</strong></span> <span class='ocrx_word' id='word_1_13' title='bbox 1868 969 1965 1045; x_wconf 84' lang='lat' dir='ltr'><strong>prse-</strong></span> 
     </span>
     <span class='ocr_line' id='line_1_3' title="bbox 794 1070 1965 1168; baseline -0.001 -23"><span class='ocrx_word' id='word_1_14' title='bbox 794 1071 997 1168; x_wconf 71' lang='lat' dir='ltr'>rogativam</span> <span class='ocrx_word' id='word_1_15' title='bbox 1024 1093 1091 1167; x_wconf 93' lang='lat' dir='ltr'><strong>per</strong></span> <span class='ocrx_word' id='word_1_16' title='bbox 1116 1093 1230 1166; x_wconf 87' lang='lat' dir='ltr'><strong>quam</strong></span> <span class='ocrx_word' id='word_1_17' title='bbox 1257 1071 1369 1147; x_wconf 85' lang='lat' dir='ltr'><strong>Maria</strong></span> <span class='ocrx_word' id='word_1_18' title='bbox 1394 1071 1664 1168; x_wconf 81' lang='lat' dir='ltr'><strong>superexcessit</strong></span> <span class='ocrx_word' id='word_1_19' title='bbox 1687 1077 1725 1146; x_wconf 90' lang='lat' dir='ltr'><strong>et</strong></span> <span class='ocrx_word' id='word_1_20' title='bbox 1750 1070 1965 1167; x_wconf 84' lang='lat' dir='ltr'><strong>superexal-</strong></span> 
     </span>
     <span class='ocr_line' id='line_1_4' title="bbox 794 1191 1964 1289; baseline 0.001 -23"><span class='ocrx_word' id='word_1_21' title='bbox 794 1197 868 1266; x_wconf 87' lang='lat' dir='ltr'><strong>tata</strong></span> <span class='ocrx_word' id='word_1_22' title='bbox 892 1198 949 1268; x_wconf 85' lang='lat' dir='ltr'><strong>est</strong></span> <span class='ocrx_word' id='word_1_23' title='bbox 972 1213 1085 1289; x_wconf 91' lang='lat' dir='ltr'><strong>super</strong></span> <span class='ocrx_word' id='word_1_24' title='bbox 1101 1213 1243 1287; x_wconf 90' lang='lat' dir='ltr'><strong>omnes,</strong></span> <span class='ocrx_word' id='word_1_25' title='bbox 1261 1192 1348 1289; x_wconf 86' lang='lat' dir='ltr'><strong>quia</strong></span> <span class='ocrx_word' id='word_1_26' title='bbox 1365 1193 1500 1268; x_wconf 88' lang='lat' dir='ltr'><strong>scilicet</strong></span> <span class='ocrx_word' id='word_1_27' title='bbox 1516 1200 1664 1268; x_wconf 88' lang='lat' dir='ltr'><strong>creator</strong></span> <span class='ocrx_word' id='word_1_28' title='bbox 1683 1191 1798 1267; x_wconf 88' lang='lat' dir='ltr'><strong>voluit</strong></span> <span class='ocrx_word' id='word_1_29' title='bbox 1814 1211 1964 1267; x_wconf 88' lang='lat' dir='ltr'><strong>sumere</strong></span> 
     </span>
     <span class='ocr_line' id='line_1_5' title="bbox 792 1311 1963 1410; baseline 0.001 -25"><span class='ocrx_word' id='word_1_30' title='bbox 792 1333 839 1386; x_wconf 83' lang='lat' dir='ltr'><strong>ex</strong></span> <span class='ocrx_word' id='word_1_31' title='bbox 865 1333 910 1388; x_wconf 90' lang='lat' dir='ltr'><strong>ea</strong></span> <span class='ocrx_word' id='word_1_32' title='bbox 936 1333 1087 1389; x_wconf 89' lang='lat' dir='ltr'><strong>carnem</strong></span> <span class='ocrx_word' id='word_1_33' title='bbox 1112 1315 1317 1390; x_wconf 80' lang='lat' dir='ltr'><strong>humanam</strong></span> <span class='ocrx_word' id='word_1_34' title='bbox 1339 1333 1450 1390; x_wconf 90' lang='lat' dir='ltr'><strong>causa</strong></span> <span class='ocrx_word' id='word_1_35' title='bbox 1467 1312 1712 1410; x_wconf 79' lang='lat' dir='ltr'><strong>coniungendi</strong></span> <span class='ocrx_word' id='word_1_36' title='bbox 1737 1311 1963 1388; x_wconf 84' lang='lat' dir='ltr'><strong>divinitatem</strong></span> 
     </span>
     <span class='ocr_line' id='line_1_6' title="bbox 794 1433 1965 1530; baseline -0.001 -23"><span class='ocrx_word' id='word_1_37' title='bbox 794 1452 882 1508; x_wconf 88' lang='lat' dir='ltr'><strong>cum</strong></span> <span class='ocrx_word' id='word_1_38' title='bbox 908 1434 1148 1528; x_wconf 81' lang='lat' dir='ltr'><strong>humanitate,</strong></span> <span class='ocrx_word' id='word_1_39' title='bbox 1169 1441 1206 1510; x_wconf 88' lang='lat' dir='ltr'><strong>et</strong></span> <span class='ocrx_word' id='word_1_40' title='bbox 1224 1433 1416 1510; x_wconf 88' lang='lat' dir='ltr'><strong>nobilitare</strong></span> <span class='ocrx_word' id='word_1_41' title='bbox 1432 1453 1497 1530; x_wconf 91' lang='lat' dir='ltr'><strong>per</strong></span> <span class='ocrx_word' id='word_1_42' title='bbox 1517 1434 1674 1530; x_wconf 81' lang='lat' dir='ltr'><strong>gratiam</strong></span> <span class='ocrx_word' id='word_1_43' title='bbox 1691 1452 1810 1530; x_wconf 82' lang='lat' dir='ltr'><strong>genus</strong></span> <span class='ocrx_word' id='word_1_44' title='bbox 1831 1433 1965 1506; x_wconf 90' lang='lat' dir='ltr'><strong>huma-</strong></span> 
     </span>
     <span class='ocr_line' id='line_1_7' title="bbox 794 1550 1964 1652; baseline 0.001 -24"><span class='ocrx_word' id='word_1_45' title='bbox 794 1574 885 1628; x_wconf 92' lang='lat' dir='ltr'><strong>num</strong></span> <span class='ocrx_word' id='word_1_46' title='bbox 911 1554 1123 1631; x_wconf 84' lang='lat' dir='ltr'><strong>vilificatum</strong></span> <span class='ocrx_word' id='word_1_47' title='bbox 1148 1575 1216 1652; x_wconf 87' lang='lat' dir='ltr'><strong>per</strong></span> <span class='ocrx_word' id='word_1_48' title='bbox 1230 1550 1267 1648; x_wconf 78' lang='lat'><strong>(¹)</strong></span> <span class='ocrx_word' id='word_1_49' title='bbox 1287 1556 1457 1652; x_wconf 84' lang='lat' dir='ltr'><strong>culpam3</strong></span> <span class='ocrx_word' id='word_1_50' title='bbox 1484 1555 1582 1632; x_wconf 91' lang='lat' dir='ltr'><strong>unde</strong></span> <span class='ocrx_word' id='word_1_51' title='bbox 1606 1554 1718 1630; x_wconf 84' lang='lat' dir='ltr'><strong>hlaria</strong></span> <span class='ocrx_word' id='word_1_52' title='bbox 1739 1553 1808 1630; x_wconf 88' lang='lat' dir='ltr'><strong>luit</strong></span> <span class='ocrx_word' id='word_1_53' title='bbox 1825 1554 1964 1629; x_wconf 90' lang='lat' dir='ltr'><strong>media-</strong></span> 
     </span>
     <span class='ocr_line' id='line_1_8' title="bbox 767 1673 1965 1770; baseline -0.003 -20"><span class='ocrx_word' id='word_1_54' title='bbox 767 1674 865 1750; x_wconf 43' lang='lat' dir='ltr'><strong>,trix</strong></span> <span class='ocrx_word' id='word_1_55' title='bbox 884 1675 980 1751; x_wconf 89' lang='lat' dir='ltr'><strong>inter</strong></span> <span class='ocrx_word' id='word_1_56' title='bbox 1000 1677 1119 1752; x_wconf 86' lang='lat' dir='ltr'><strong>Deum</strong></span> <span class='ocrx_word' id='word_1_57' title='bbox 1137 1683 1176 1752; x_wconf 91' lang='lat' dir='ltr'><strong>et</strong></span> <span class='ocrx_word' id='word_1_58' title='bbox 1192 1675 1391 1770; x_wconf 90' lang='lat' dir='ltr'><strong>hominem,</strong></span> <span class='ocrx_word' id='word_1_59' title='bbox 1409 1681 1446 1751; x_wconf 92' lang='lat' dir='ltr'><strong>et</strong></span> <span class='ocrx_word' id='word_1_60' title='bbox 1463 1675 1530 1750; x_wconf 89' lang='lat' dir='ltr'><strong>luit</strong></span> <span class='ocrx_word' id='word_1_61' title='bbox 1548 1674 1627 1749; x_wconf 90' lang='lat' dir='ltr'><strong>talis</strong></span> <span class='ocrx_word' id='word_1_62' title='bbox 1648 1673 1852 1768; x_wconf 80' lang='lat' dir='ltr'><strong>mediatrix,</strong></span> <span class='ocrx_word' id='word_1_63' title='bbox 1865 1673 1965 1768; x_wconf 88' lang='lat' dir='ltr'><strong>quod</strong></span> 
     </span>
     <span class='ocr_line' id='line_1_9' title="bbox 794 1784 1966 1892; baseline -0.004 -19"><span class='ocrx_word' id='word_1_64' title='bbox 794 1795 858 1890; x_wconf 86' lang='lat' dir='ltr'><strong>qui</strong></span> <span class='ocrx_word' id='word_1_65' title='bbox 884 1795 1020 1872; x_wconf 86' lang='lat' dir='ltr'><strong>iecerat</strong></span> <span class='ocrx_word' id='word_1_66' title='bbox 1044 1816 1129 1872; x_wconf 90' lang='lat' dir='ltr'><strong>eam</strong></span> <span class='ocrx_word' id='word_1_67' title='bbox 1154 1816 1229 1870; x_wconf 89' lang='lat' dir='ltr'><strong>non</strong></span> <span class='ocrx_word' id='word_1_68' title='bbox 1254 1794 1322 1870; x_wconf 84' lang='lat' dir='ltr'><strong>luit</strong></span> <span class='ocrx_word' id='word_1_69' title='bbox 1347 1794 1553 1892; x_wconf 80' lang='lat' dir='ltr'><strong>indignatus</strong></span> <span class='ocrx_word' id='word_1_70' title='bbox 1569 1784 1606 1888; x_wconf 84' lang='lat'><strong>(¹)</strong></span> <span class='ocrx_word' id='word_1_71' title='bbox 1633 1793 1712 1870; x_wconf 90' lang='lat' dir='ltr'><strong>lieri</strong></span> <span class='ocrx_word' id='word_1_72' title='bbox 1733 1813 1780 1870; x_wconf 86' lang='lat' dir='ltr'><strong>ex</strong></span> <span class='ocrx_word' id='word_1_73' title='bbox 1798 1813 1854 1870; x_wconf 88' lang='lat' dir='ltr'><strong>ea.</strong></span> <span class='ocrx_word' id='word_1_74' title='bbox 1873 1793 1966 1869; x_wconf 85' lang='lat' dir='ltr'><strong>Dicit</strong></span> 
     </span>
     <span class='ocr_line' id='line_1_10' title="bbox 793 1908 1967 2014; baseline -0.002 -22"><span class='ocrx_word' id='word_1_75' title='bbox 793 1937 904 2014; x_wconf 63' lang='lat' dir='ltr'><strong>ergo:</strong></span> <span class='ocrx_word' id='word_1_76' title='bbox 937 1923 987 1991; x_wconf 82' lang='lat' dir='ltr'><strong>Tu</strong></span> <span class='ocrx_word' id='word_1_77' title='bbox 1009 1920 1159 1992; x_wconf 66' lang='lat' dir='ltr'><strong>secute</strong></span> <span class='ocrx_word' id='word_1_78' title='bbox 1182 1919 1243 1992; x_wconf 86' lang='lat' dir='ltr'><strong>circ</strong></span> <span class='ocrx_word' id='word_1_79' title='bbox 1266 1908 1688 1991; x_wconf 71' lang='lat' dir='ltr'><strong>mwumudtuaana</strong></span> <span class='ocrx_word' id='word_1_80' title='bbox 1707 1917 1967 2006; x_wconf 62' lang='lat' dir='ltr'><strong>nonomolre&#39;t</strong></span> 
     </span>
     <span class='ocr_line' id='line_1_11' title="bbox 794 2035 1964 2134; baseline -0.003 -22"><span class='ocrx_word' id='word_1_81' title='bbox 794 2059 860 2112; x_wconf 85' lang='lat' dir='ltr'><strong>sno</strong></span> <span class='ocrx_word' id='word_1_82' title='bbox 885 2043 1039 2127; x_wconf 81' lang='lat' dir='ltr'><strong>Faltorc,</strong></span> <span class='ocrx_word' id='word_1_83' title='bbox 1057 2037 1159 2134; x_wconf 88' lang='lat' dir='ltr'><strong>idest,</strong></span> <span class='ocrx_word' id='word_1_84' title='bbox 1178 2037 1276 2114; x_wconf 82' lang='lat' dir='ltr'><strong>heus</strong></span> <span class='ocrx_word' id='word_1_85' title='bbox 1301 2043 1447 2112; x_wconf 88' lang='lat' dir='ltr'><strong>creator</strong></span> <span class='ocrx_word' id='word_1_86' title='bbox 1471 2035 1583 2132; x_wconf 87' lang='lat' dir='ltr'><strong>ipsius</strong></span> <span class='ocrx_word' id='word_1_87' title='bbox 1611 2042 1755 2112; x_wconf 81' lang='lat' dir='ltr'><strong>naturae</strong></span> <span class='ocrx_word' id='word_1_88' title='bbox 1779 2037 1964 2129; x_wconf 74' lang='lat' dir='ltr'><strong>humane,</strong></span> 
     </span>
     <span class='ocr_line' id='line_1_12' title="bbox 793 2150 1965 2253; baseline -0.002 -19"><span class='ocrx_word' id='word_1_89' title='bbox 793 2179 867 2234; x_wconf 83' lang='lat' dir='ltr'><strong>nora</strong></span> <span class='ocrx_word' id='word_1_90' title='bbox 891 2150 1060 2251; x_wconf 70' lang='lat' dir='ltr'><strong>dudcprrd</strong></span> <span class='ocrx_word' id='word_1_91' title='bbox 1083 2161 1122 2233; x_wconf 80' lang='lat' dir='ltr'><strong>di</strong></span> <span class='ocrx_word' id='word_1_92' title='bbox 1142 2162 1238 2253; x_wconf 77' lang='lat' dir='ltr'><strong>farsi</strong></span> <span class='ocrx_word' id='word_1_93' title='bbox 1260 2179 1328 2232; x_wconf 81' lang='lat' dir='ltr'><strong>ruo</strong></span> <span class='ocrx_word' id='word_1_94' title='bbox 1349 2161 1499 2253; x_wconf 69' lang='lat' dir='ltr'><strong>somno,</strong></span> <span class='ocrx_word' id='word_1_95' title='bbox 1525 2156 1627 2251; x_wconf 88' lang='lat' dir='ltr'><strong>idest,</strong></span> <span class='ocrx_word' id='word_1_96' title='bbox 1654 2155 1733 2232; x_wconf 91' lang='lat' dir='ltr'><strong>lieri</strong></span> <span class='ocrx_word' id='word_1_97' title='bbox 1765 2157 1876 2233; x_wconf 94' lang='lat' dir='ltr'><strong>homo</strong></span> <span class='ocrx_word' id='word_1_98' title='bbox 1901 2176 1965 2232; x_wconf 88' lang='lat' dir='ltr'><strong>ca-</strong></span> 
     </span>
     <span class='ocr_line' id='line_1_13' title="bbox 794 2269 1964 2375; baseline -0.003 -21"><span class='ocrx_word' id='word_1_99' title='bbox 794 2279 926 2375; x_wconf 85' lang='lat' dir='ltr'><strong>piendo</strong></span> <span class='ocrx_word' id='word_1_100' title='bbox 941 2269 978 2371; x_wconf 80' lang='lat'><strong>(³)</strong></span> <span class='ocrx_word' id='word_1_101' title='bbox 1004 2298 1155 2354; x_wconf 90' lang='lat' dir='ltr'><strong>carnem</strong></span> <span class='ocrx_word' id='word_1_102' title='bbox 1182 2280 1398 2373; x_wconf 89' lang='lat' dir='ltr'><strong>humanam,</strong></span> <span class='ocrx_word' id='word_1_103' title='bbox 1416 2285 1453 2354; x_wconf 88' lang='lat' dir='ltr'><strong>st</strong></span> <span class='ocrx_word' id='word_1_104' title='bbox 1469 2284 1598 2372; x_wconf 88' lang='lat' dir='ltr'><strong>sponte</strong></span> <span class='ocrx_word' id='word_1_105' title='bbox 1616 2277 1812 2356; x_wconf 88' lang='lat' dir='ltr'><strong>subiiciens</strong></span> <span class='ocrx_word' id='word_1_106' title='bbox 1836 2277 1964 2374; x_wconf 78' lang='lat' dir='ltr'><strong>selegi</strong></span> 
     </span>
     <span class='ocr_line' id='line_1_14' title="bbox 794 2397 1965 2475; baseline -0.004 -1"><span class='ocrx_word' id='word_1_107' title='bbox 794 2399 953 2474; x_wconf 87' lang='lat' dir='ltr'><strong>naturali</strong></span> <span class='ocrx_word' id='word_1_108' title='bbox 979 2399 1147 2474; x_wconf 89' lang='lat' dir='ltr'><strong>hominis.</strong></span> <span class='ocrx_word' id='word_1_109' title='bbox 1161 2403 1290 2474; x_wconf 87' lang='lat' dir='ltr'><strong>-Net</strong></span> <span class='ocrx_word' id='word_1_110' title='bbox 1312 2407 1439 2474; x_wconf 75' lang='lat' dir='ltr'><strong>neone.</strong></span> <span class='ocrx_word' id='word_1_111' title='bbox 1473 2399 1538 2475; x_wconf 89' lang='lat' dir='ltr'><strong>llic</strong></span> <span class='ocrx_word' id='word_1_112' title='bbox 1571 2397 1780 2474; x_wconf 89' lang='lat' dir='ltr'><strong>Bernardus</strong></span> <span class='ocrx_word' id='word_1_113' title='bbox 1809 2397 1965 2474; x_wconf 85' lang='lat' dir='ltr'><strong>ostendit</strong></span> 
     </span>
     <span class='ocr_line' id='line_1_15' title="bbox 795 2507 1966 2616; baseline -0.003 -23"><span class='ocrx_word' id='word_1_114' title='bbox 795 2519 1001 2596; x_wconf 85' lang='lat' dir='ltr'><strong>marimum</strong></span> <span class='ocrx_word' id='word_1_115' title='bbox 1028 2520 1191 2594; x_wconf 80' lang='lat' dir='ltr'><strong>fructum</strong></span> <span class='ocrx_word' id='word_1_116' title='bbox 1209 2525 1393 2616; x_wconf 74' lang='lat' dir='ltr'><strong>praetactae</strong></span> <span class='ocrx_word' id='word_1_117' title='bbox 1407 2507 1444 2612; x_wconf 71' lang='lat'><strong>(⁴)</strong></span> <span class='ocrx_word' id='word_1_118' title='bbox 1466 2517 1841 2613; x_wconf 66' lang='lat' dir='ltr'><strong>incarnationisque</strong></span> <span class='ocrx_word' id='word_1_119' title='bbox 1859 2511 1966 2592; x_wconf 90' lang='lat' dir='ltr'><strong>amor</strong></span> 
     </span>
     <span class='ocr_line' id='line_1_16' title="bbox 793 2638 1967 2736; baseline -0.003 -20"><span class='ocrx_word' id='word_1_120' title='bbox 793 2641 939 2735; x_wconf 89' lang='lat' dir='ltr'><strong>ardens,</strong></span> <span class='ocrx_word' id='word_1_121' title='bbox 953 2640 1016 2736; x_wconf 89' lang='lat' dir='ltr'><strong>qui</strong></span> <span class='ocrx_word' id='word_1_122' title='bbox 1029 2641 1149 2736; x_wconf 92' lang='lat' dir='ltr'><strong>primo</strong></span> <span class='ocrx_word' id='word_1_123' title='bbox 1166 2641 1288 2716; x_wconf 90' lang='lat' dir='ltr'><strong>luerat</strong></span> <span class='ocrx_word' id='word_1_124' title='bbox 1305 2640 1488 2716; x_wconf 80' lang='lat' dir='ltr'><strong>extinctus</strong></span> <span class='ocrx_word' id='word_1_125' title='bbox 1505 2660 1571 2734; x_wconf 91' lang='lat' dir='ltr'><strong>per</strong></span> <span class='ocrx_word' id='word_1_126' title='bbox 1587 2639 1714 2713; x_wconf 91' lang='lat' dir='ltr'><strong>odium</strong></span> <span class='ocrx_word' id='word_1_127' title='bbox 1728 2638 1851 2732; x_wconf 85' lang='lat' dir='ltr'><strong>llerae,</strong></span> <span class='ocrx_word' id='word_1_128' title='bbox 1861 2657 1967 2713; x_wconf 87' lang='lat' dir='ltr'><strong>reac-</strong></span> 
     </span>
     <span class='ocr_line' id='line_1_17' title="bbox 794 2739 1967 2856; baseline -0.002 -20"><span class='ocrx_word' id='word_1_129' title='bbox 794 2780 927 2836; x_wconf 86' lang='lat' dir='ltr'><strong>oensns</strong></span> <span class='ocrx_word' id='word_1_130' title='bbox 952 2768 1008 2838; x_wconf 77' lang='lat' dir='ltr'><strong>est</strong></span> <span class='ocrx_word' id='word_1_131' title='bbox 1031 2781 1098 2856; x_wconf 91' lang='lat' dir='ltr'><strong>per</strong></span> <span class='ocrx_word' id='word_1_132' title='bbox 1122 2781 1291 2836; x_wconf 90' lang='lat' dir='ltr'><strong>amorem</strong></span> <span class='ocrx_word' id='word_1_133' title='bbox 1312 2759 1447 2854; x_wconf 83' lang='lat' dir='ltr'><strong>llariae,</strong></span> <span class='ocrx_word' id='word_1_134' title='bbox 1467 2759 1574 2836; x_wconf 87' lang='lat' dir='ltr'><strong>cuius</strong></span> <span class='ocrx_word' id='word_1_135' title='bbox 1590 2739 1727 2834; x_wconf 80' lang='lat' dir='ltr'><strong>amoris</strong></span> <span class='ocrx_word' id='word_1_136' title='bbox 1752 2758 1875 2834; x_wconf 88' lang='lat' dir='ltr'><strong>calore</strong></span> <span class='ocrx_word' id='word_1_137' title='bbox 1900 2780 1967 2855; x_wconf 89' lang='lat' dir='ltr'><strong>pa·</strong></span> 
     </span>
     <span class='ocr_line' id='line_1_18' title="bbox 797 2872 1964 2977; baseline -0.003 -23"><span class='ocrx_word' id='word_1_138' title='bbox 797 2880 939 2956; x_wconf 89' lang='lat' dir='ltr'><strong>radisus</strong></span> <span class='ocrx_word' id='word_1_139' title='bbox 958 2872 1238 2977; x_wconf 80' lang='lat' dir='ltr'><strong>&#39;quodammodo</strong></span> <span class='ocrx_word' id='word_1_140' title='bbox 1263 2901 1404 2957; x_wconf 79' lang='lat' dir='ltr'><strong>vacuus</strong></span> <span class='ocrx_word' id='word_1_141' title='bbox 1437 2886 1492 2956; x_wconf 87' lang='lat' dir='ltr'><strong>est</strong></span> <span class='ocrx_word' id='word_1_142' title='bbox 1529 2881 1701 2974; x_wconf 84' lang='lat' dir='ltr'><strong>repletru.</strong></span> <span class='ocrx_word' id='word_1_143' title='bbox 1737 2878 1828 2956; x_wconf 86' lang='lat' dir='ltr'><strong>Dicit</strong></span> <span class='ocrx_word' id='word_1_144' title='bbox 1853 2899 1964 2977; x_wconf 83' lang='lat' dir='ltr'><strong>ergo:</strong></span> 
     </span>
     <span class='ocr_line' id='line_1_19' title="bbox 796 2999 1969 3098; baseline -0.003 -22"><span class='ocrx_word' id='word_1_145' title='bbox 796 3005 835 3076; x_wconf 86' lang='lat' dir='ltr'><strong>L’</strong></span> <span class='ocrx_word' id='word_1_146' title='bbox 847 3023 985 3095; x_wconf 85' lang='lat' dir='ltr'><strong>umore,</strong></span> <span class='ocrx_word' id='word_1_147' title='bbox 1001 3001 1148 3097; x_wconf 82' lang='lat' dir='ltr'><strong>scilicet,</strong></span> <span class='ocrx_word' id='word_1_148' title='bbox 1166 3002 1310 3077; x_wconf 90' lang='lat' dir='ltr'><strong>divinus</strong></span> <span class='ocrx_word' id='word_1_149' title='bbox 1336 3001 1399 3098; x_wconf 90' lang='lat' dir='ltr'><strong>qui</strong></span> <span class='ocrx_word' id='word_1_150' title='bbox 1421 3007 1475 3076; x_wconf 90' lang='lat' dir='ltr'><strong>est</strong></span> <span class='ocrx_word' id='word_1_151' title='bbox 1492 2999 1647 3097; x_wconf 78' lang='lat' dir='ltr'><strong>Spiritus</strong></span> <span class='ocrx_word' id='word_1_152' title='bbox 1664 3000 1831 3096; x_wconf 85' lang='lat' dir='ltr'><strong>Sanctus,</strong></span> <span class='ocrx_word' id='word_1_153' title='bbox 1849 3021 1916 3093; x_wconf 82' lang='lat' dir='ltr'><strong>per</strong></span> <span class='ocrx_word' id='word_1_154' title='bbox 1932 3002 1969 3075; x_wconf 90' lang='lat' dir='ltr'><strong>to</strong></span> 
     </span>
     <span class='ocr_line' id='line_1_20' title="bbox 794 3120 1968 3217; baseline -0.002 -21"><span class='ocrx_word' id='word_1_155' title='bbox 794 3126 851 3196; x_wconf 83' lang='lat' dir='ltr'><strong>cui</strong></span> <span class='ocrx_word' id='word_1_156' title='bbox 874 3124 990 3214; x_wconf 68' lang='lat' dir='ltr'><strong>oddo,</strong></span> <span class='ocrx_word' id='word_1_157' title='bbox 1016 3121 1117 3217; x_wconf 88' lang='lat' dir='ltr'><strong>idest,</strong></span> <span class='ocrx_word' id='word_1_158' title='bbox 1143 3123 1282 3198; x_wconf 83' lang='lat' dir='ltr'><strong>virtute</strong></span> <span class='ocrx_word' id='word_1_159' title='bbox 1305 3120 1413 3197; x_wconf 89' lang='lat' dir='ltr'><strong>cuius</strong></span> <span class='ocrx_word' id='word_1_160' title='bbox 1437 3120 1542 3197; x_wconf 86' lang='lat' dir='ltr'><strong>calidi</strong></span> <span class='ocrx_word' id='word_1_161' title='bbox 1563 3121 1713 3215; x_wconf 89' lang='lat' dir='ltr'><strong>amoris,</strong></span> <span class='ocrx_word' id='word_1_162' title='bbox 1730 3127 1847 3213; x_wconf 61' lang='lat' dir='ltr'><strong>mesto</strong></span> <span class='ocrx_word' id='word_1_163' title='bbox 1864 3123 1968 3214; x_wconf 69' lang='lat' dir='ltr'><strong>flore,</strong></span> 
     </span>
     <span class='ocr_line' id='line_1_21' title="bbox 795 3233 1968 3340; baseline -0.002 -24"><span class='ocrx_word' id='word_1_164' title='bbox 795 3240 944 3336; x_wconf 89' lang='lat' dir='ltr'><strong>scilicet,</strong></span> <span class='ocrx_word' id='word_1_165' title='bbox 970 3261 1066 3336; x_wconf 86' lang='lat' dir='ltr'><strong>rosa,</strong></span> <span class='ocrx_word' id='word_1_166' title='bbox 1090 3261 1175 3334; x_wconf 77' lang='lat' dir='ltr'><strong>que</strong></span> <span class='ocrx_word' id='word_1_167' title='bbox 1200 3247 1257 3316; x_wconf 85' lang='lat' dir='ltr'><strong>est</strong></span> <span class='ocrx_word' id='word_1_168' title='bbox 1282 3243 1418 3318; x_wconf 89' lang='lat' dir='ltr'><strong>coelum</strong></span> <span class='ocrx_word' id='word_1_169' title='bbox 1444 3261 1677 3340; x_wconf 81' lang='lat' dir='ltr'><strong>empyreum,</strong></span> <span class='ocrx_word' id='word_1_170' title='bbox 1698 3236 1719 3315; x_wconf 82' lang='lat' dir='ltr'><strong>d</strong></span> <span class='ocrx_word' id='word_1_171' title='bbox 1741 3233 1813 3314; x_wconf 79' lang='lat' dir='ltr'><strong>cori</strong></span> <span class='ocrx_word' id='word_1_172' title='bbox 1835 3243 1968 3332; x_wconf 82' lang='lat' dir='ltr'><strong>permi-</strong></span> 
     </span>
     <span class='ocr_line' id='line_1_22' title="bbox 794 3361 1969 3459; baseline 0 -21"><span class='ocrx_word' id='word_1_173' title='bbox 794 3372 893 3456; x_wconf 85' lang='lat' dir='ltr'><strong>noto,</strong></span> <span class='ocrx_word' id='word_1_174' title='bbox 918 3363 1021 3459; x_wconf 90' lang='lat' dir='ltr'><strong>idest,</strong></span> <span class='ocrx_word' id='word_1_175' title='bbox 1042 3362 1314 3459; x_wconf 91' lang='lat' dir='ltr'><strong>multiplicatus,</strong></span> <span class='ocrx_word' id='word_1_176' title='bbox 1330 3366 1424 3438; x_wconf 79' lang='lat' dir='ltr'><strong>neda</strong></span> <span class='ocrx_word' id='word_1_177' title='bbox 1440 3369 1561 3438; x_wconf 80' lang='lat' dir='ltr'><strong>eterno</strong></span> <span class='ocrx_word' id='word_1_178' title='bbox 1572 3384 1676 3457; x_wconf 86' lang='lat' dir='ltr'><strong>poce,</strong></span> <span class='ocrx_word' id='word_1_179' title='bbox 1692 3364 1762 3438; x_wconf 92' lang='lat' dir='ltr'><strong>hoc</strong></span> <span class='ocrx_word' id='word_1_180' title='bbox 1778 3361 1863 3436; x_wconf 91' lang='lat' dir='ltr'><strong>dicit</strong></span> <span class='ocrx_word' id='word_1_181' title='bbox 1880 3361 1969 3456; x_wconf 89' lang='lat' dir='ltr'><strong>quia</strong></span> 
     </span>
     <span class='ocr_line' id='line_1_23' title="bbox 794 3473 1967 3580; baseline 0 -22"><span class='ocrx_word' id='word_1_182' title='bbox 794 3484 879 3561; x_wconf 92' lang='lat' dir='ltr'><strong>hinc</strong></span> <span class='ocrx_word' id='word_1_183' title='bbox 903 3483 978 3559; x_wconf 89' lang='lat' dir='ltr'><strong>nati</strong></span> <span class='ocrx_word' id='word_1_184' title='bbox 1003 3489 1089 3558; x_wconf 89' lang='lat' dir='ltr'><strong>sunt</strong></span> <span class='ocrx_word' id='word_1_185' title='bbox 1114 3482 1279 3579; x_wconf 88' lang='lat' dir='ltr'><strong>apostoli,</strong></span> <span class='ocrx_word' id='word_1_186' title='bbox 1306 3489 1499 3580; x_wconf 82' lang='lat' dir='ltr'><strong>martyres,</strong></span> <span class='ocrx_word' id='word_1_187' title='bbox 1525 3483 1752 3560; x_wconf 82' lang='lat' dir='ltr'><strong>consessores</strong></span> <span class='ocrx_word' id='word_1_188' title='bbox 1765 3473 1817 3575; x_wconf 79' lang='lat'><strong>(¹⁵),</strong></span> <span class='ocrx_word' id='word_1_189' title='bbox 1843 3488 1881 3557; x_wconf 91' lang='lat' dir='ltr'><strong>et</strong></span> <span class='ocrx_word' id='word_1_190' title='bbox 1907 3501 1967 3558; x_wconf 87' lang='lat' dir='ltr'><strong>ro·</strong></span> 
     </span>
     <span class='ocr_line' id='line_1_24' title="bbox 795 3603 1969 3700; baseline -0.002 -20"><span class='ocrx_word' id='word_1_191' title='bbox 795 3605 871 3681; x_wconf 89' lang='lat' dir='ltr'><strong>nati</strong></span> <span class='ocrx_word' id='word_1_192' title='bbox 896 3612 983 3680; x_wconf 87' lang='lat' dir='ltr'><strong>sunt</strong></span> <span class='ocrx_word' id='word_1_193' title='bbox 1007 3604 1206 3700; x_wconf 76' lang='lat' dir='ltr'><strong>prophete,</strong></span> <span class='ocrx_word' id='word_1_194' title='bbox 1231 3603 1462 3700; x_wconf 75' lang='lat' dir='ltr'><strong>patriarche,</strong></span> <span class='ocrx_word' id='word_1_195' title='bbox 1478 3609 1515 3679; x_wconf 91' lang='lat' dir='ltr'><strong>et</strong></span> <span class='ocrx_word' id='word_1_196' title='bbox 1531 3603 1672 3698; x_wconf 75' lang='lat' dir='ltr'><strong>audoni</strong></span> <span class='ocrx_word' id='word_1_197' title='bbox 1690 3609 1825 3700; x_wconf 90' lang='lat' dir='ltr'><strong>patres,</strong></span> <span class='ocrx_word' id='word_1_198' title='bbox 1848 3603 1969 3697; x_wconf 85' lang='lat' dir='ltr'><strong>quiin</strong></span> 
     </span>
     <span class='ocr_line' id='line_1_25' title="bbox 796 3723 1967 3820; baseline 0 -20"><span class='ocrx_word' id='word_1_199' title='bbox 796 3732 917 3801; x_wconf 89' lang='lat' dir='ltr'><strong>morte</strong></span> <span class='ocrx_word' id='word_1_200' title='bbox 941 3725 1127 3820; x_wconf 85' lang='lat' dir='ltr'><strong>sedebant,</strong></span> <span class='ocrx_word' id='word_1_201' title='bbox 1153 3725 1204 3800; x_wconf 88' lang='lat' dir='ltr'><strong>ita</strong></span> <span class='ocrx_word' id='word_1_202' title='bbox 1230 3724 1329 3820; x_wconf 89' lang='lat' dir='ltr'><strong>quod</strong></span> <span class='ocrx_word' id='word_1_203' title='bbox 1361 3723 1428 3800; x_wconf 89' lang='lat' dir='ltr'><strong>iste</strong></span> <span class='ocrx_word' id='word_1_204' title='bbox 1457 3725 1523 3801; x_wconf 91' lang='lat' dir='ltr'><strong>llos</strong></span> <span class='ocrx_word' id='word_1_205' title='bbox 1553 3723 1739 3799; x_wconf 81' lang='lat' dir='ltr'><strong>maximus</strong></span> <span class='ocrx_word' id='word_1_206' title='bbox 1769 3743 1863 3800; x_wconf 84' lang='lat' dir='ltr'><strong>rosae</strong></span> <span class='ocrx_word' id='word_1_207' title='bbox 1893 3745 1967 3800; x_wconf 93' lang='lat' dir='ltr'><strong>non</strong></span> 
     </span>
     <span class='ocr_line' id='line_1_26' title="bbox 796 3844 1969 3941; baseline 0 -21"><span class='ocrx_word' id='word_1_208' title='bbox 796 3847 955 3922; x_wconf 87' lang='lat' dir='ltr'><strong>hahehat</strong></span> <span class='ocrx_word' id='word_1_209' title='bbox 971 3845 1008 3920; x_wconf 92' lang='lat' dir='ltr'><strong>in</strong></span> <span class='ocrx_word' id='word_1_210' title='bbox 1025 3867 1066 3922; x_wconf 86' lang='lat' dir='ltr'><strong>se</strong></span> <span class='ocrx_word' id='word_1_211' title='bbox 1083 3846 1201 3920; x_wconf 92' lang='lat' dir='ltr'><strong>ultum</strong></span> <span class='ocrx_word' id='word_1_212' title='bbox 1221 3846 1396 3940; x_wconf 84' lang='lat' dir='ltr'><strong>tractum,</strong></span> <span class='ocrx_word' id='word_1_213' title='bbox 1414 3844 1500 3941; x_wconf 86' lang='lat' dir='ltr'><strong>qula</strong></span> <span class='ocrx_word' id='word_1_214' title='bbox 1518 3846 1643 3920; x_wconf 90' lang='lat' dir='ltr'><strong>nullus</strong></span> <span class='ocrx_word' id='word_1_215' title='bbox 1660 3845 1792 3920; x_wconf 89' lang='lat' dir='ltr'><strong>heatus</strong></span> <span class='ocrx_word' id='word_1_216' title='bbox 1808 3845 1969 3922; x_wconf 88' lang='lat' dir='ltr'><strong>hahebat</strong></span> 
     </span>
     <span class='ocr_line' id='line_1_27' title="bbox 796 3964 1969 4062; baseline -0.002 -20"><span class='ocrx_word' id='word_1_217' title='bbox 796 3965 921 4042; x_wconf 87' lang='lat' dir='ltr'><strong>sedern</strong></span> <span class='ocrx_word' id='word_1_218' title='bbox 946 3966 984 4040; x_wconf 90' lang='lat' dir='ltr'><strong>in</strong></span> <span class='ocrx_word' id='word_1_219' title='bbox 1009 3986 1066 4061; x_wconf 88' lang='lat' dir='ltr'><strong>ea,</strong></span> <span class='ocrx_word' id='word_1_220' title='bbox 1090 3966 1155 4042; x_wconf 87' lang='lat' dir='ltr'><strong>sed</strong></span> <span class='ocrx_word' id='word_1_221' title='bbox 1174 3967 1299 4041; x_wconf 84' lang='lat' dir='ltr'><strong>solum</strong></span> <span class='ocrx_word' id='word_1_222' title='bbox 1321 3964 1445 4062; x_wconf 77' lang='lat' dir='ltr'><strong>angeli</strong></span> <span class='ocrx_word' id='word_1_223' title='bbox 1472 3965 1671 4041; x_wconf 87' lang='lat' dir='ltr'><strong>volitabant</strong></span> <span class='ocrx_word' id='word_1_224' title='bbox 1696 3985 1763 4062; x_wconf 90' lang='lat' dir='ltr'><strong>per</strong></span> <span class='ocrx_word' id='word_1_225' title='bbox 1786 3965 1969 4062; x_wconf 82' lang='lat' dir='ltr'><strong>amplissi-</strong></span> 
     </span>
     <span class='ocr_line' id='line_1_28' title="bbox 796 4067 1967 4182; baseline 0.003 -22"><span class='ocrx_word' id='word_1_226' title='bbox 796 4107 896 4161; x_wconf 92' lang='lat' dir='ltr'><strong>mam</strong></span> <span class='ocrx_word' id='word_1_227' title='bbox 913 4087 1063 4180; x_wconf 83' lang='lat' dir='ltr'><strong>aulam3</strong></span> <span class='ocrx_word' id='word_1_228' title='bbox 1082 4087 1180 4163; x_wconf 91' lang='lat' dir='ltr'><strong>unde</strong></span> <span class='ocrx_word' id='word_1_229' title='bbox 1195 4085 1279 4162; x_wconf 82' lang='lat' dir='ltr'><strong>vide</strong></span> <span class='ocrx_word' id='word_1_230' title='bbox 1296 4085 1395 4182; x_wconf 87' lang='lat' dir='ltr'><strong>quod</strong></span> <span class='ocrx_word' id='word_1_231' title='bbox 1420 4084 1488 4162; x_wconf 89' lang='lat' dir='ltr'><strong>istu</strong></span> <span class='ocrx_word' id='word_1_232' title='bbox 1508 4086 1594 4162; x_wconf 91' lang='lat' dir='ltr'><strong>aula</strong></span> <span class='ocrx_word' id='word_1_233' title='bbox 1616 4094 1696 4162; x_wconf 88' lang='lat' dir='ltr'><strong>erat</strong></span> <span class='ocrx_word' id='word_1_234' title='bbox 1713 4067 1818 4182; x_wconf 85' lang='lat' dir='ltr'><strong>quasi</strong></span> <span class='ocrx_word' id='word_1_235' title='bbox 1836 4107 1967 4182; x_wconf 86' lang='lat' dir='ltr'><strong>vacua,</strong></span> 
     </span>
     <span class='ocr_line' id='line_1_29' title="bbox 796 4205 1969 4302; baseline 0.003 -22"><span class='ocrx_word' id='word_1_236' title='bbox 796 4205 983 4301; x_wconf 87' lang='lat' dir='ltr'><strong>quianon</strong></span> <span class='ocrx_word' id='word_1_237' title='bbox 1009 4207 1167 4282; x_wconf 88' lang='lat' dir='ltr'><strong>habehat</strong></span> <span class='ocrx_word' id='word_1_238' title='bbox 1190 4205 1229 4281; x_wconf 94' lang='lat' dir='ltr'><strong>in</strong></span> <span class='ocrx_word' id='word_1_239' title='bbox 1253 4226 1294 4281; x_wconf 89' lang='lat' dir='ltr'><strong>se</strong></span> <span class='ocrx_word' id='word_1_240' title='bbox 1318 4205 1386 4280; x_wconf 91' lang='lat' dir='ltr'><strong>nisi</strong></span> <span class='ocrx_word' id='word_1_241' title='bbox 1416 4205 1612 4282; x_wconf 79' lang='lat' dir='ltr'><strong>familiares</strong></span> <span class='ocrx_word' id='word_1_242' title='bbox 1645 4206 1769 4283; x_wconf 89' lang='lat' dir='ltr'><strong>tideles</strong></span> <span class='ocrx_word' id='word_1_243' title='bbox 1797 4207 1969 4302; x_wconf 85' lang='lat' dir='ltr'><strong>antiquos</strong></span> 
     </span>
     <span class='ocr_line' id='line_1_30' title="bbox 796 4325 1966 4424; baseline 0 -22"><span class='ocrx_word' id='word_1_244' title='bbox 796 4327 940 4418; x_wconf 87' lang='lat' dir='ltr'><strong>domus,</strong></span> <span class='ocrx_word' id='word_1_245' title='bbox 958 4325 1093 4402; x_wconf 88' lang='lat' dir='ltr'><strong>scilicet</strong></span> <span class='ocrx_word' id='word_1_246' title='bbox 1115 4325 1266 4424; x_wconf 80' lang='lat' dir='ltr'><strong>angelos</strong></span> <span class='ocrx_word' id='word_1_247' title='bbox 1291 4325 1356 4422; x_wconf 89' lang='lat' dir='ltr'><strong>qui</strong></span> <span class='ocrx_word' id='word_1_248' title='bbox 1378 4346 1583 4421; x_wconf 89' lang='lat' dir='ltr'><strong>numquam</strong></span> <span class='ocrx_word' id='word_1_249' title='bbox 1600 4327 1843 4404; x_wconf 86' lang='lat' dir='ltr'><strong>deseruerant</strong></span> <span class='ocrx_word' id='word_1_250' title='bbox 1859 4328 1966 4404; x_wconf 91' lang='lat' dir='ltr'><strong>istam</strong></span> 
     </span>
     <span class='ocr_line' id='line_1_31' title="bbox 796 4446 1970 4544; baseline -0.002 -20"><span class='ocrx_word' id='word_1_251' title='bbox 796 4446 1023 4524; x_wconf 89' lang='lat' dir='ltr'><strong>mansionem</strong></span> <span class='ocrx_word' id='word_1_252' title='bbox 1049 4447 1088 4522; x_wconf 90' lang='lat' dir='ltr'><strong>iu</strong></span> <span class='ocrx_word' id='word_1_253' title='bbox 1112 4469 1185 4543; x_wconf 86' lang='lat' dir='ltr'><strong>qua</strong></span> <span class='ocrx_word' id='word_1_254' title='bbox 1211 4466 1358 4543; x_wconf 86' lang='lat' dir='ltr'><strong>semper</strong></span> <span class='ocrx_word' id='word_1_255' title='bbox 1387 4447 1595 4524; x_wconf 84' lang='lat' dir='ltr'><strong>servierunt</strong></span> <span class='ocrx_word' id='word_1_256' title='bbox 1624 4448 1791 4544; x_wconf 85' lang='lat' dir='ltr'><strong>Domino,</strong></span> <span class='ocrx_word' id='word_1_257' title='bbox 1822 4451 1855 4523; x_wconf 84' lang='lat' dir='ltr'><strong>si</strong></span> <span class='ocrx_word' id='word_1_258' title='bbox 1882 4469 1970 4522; x_wconf 86' lang='lat' dir='ltr'><strong>ruc-</strong></span> 
     </span>
     <span class='ocr_line' id='line_1_32' title="bbox 795 4566 1972 4668; baseline 0.004 -27"><span class='ocrx_word' id='word_1_259' title='bbox 795 4590 869 4642; x_wconf 79' lang='lat' dir='ltr'><strong>cesr</strong></span> <span class='ocrx_word' id='word_1_260' title='bbox 891 4570 951 4643; x_wconf 80' lang='lat' dir='ltr'><strong>nrt</strong></span> <span class='ocrx_word' id='word_1_261' title='bbox 972 4575 1091 4644; x_wconf 72' lang='lat' dir='ltr'><strong>voror</strong></span> <span class='ocrx_word' id='word_1_262' title='bbox 1115 4575 1183 4644; x_wconf 79' lang='lat' dir='ltr'><strong>tro.</strong></span> <span class='ocrx_word' id='word_1_263' title='bbox 1209 4566 1247 4644; x_wconf 88' lang='lat' dir='ltr'><strong>Si</strong></span> <span class='ocrx_word' id='word_1_264' title='bbox 1273 4588 1364 4665; x_wconf 78' lang='lat' dir='ltr'><strong>ergo</strong></span> <span class='ocrx_word' id='word_1_265' title='bbox 1391 4573 1430 4642; x_wconf 90' lang='lat' dir='ltr'><strong>tu</strong></span> <span class='ocrx_word' id='word_1_266' title='bbox 1457 4567 1603 4663; x_wconf 90' lang='lat' dir='ltr'><strong>potuisti</strong></span> <span class='ocrx_word' id='word_1_267' title='bbox 1626 4569 1854 4668; x_wconf 75' lang='lat' dir='ltr'><strong>coniungere</strong></span> <span class='ocrx_word' id='word_1_268' title='bbox 1877 4569 1972 4646; x_wconf 88' lang='lat' dir='ltr'><strong>diri·</strong></span> 
     </span>
    </p>
   </div>
   <div class='ocr_carea' id='block_1_3' title="bbox 857 4799 1597 5018">
    <p class='ocr_par' dir='ltr' id='par_1_3' title="bbox 857 4799 1597 5018">
     <span class='ocr_line' id='line_1_33' title="bbox 858 4799 1597 4866; baseline -0.019 -2"><span class='ocrx_word' id='word_1_269' title='bbox 858 4800 887 4864; x_wconf 86' lang='lat' dir='ltr'><strong>l¹l</strong></span> <span class='ocrx_word' id='word_1_270' title='bbox 903 4801 934 4850; x_wconf 77' lang='lat' dir='ltr'><strong>B·</strong></span> <span class='ocrx_word' id='word_1_271' title='bbox 946 4801 1001 4864; x_wconf 74' lang='lat' dir='ltr'><strong>jam</strong></span> <span class='ocrx_word' id='word_1_272' title='bbox 1018 4814 1073 4864; x_wconf 71' lang='lat' dir='ltr'><strong>rer·</strong></span> <span class='ocrx_word' id='word_1_273' title='bbox 1252 4837 1257 4848; x_wconf 85' lang='lat'>.</span> <span class='ocrx_word' id='word_1_274' title='bbox 1344 4799 1373 4865; x_wconf 65' lang='grc' dir='ltr'><strong>ς’)</strong></span> <span class='ocrx_word' id='word_1_275' title='bbox 1389 4800 1420 4852; x_wconf 78' lang='lat' dir='ltr'><strong>n.</strong></span> <span class='ocrx_word' id='word_1_276' title='bbox 1436 4801 1597 4866; x_wconf 51' lang='lat' dir='ltr'><strong>terrenae</strong></span> 
     </span>
     <span class='ocr_line' id='line_1_34' title="bbox 857 4875 1573 4944; baseline 0 -15"><span class='ocrx_word' id='word_1_277' title='bbox 857 4875 886 4944; x_wconf 60' lang='grc' dir='ltr'><strong>(Ἴ</strong></span> <span class='ocrx_word' id='word_1_278' title='bbox 902 4876 933 4928; x_wconf 69' lang='grc' dir='ltr'><strong>Κ</strong></span> <span class='ocrx_word' id='word_1_279' title='bbox 950 4878 1112 4930; x_wconf 75' lang='lat' dir='ltr'><strong>uramendo.</strong></span> <span class='ocrx_word' id='word_1_280' title='bbox 1344 4878 1372 4938; x_wconf 76' lang='lat' dir='ltr'><strong>l⁸l</strong></span> <span class='ocrx_word' id='word_1_281' title='bbox 1389 4877 1419 4930; x_wconf 79' lang='lat' dir='ltr'><strong>E.</strong></span> <span class='ocrx_word' id='word_1_282' title='bbox 1435 4879 1573 4942; x_wconf 66' lang='lat' dir='ltr'><strong>predicte.</strong></span> 
     </span>
     <span class='ocr_line' id='line_1_35' title="bbox 858 4951 1468 5018; baseline 0.005 -15"><span class='ocrx_word' id='word_1_283' title='bbox 858 4951 886 5016; x_wconf 81' lang='lat'><strong>(⁸)</strong></span> <span class='ocrx_word' id='word_1_284' title='bbox 902 4953 933 5002; x_wconf 83' lang='lat' dir='ltr'><strong>lt.</strong></span> <span class='ocrx_word' id='word_1_285' title='bbox 949 4953 1110 5005; x_wconf 73' lang='lat' dir='ltr'><strong>mnlerrorer</strong></span> <span class='ocrx_word' id='word_1_286' title='bbox 1124 4959 1152 5006; x_wconf 79' lang='lat' dir='ltr'><strong>el</strong></span> <span class='ocrx_word' id='word_1_287' title='bbox 1168 4955 1211 5006; x_wconf 82' lang='lat' dir='ltr'><strong>alli</strong></span> <span class='ocrx_word' id='word_1_288' title='bbox 1227 4955 1317 5018; x_wconf 73' lang='lat' dir='ltr'><strong>nach,</strong></span> <span class='ocrx_word' id='word_1_289' title='bbox 1332 4959 1361 5008; x_wconf 85' lang='lat' dir='ltr'><strong>et</strong></span> <span class='ocrx_word' id='word_1_290' title='bbox 1376 4956 1468 5007; x_wconf 82' lang='lat' dir='ltr'><strong>renrtl.</strong></span> 
     </span>
    </p>
   </div>
   <div class='ocr_carea' id='block_1_4' title="bbox 0 0 2432 6642">
    <p class='ocr_par' dir='ltr' id='par_1_4' title="bbox 0 0 2432 6642">
     <span class='ocr_line' id='line_1_36' title="bbox 0 0 2432 6642; baseline 0 0"><span class='ocrx_word' id='word_1_291' title='bbox 0 0 2432 6642; x_wconf 95' lang='lat' dir='ltr'><strong> </strong></span> 
     </span>
    </p>
   </div>
  </div>
 </body>
</html>
