4842 6642
1533 840 1536 844 ·
1574 808 1645 877 387

473 1232 640 1301 CANTUS
663 1231 897 1301 VIGESIMUS
926 1233 1144 1317 SEPTIMUS,
1168 1237 1204 1302 ivo
1231 1257 1291 1321 quo
1313 1238 1485 1304 introducit
1502 1244 1645 1305 candum

533 1376 535 1381 v
550 1346 685 1412 Petrum
699 1345 872 1430 loquentem
883 1351 992 1413 contro
1002 1352 1150 1429 pactores
1162 1348 1313 1431 eccleciae;
1330 1354 1360 1416 et
1373 1350 1541 1433 desevbtio
1552 1371 1644 1417 omae

548 1478 660 1541 spere

544 1700 656 1867 Ac
680 1799 809 1890 padre,
837 1799 876 1871 ol
895 1800 1006 1890 fictio,
1024 1800 1096 1871 olto
1113 1800 1236 1891 muto
1251 1806 1366 1871 conto
1385 1800 1583 1895 Postquam
1604 1802 1641 1877 in

470 1917 720 2011 superioribus
747 1917 862 1991 tribus
888 1917 1053 2015 capitulis
1078 1923 1187 1992 autor
1205 1926 1329 1994 noster
1347 1920 1547 1996 introduxit
1565 1928 1641 1997 tres

468 2037 649 2134 apostolos
681 2038 745 2132 qui
778 2038 1083 2114 examinaverunt
1108 2038 1229 2135 ipsum
1260 2040 1308 2114 de
1340 2040 1469 2135 triplici
1504 2041 1641 2118 virtute

468 2158 691 2256 theologiea;
709 2179 807 2234 nunc
823 2165 1094 2254 consequenter
1110 2160 1146 2234 in
1165 2159 1235 2235 isto
1255 2160 1384 2235 xxviv
1406 2160 1565 2257 capitulo
1583 2162 1640 2236 in-

467 2279 626 2355 troducit
650 2279 812 2375 primum
839 2281 1045 2375 apostolum
1072 2282 1237 2373 Petrum,
1258 2280 1322 2374 qui
1348 2281 1486 2356 invehit
1510 2290 1639 2359 contra

467 2421 697 2477 successores
723 2401 814 2495 eius,
832 2408 870 2475 et
894 2400 1049 2476 ostendit
1075 2401 1261 2496 quomodo
1286 2400 1363 2497 ipse
1388 2408 1499 2477 autor
1524 2404 1639 2499 respi-

462 2522 566 2599 ciens
592 2528 729 2598 terram
757 2528 883 2617 raptus
908 2521 1019 2596 luerit
1043 2521 1090 2598 de
1115 2529 1246 2597 octava
1270 2543 1378 2619 spera
1402 2522 1449 2599 ad
1475 2524 1637 2619 primum

465 2770 626 2858 quatuor
651 2768 773 2858 partes
798 2763 1007 2859 generales,
1034 2761 1071 2836 in
1097 2783 1257 2856 quarum
1292 2764 1410 2859 prima
1435 2771 1546 2839 autor
1571 2763 1638 2840 de-

465 2882 588 2957 scribit
614 2881 833 2958 invectivam
860 2882 958 2958 Petri
982 2882 1192 2979 predictam
1226 2891 1354 2958 contra
1388 2884 1567 2979 prelatos.
1596 2885 1638 2957 ln

463 3003 626 3079 secunda
659 3003 830 3079 describit
862 3003 1113 3079 ascensionem
1148 3002 1260 3077 totius
1288 3002 1473 3080 exercitus
1503 3004 1637 3077 trium-

464 3123 579 3218 phalis
602 3124 649 3199 ad
679 3124 815 3199 coelum
845 3143 1077 3221 empyreum,
1108 3129 1145 3198 et
1177 3123 1415 3199 reflexionem
1446 3124 1505 3198 sul
1536 3124 1637 3199 visus

462 3244 509 3319 ad
535 3251 688 3338 terram,
712 3240 781 3318 vbi:
800 3238 837 3319 Si
860 3250 955 3317 conce
971 3247 1009 3319 di
1025 3246 1161 3336 vapori.
1181 3244 1221 3317 ln
1238 3243 1346 3319 tertia
1366 3243 1524 3319 ostendit
1540 3264 1636 3339 quo-

461 3364 572 3438 modo
598 3364 789 3439 intraverit
804 3355 840 3457 (⁴)
868 3384 955 3439 cum
972 3364 1140 3439 Beatrice
1165 3363 1201 3437 in
1228 3384 1365 3440 nonam
1385 3386 1546 3460 speram,
1566 3364 1634 3438 ibi:

461 3488 513 3557 La
539 3493 649 3559 mente
672 3488 913 3559 inounoorota.
931 3485 972 3558 ln
991 3491 1124 3578 quarta
1142 3491 1178 3559 et
1196 3485 1326 3561 ultima
1344 3485 1528 3561 exclamat
1544 3506 1635 3560 con-

461 3610 519 3681 tra
537 3605 773 3700 cupiditatem
793 3604 1032 3699 mundanam,
1051 3604 1119 3678 ibi:
1144 3607 1376 3697 Ocupidv‘pio.
1395 3604 1449 3679 Ad
1469 3604 1632 3701 primum

461 3745 552 3821 ergo
577 3724 659 3799 dico
685 3725 784 3819 quod
809 3731 919 3800 autor
944 3724 1115 3815 describit
1135 3724 1354 3799 invectivam
1382 3724 1480 3799 Petri
1505 3732 1633 3799 contra

460 3865 692 3920 successores
716 3866 821 3939 snos3
849 3844 912 3920 sed
943 3852 1144 3939 antequam
1177 3846 1245 3919 boc
1270 3844 1391 3938 iaciat,
1416 3844 1635 3919 continuans

461 3986 502 4041 se
526 3966 572 4041 ad
599 3964 852 4061 praecedentia,
883 3966 1040 4041 ostendit
1065 3965 1252 4061 quomodo
1277 3964 1336 4041 illa
1369 3971 1446 4039 tota
1475 3984 1634 4061 congre·

460 4085 560 4183 gatio
586 4092 798 4161 sanctorum
826 4085 936 4181 coepit
962 4086 1115 4162 reddere
1140 4085 1288 4161 laudem
1313 4090 1350 4160 et
1375 4084 1532 4182 gratiam
1553 4084 1634 4159 lri-

462 4206 575 4301 nitati,
601 4213 751 4303 propter
777 4213 974 4283 tractatum
999 4208 1137 4283 lactum
1157 4206 1204 4282 de
1231 4204 1360 4302 triplici
1378 4206 1527 4299 virtute,
1544 4226 1632 4281 cnm

450 4333 560 4401 tanta
592 4326 786 4403 dulcedine
818 4335 948 4403 cantus
980 4328 1079 4422 quod
1115 4327 1279 4423 replebat
1311 4333 1431 4401 totum
1462 4326 1632 4400 animum

457 4447 549 4523 eius.
576 4446 668 4522 Dicit
693 4468 805 4545 ergo:
836 4454 933 4523 Tollo
957 4450 985 4521 u
1005 4450 1191 4541 paradeo,
1209 4447 1311 4541 idest,
1331 4452 1406 4521 tota
1433 4445 1494 4521 illa
1519 4445 1631 4521 turba

458 4566 667 4661 beatorum,
692 4589 778 4663 qnae
803 4568 1064 4643 ostendebatur
1089 4568 1138 4643 ibi
1162 4567 1199 4641 in
1221 4566 1279 4642 illa
1304 4574 1435 4641 octava
1459 4587 1567 4661 spera
1593 4565 1631 4639 in

456 4686 610 4763 diversis
640 4687 840 4783 ordinibus,
876 4680 1055 4783 macrob,
1091 4688 1231 4785 supple,
1267 4688 1632 4780 cenomannum

520 4951 548 5017 (¹)
564 4950 595 5004 Β.
612 4950 717 5003 lntmvlt
733 4964 794 5002 cum
809 4950 928 5003 Benuloe
943 4952 970 5003 ln
986 4964 1053 5003 none
1069 4964 1153 5017 spera,
1169 4952 1213 5004 lbl.
