4842 6642
842 811 915 878 trs
1235 823 1441 880 cousnruu
1464 823 1632 878 cananisr

840 969 960 1045 centia
987 974 1042 1045 est
1067 970 1104 1044 in
1129 969 1273 1068 magnis
1297 970 1504 1066 sumptibus
1525 969 1619 1044 sicut
1637 968 1834 1046 liberalitas
1865 972 1902 1045 in
1932 993 2018 1068 par-

840 1089 916 1183 vis3
938 1097 975 1165 et
996 1091 1065 1165 hoc
1083 1091 1140 1166 iac
1158 1091 1340 1185 usquead
1358 1089 1505 1166 finalem
1523 1090 1664 1166 exitum
1683 1090 1767 1165 vitae
1787 1112 1898 1186 meae3
1919 1093 2017 1168 uude

838 1208 944 1284 dicit:
970 1201 1001 1282 si
1024 1211 1085 1283 cte
1108 1213 1265 1284 tunimo
1290 1213 1362 1284 ario
1381 1213 1547 1305 ctcsotto
1572 1213 1633 1284 troi
1655 1231 1761 1302 cono,
1778 1211 1882 1307 idest,
1900 1234 2014 1307 quam

841 1331 977 1407 sanasti
1000 1333 1050 1408 ab
1075 1332 1287 1409 infirmitate
1312 1333 1527 1430 ignorantiae
1553 1332 1803 1428 elvitiorum,
1830 1353 1914 1427 quae
1939 1333 2015 1407 duo

840 1454 1003 1528 maxime
1021 1448 1206 1527 infirinant
1223 1453 1397 1547 animam,
1412 1459 1449 1529 et
1466 1459 1662 1528 enervant:
1679 1454 1792 1528 homo
1806 1453 1906 1528 enim
1927 1473 2015 1528 eum

839 1573 885 1648 sit
902 1573 1137 1668 imperfectus
1154 1573 1272 1648 tribus
1293 1574 1398 1648 malis
1417 1573 1610 1669 premitur,
1629 1572 1775 1668 scilicet,
1796 1573 2014 1670 ignorantia,

840 1694 927 1768 vitio
944 1702 982 1770 et
998 1693 1212 1791 indigentia3
1231 1695 1294 1770 sed
1312 1695 1508 1792 indigentia
1527 1693 1661 1791 premit
1677 1715 1828 1790 corpus3
1848 1695 1906 1769 illa
1925 1715 2014 1770 vero

838 1815 915 1889 duo
940 1814 1124 1909 animam;
1150 1819 1182 1889 si
1206 1819 1346 1890 disnodr'
1370 1819 1435 1890 dol
1448 1837 1572 1908 corpo,
1590 1815 1694 1908 idest,
1712 1822 1905 1911 separetur
1923 1823 2016 1891 tem·

841 1956 932 2032 pore
958 1937 1097 2031 mortis,
1119 1941 1277 2030 piscante
1300 1958 1324 2009 a
1350 1943 1394 2031 te,
1418 1936 1504 2031 quia
1529 1936 1664 2011 scilicet
1693 1935 1820 2012 lecerit
1844 1936 2015 2012 mandata

843 2064 920 2132 tua.
934 2098 985 2112 —
1000 2050 1087 2132 cosi.
1113 2057 1179 2133 llic
1202 2065 1313 2132 autor
1339 2057 1440 2152 pouit
1456 2056 1630 2132 effectum
1657 2077 1733 2132 suae
1760 2057 1951 2152 orationis3
1978 2064 2016 2133 et

844 2177 1007 2254 breviter
1032 2179 1112 2253 vult
1136 2177 1260 2252 dicere
1286 2177 1383 2272 quod
1409 2176 1557 2252 Beatrir
1588 2177 1790 2271 acceptavit
1821 2176 2018 2272 gratitudi-

845 2318 931 2372 nem
957 2305 996 2373 et
1021 2298 1307 2395 recognitionem
1325 2297 1475 2372 autoris.
1495 2294 1598 2372 Unde
1614 2295 1832 2371 continuans
1849 2295 1944 2371 dicta
1961 2295 2018 2370 di-

847 2418 982 2513 cendis,
1008 2417 1112 2494 dicit:
1139 2423 1181 2492 lo
1204 2420 1288 2492 oroi
1310 2411 1394 2512 cosi,
1424 2417 1559 2492 scilicet
1583 2418 1786 2492 secundum
1813 2417 2015 2512 suprascri-

845 2545 944 2634 ptam
972 2538 1143 2630 immam,
1169 2559 1189 2610 e
1213 2540 1327 2631 quello
1351 2529 1382 2610 si
1407 2540 1565 2630 lontano,
1593 2557 1689 2610 come
1709 2557 1838 2630 pareo,
1867 2540 2013 2627 sorrue,

844 2658 949 2753 quasi
962 2658 1182 2755 gratulando
1195 2656 1427 2753 gratitudinis
1442 2676 1574 2750 meae,c
1586 2659 1856 2748 medardense,
1866 2655 1913 2732 ad
1925 2675 2013 2731 con·

846 2779 1069 2856 firmandum
1096 2799 1158 2854 me
1182 2777 1220 2851 in
1245 2777 1312 2853 ista
1338 2777 1475 2872 optima
1496 2777 1750 2874 dispositione3
1776 2784 1814 2852 et
1833 2775 1935 2852 dicit:
1953 2780 2016 2870 poi

842 2893 1002 2975 sitornd
1031 2902 1091 2974 ait
1103 2907 1224 2974 eterno
1250 2904 1414 2992 fontano,
1440 2898 1585 2993 scilicet,
1609 2888 1663 2973 'ad
1694 2898 2013 2993 contemplandam

842 3020 1079 3113 divinitatem,
1105 3041 1127 3104 a
1153 3019 1259 3094 cuius
1285 3018 1385 3095 sonte
1413 3018 1566 3094 scaturit
1599 3019 1718 3095 omnis
1749 3018 1898 3116 largitas
1928 3039 2015 3115 gra·

843 3140 993 3214 tiarum.

917 3262 985 3332 E'l
998 3265 1101 3333 sunto
1118 3264 1215 3333 Sene.
1242 3260 1312 3333 Ista
1334 3265 1389 3333 cst
1405 3265 1538 3355 quarta
1555 3265 1593 3334 et
1611 3259 1738 3336 ultima
1757 3280 1841 3355 pars
1856 3278 2014 3356 genera-

844 3379 886 3454 lis
899 3373 951 3473 (¹),
977 3379 1014 3452 in
1039 3400 1115 3474 qua
1139 3385 1249 3454 autor
1275 3379 1430 3454 ostendit
1455 3377 1641 3473 quomodo
1663 3379 1781 3454 dictus
1807 3378 2015 3455 Bernardus

843 3499 1067 3594 persuaserit
1092 3498 1159 3573 sibi
1184 3499 1514 3574 considerationem
1547 3499 1656 3572 huius
1688 3498 1803 3595 regni,
1829 3505 1871 3572 ut
1896 3504 2016 3594 posset

844 3617 984 3694 facilius
1008 3619 1203 3715 pervenire
1227 3619 1275 3694 nd
1300 3619 1532 3715 praesentiam
1559 3619 1669 3716 regis,
1687 3620 1869 3696 mediante
1895 3620 2014 3718 gratia

843 3747 881 3815 ct
906 3740 1034 3816 lavore
1061 3740 1208 3838 regina.
1235 3741 1279 3814 ut
1303 3740 1350 3815 ad
1375 3740 1569 3816 clariorem
1593 3740 1866 3838 intelligentiam
1892 3741 2015 3838 dicen·

843 3860 977 3935 dorum
1003 3867 1059 3937 est
1076 3861 1134 3935 hic
1155 3859 1446 3956 praenotandum‚
1465 3860 1565 3955 quod
1586 3867 1694 3935 autor
1710 3861 1825 3936 ductu
1844 3861 2015 3938 Beatricis

844 3982 1038 4076 hucusque
1063 3980 1150 4056 ridit
1175 4001 1305 4056 omnes
1325 3981 1470 4056 ordines
1496 3981 1691 4056 beatorum
1720 3989 1758 4058 et
1782 3982 2013 4079 angelorum,

844 4109 882 4177 et
911 4121 1060 4176 omnem
1096 4102 1252 4177 sormam
1277 4099 1443 4198 paradisi
1476 4101 1514 4174 in
1548 4102 1729 4198 generali:
1761 4123 1860 4177 nunc
1888 4110 2013 4178 autem

843 4232 1064 4298 asoensmus
1088 4222 1135 4298 ad
1160 4221 1319 4298 tribuual
1345 4221 1474 4297 aeterni
1500 4221 1596 4318 regis
1626 4243 1700 4297 non
1728 4222 1804 4297 fidit
1829 4243 1897 4298 neo
1922 4243 2017 4319 prae-

844 4342 957 4417 sumit
981 4363 1087 4438 posse
1112 4342 1307 4438 pervenire
1332 4342 1379 4417 ad
1408 4341 1498 4416 illud
1529 4341 1595 4416 nisi
1629 4341 1813 4418 mediante
1842 4342 2018 4419 interces-

845 4463 953 4539 sione*
978 4463 1101 4540 liariae
1116 4455 1173 4557 (²):
1213 4461 1295 4538 ideo
1326 4461 1598 4558 elegantissime
1632 4461 1829 4538 introducit
1868 4463 2017 4538 beatum

847 4583 1088 4679 Bernardum,
1114 4583 1178 4679 qui
1203 4573 1488 4676 commended)
1516 4603 1605 4658 eum
1632 4582 1689 4657 isti
1722 4583 1871 4679 rcginae,
1899 4590 1940 4657 ut
1964 4583 2018 4658 di·

910 4815 938 4879 l')
954 4816 985 4866 E.
1001 4816 1128 4881 generalis
1143 4816 1221 4866 huius
1237 4815 1351 4879 capituli,
1368 4815 1394 4864 in
1411 4828 1469 4878 qua.

908 4891 937 4957 Γ)
953 4895 983 4946 Ε.
1000 4894 1112 4958 Virginis
1127 4907 1230 4957 semper
1246 4893 1336 4944 illaria
1353 4892 1447 4957 regine
1463 4887 1558 4943 nostra
1574 4895 1776 4957 pretiosissime:
1793 4895 1859 4946 ideo.

910 4969 937 5033 (Ἴ
953 4971 984 5021 u
1000 4971 1197 5022 recommendat
1211 4981 1272 5020 eum
1288 4969 1373 5022 eidem
1389 4969 1494 5034 regine.
