4842 6642
735 884 874 941 CANTUS
899 887 1091 943 vtousmtus
1116 887 1287 944 OCTAVUS.
1529 880 1598 945 ll!

427 1029 568 1105 bonum
594 1035 631 1105 et
658 1050 773 1103 unum
800 1038 1070 1106 convertuntur
1094 1033 1181 1127 Deo,
1208 1033 1272 1128 qui
1306 1034 1439 1110 merito
1466 1034 1605 1109 dicitur

428 1172 524 1226 unns
550 1156 618 1225 etc.
646 1150 689 1223 Et
714 1149 817 1224 dicit:
851 1172 870 1223 c
902 1154 1028 1246 quello,
1063 1153 1209 1247 scilicet,
1244 1154 1416 1250 circulus,
1451 1174 1541 1233 ovea
1567 1156 1604 1228 io

422 1266 829 1379 datumoptimum,
856 1272 958 1367 idest,
986 1275 1187 1368 puriorem,
1213 1278 1270 1348 cui
1294 1296 1372 1349 men
1400 1279 1541 1349 distorre
1566 1278 1605 1348 io

422 1395 548 1487 [aidila
570 1412 678 1485 pora,
704 1392 807 1487 idest,
833 1414 855 1467 a
882 1414 957 1487 quo
984 1394 1105 1469 minus
1135 1395 1291 1470 distabat
1322 1403 1480 1492 punctus
1506 1416 1604 1491 pre·

424 1512 542 1587 dictus
568 1512 871 1609 flagrantissimus
902 1520 939 1588 et
973 1514 1202 1609 purissimus,
1234 1517 1304 1590 boc
1335 1522 1392 1593 est
1417 1536 1523 1589 mens
1546 1515 1603 1589 di·

427 1633 521 1708 vina.
549 1634 592 1706 Et
617 1632 776 1729 assignat
803 1634 982 1708 rationem
1000 1655 1129 1729 quare,
1151 1635 1295 1709 dicens:
1315 1639 1421 1709 credo
1435 1628 1524 1729 perd
1540 1638 1604 1709 cde

424 1750 486 1849 piri
509 1757 668 1828 dinoera
693 1757 730 1827 di
754 1758 810 1847 lei,
834 1755 936 1849 idest,
955 1756 1073 1852 magis
1098 1756 1311 1831 accenditur
1336 1757 1395 1831 illa
1412 1758 1546 1851 darilla,
1564 1764 1604 1831 et

428 1878 509 1971 plus
533 1875 719 1971 cognoscit
744 1875 789 1949 de
815 1875 875 1950 illa
902 1882 1040 1951 aeterna
1063 1882 1099 1951 et
1117 1876 1408 1952 incommutabili
1434 1876 1601 1951 veritate.

428 1997 471 2070 Et
496 1996 554 2071 hic
580 2002 666 2070 nota
692 1996 791 2090 quod
817 1996 1044 2070 contrarium
1064 1996 1174 2070 estin
1194 1997 1341 2073 circulis
1359 1999 1604 2092 naturalibus,

428 2118 522 2192 sicut
539 2118 575 2190 in
593 2116 707 2211 operis
733 2118 1000 2192 elementorum
1022 2122 1058 2190 et
1075 2117 1275 2212 coelorum;
1293 2118 1458 2194 similiter
1481 2120 1517 2193 in
1541 2142 1605 2194 ar-

429 2237 644 2332 tilicialibus,
670 2238 765 2311 sicut
792 2237 959 2311 videmus
985 2238 1022 2311 in
1047 2238 1250 2335 horologio.

501 2364 553 2433 La
570 2362 691 2434 donno
707 2362 788 2431 mia.
812 2361 881 2434 ista
902 2364 957 2433 est
977 2358 1137 2434 secunda
1160 2380 1244 2454 pars
1260 2360 1454 2455 generalis,
1473 2359 1510 2431 in
1529 2378 1603 2453 qua

427 2488 536 2555 autor
561 2480 720 2576 disputat
747 2500 858 2553 unam
886 2480 1126 2573 quaestionem
1149 2479 1246 2554 circa
1268 2486 1410 2553 motum
1429 2478 1600 2552 ordinum

427 2602 670 2697 angelorum3
697 2606 735 2673 et
768 2598 887 2694 primo
918 2598 996 2671 vult
1021 2598 1111 2672 dare
1141 2598 1290 2696 intelligi
1323 2599 1422 2693 quod
1455 2599 1493 2671 in
1526 2598 1603 2694 ipso

426 2726 602 2818 generata
630 2727 684 2795 est
710 2720 888 2794 dubitatio
914 2725 951 2795 et
985 2719 1178 2793 admiratio
1210 2720 1256 2794 de
1288 2727 1389 2795 motu
1416 2720 1603 2816 angelica·

428 2862 512 2916 rum
541 2862 746 2938 sperarum.
766 2840 818 2914 Ad
836 2841 943 2916 cuius
961 2840 1235 2935 intelligentiam
1254 2846 1309 2915 est
1325 2842 1488 2916 breviter
1505 2862 1603 2936 prae-

428 2963 643 3055 notandum,
659 2962 756 3057 quod
769 2968 879 3036 antor
898 2962 1075 3037 miranter
1085 2957 1121 3055 (¹)
1137 2962 1327 3036 dubitabat
1345 2962 1482 3056 videus,
1500 2961 1601 3056 quod

429 3090 552 3159 motus
578 3083 723 3158 illarum
755 3103 949 3178 sperarum
974 3089 1056 3156 erat
1080 3082 1287 3156 contrarius
1309 3083 1424 3156 motui
1455 3082 1518 3177 qui
1546 3082 1602 3155 ri-

427 3204 536 3280 detur
574 3205 632 3280 bic
671 3204 830 3278 inferius.
872 3203 1046 3277 Videmus
1072 3203 1168 3277 enim
1197 3202 1414 3277 sensibiliter
1445 3202 1601 3297 quodsi

428 3326 552 3420 plures
577 3324 716 3417 circuli,
743 3345 904 3418 qnorum
932 3344 1029 3396 unns
1054 3324 1239 3397 contineat
1255 3324 1427 3417 alterum,
1447 3344 1603 3398 moven-

427 3452 488 3519 tur
514 3444 610 3519 circa
636 3464 754 3517 unum
781 3450 951 3517 centrum
977 3443 1180 3537 aequaliter,
1206 3443 1305 3537 quod
1331 3444 1493 3518 circulus
1518 3464 1602 3518 ma·

425 3564 479 3662 gis
505 3564 639 3637 distans
665 3585 687 3638 a
713 3569 841 3639 centro
868 3562 997 3637 lortius
1031 3570 1202 3638 movetur
1229 3585 1340 3658 quam
1368 3565 1429 3638 ille
1454 3564 1517 3657 qui
1544 3570 1600 3637 est

426 3685 588 3779 vicinior,
604 3690 644 3758 nt
659 3692 732 3760 tam
747 3684 819 3760 cito
837 3686 1018 3779 complent
1035 3706 1145 3758 sunm
1165 3691 1328 3779 motum3
1343 3692 1381 3760 et
1398 3692 1454 3760 est
1469 3705 1601 3761 exem·

425 3806 525 3901 plum
546 3805 714 3880 naturale
730 3806 767 3878 in
787 3812 866 3878 rota
883 3825 1029 3897 corrue,
1049 3805 1134 3898 quia
1154 3804 1315 3879 velocior
1340 3810 1495 3901 apparet
1519 3806 1601 3879 eius

425 3932 547 4000 motus
573 3926 609 3999 in
639 3925 937 4000 circumferentia
973 3946 1085 4019 quam
1118 3925 1153 3998 in
1190 3927 1294 4000 stello
1309 3918 1360 4020 (²),
1386 3926 1490 4019 idest,
1515 3946 1598 4001 are.

424 4047 526 4123 Unde
547 4046 691 4120 Beatrin
721 4044 845 4119 videns
871 4051 1041 4119 autorem
1061 4046 1096 4119 in
1116 4046 1183 4121 ista
1201 4046 1455 4141 admiratione,
1473 4046 1520 4121 ad
1539 4067 1598 4122 re·

427 4166 649 4241 movendum
676 4166 795 4261 ipsum
821 4166 981 4262 assignat
1009 4166 1200 4261 rationem,
1220 4188 1338 4261 quare
1361 4167 1523 4242 circulus
1544 4167 1600 4241 vi-

426 4287 541 4362 cinior
567 4293 700 4381 puncto
726 4286 898 4381 prredicto
918 4286 1001 4361 iacit
1019 4286 1242 4362 velociorem
1262 4294 1405 4361 motum
1424 4286 1600 4379 secundo,

425 4414 462 4483 et
487 4406 670 4481 secundus
696 4406 804 4482 tertio
829 4412 867 4480 et
893 4405 944 4480 sic
969 4406 1015 4480 de
1040 4406 1131 4481 abts.
1150 4407 1193 4480 Et
1213 4406 1299 4481 dicit
1323 4406 1424 4500 quod
1451 4406 1520 4481 boc
1544 4412 1602 4481 est

426 4528 513 4624 quia
538 4533 593 4602 est
620 4527 736 4623 magis
762 4527 896 4623 ignitus
921 4546 1057 4622 amore
1077 4526 1214 4621 puncti,
1232 4526 1369 4602 scilicet
1390 4526 1601 4621 liciaque

425 4648 605 4745 dependet
630 4649 764 4722 coelum
793 4655 830 4721 et
855 4653 929 4722 tota
959 4654 1102 4721 natura.
1129 4646 1235 4721 Nunc
1259 4668 1351 4744 ergo
1384 4647 1430 4722 ad
1455 4646 1599 4723 literam

426 4769 511 4845 dicit
536 4775 663 4843 autor:
684 4772 735 4841 Lo
760 4770 881 4841 donno
898 4771 983 4858 mio,
1002 4766 1148 4861 scilieet,
1170 4766 1329 4862 Beatrin,
1349 4769 1410 4843 cire
1426 4771 1475 4841 mi
1492 4770 1600 4841 vedeo

429 4938 688 4946 -——---——
713 4939 728 4943 —
1089 4938 1135 4943 —
1450 4938 1598 4948 .-—-..

489 5032 517 5094 (¹)
533 5032 558 5082 S.
575 5033 730 5083 mirabiliter
746 5034 886 5084 dubitabat.
1075 5031 1102 5094 ι’)
1120 5034 1150 5083 Ε.
1167 5034 1194 5083 in
1210 5034 1299 5095 ocello,
1317 5034 1391 5095 idest,
1408 5046 1477 5085 uere.
