4842 6642
768 885 906 942 caurus
931 888 1122 944 urnusruus
1145 885 1330 941 summus.
1559 874 1631 941 aar

460 1038 568 1107 vocat
581 1031 758 1125 areolam,
772 1030 874 1123 idest,
889 1052 1042 1125 parvam
1059 1052 1185 1107 aream
1200 1031 1295 1105 sicut
1310 1031 1487 1127 scriptum
1502 1039 1559 1108 est
1571 1052 1636 1105 su·

458 1171 524 1247 pra
541 1150 714 1247 capitulo,
729 1150 790 1225 ubi
810 1150 918 1225 dixit:
931 1153 956 1225 t’
969 1155 1088 1225 aiaota
1112 1154 1173 1226 cire
1189 1155 1278 1246 cisa
1294 1159 1391 1227 tanto
1407 1152 1548 1245 superbi
1560 1158 1631 1227 etc.

457 1276 509 1347 ιιι·
528 1275 616 1367 sora
635 1267 699 1366 piri
724 1274 931 1365 discoperto,
957 1272 1104 1366 scilicet,
1130 1253 1262 1347 uersus
1286 1272 1479 1367 orientem,
1496 1272 1563 1348 sed
1578 1272 1634 1347 sol

460 1393 681 1490 impediebat
707 1393 792 1487 quia
820 1400 1022 1469 recesserat
1049 1413 1123 1467 uno
1148 1392 1253 1490 signo
1278 1398 1316 1468 et
1340 1393 1433 1488 plus,
1453 1392 1633 1467 sciliceta

462 1534 535 1608 me,
558 1514 615 1589 vel
639 1514 687 1589 ab
712 1513 872 1607 oriente;
900 1513 997 1589 unde
1021 1513 1125 1588 dicit:
1152 1534 1211 1587 rna
1236 1517 1265 1587 n
1286 1516 1529 1606 sotprorcden
1544 1518 1634 1587 sota>

458 1638 475 1711 i
498 1636 578 1708 miei
607 1636 702 1727 pirdi
730 1636 864 1727 partito
889 1654 937 1709 nn
960 1654 1069 1725 capno
1094 1628 1209 1729 epiri,
1240 1634 1328 1729 quia
1359 1634 1415 1708 sol
1443 1632 1490 1708 de
1521 1652 1634 1707 mane

461 1763 544 1833 erat
569 1755 607 1829 in
630 1754 748 1831 ariete
772 1762 810 1830 et
834 1754 911 1849 ipsc
936 1754 972 1827 in
998 1754 1103 1851 signo
1126 1754 1382 1851 geminorum:
1408 1761 1446 1829 et
1469 1752 1634 1848 loquitur

460 1876 509 1953 de
534 1875 682 1951 residuo
705 1874 855 1951 orientis
881 1874 980 1969 quod
1006 1875 1162 1951 babebat
1186 1876 1405 1951 discurrere.

537 2002 589 2069 La
613 2002 724 2071 mento
747 1998 985 2101 innumerata.
1012 1998 1081 2072 ista
1108 2004 1162 2071 est
1188 1995 1295 2072 tertia
1326 2017 1410 2092 pars
1437 1994 1633 2091 generalis,

461 2116 499 2193 in
524 2137 599 2212 qua
624 2123 736 2192 autor
758 2114 932 2191 describit
957 2136 1066 2191 suum
1092 2134 1287 2192 ascensum
1317 2116 1365 2191 ad
1395 2136 1540 2212 speram
1568 2135 1634 2191 no·

462 2258 567 2330 uam3
593 2242 631 2311 et
656 2235 777 2331 primo
801 2234 972 2311 describit
997 2256 1102 2312 suam
1129 2236 1361 2311 affectionem
1386 2256 1476 2333 erga
1494 2235 1635 2310 Bactri-

460 2376 556 2452 cem,
576 2357 719 2433 dicens:
738 2360 790 2431 La
811 2366 933 2450 mente,
953 2358 1087 2433 scilicet
1114 2377 1209 2452 mea,
1226 2360 1468 2449 innumerata,
1485 2357 1634 2451 scilicet,

461 2478 509 2555 de
527 2476 718 2572 Beatrice3
745 2478 843 2555 unde
867 2478 972 2555 dicit:
999 2481 1059 2553 cte
1089 2482 1242 2572 dannan,
1278 2479 1380 2574 idest,
1409 2480 1633 2573 dominatur,

462 2618 530 2673 con
555 2602 591 2673 ta
616 2602 689 2673 mia
713 2600 836 2675 donna
859 2618 1009 2693 senprc,
1034 2602 1148 2673 ardea
1170 2594 1232 2693 piri
1256 2601 1316 2673 cde
1340 2604 1425 2692 nai,
1450 2600 1553 2694 idest,
1571 2620 1634 2675 ar

462 2718 608 2795 dendus
624 2717 863 2812 desiderabat,
883 2722 922 2793 di
939 2722 1044 2795 ridar
1060 2722 1113 2811 pti
1128 2722 1224 2793 ocati
1237 2722 1289 2793 ad
1303 2740 1382 2795 essa
1390 2747 1407 2814 ;
1421 2722 1516 2795 solet
1532 2721 1631 2798 anim

462 2844 573 2917 autor
597 2846 816 2915 convertere
840 2839 959 2915 visum
985 2840 1031 2915 ad
1057 2840 1260 2917 Beatricem
1288 2842 1435 2937 quando
1465 2840 1546 2916 vult
1576 2841 1633 2915 in-

464 2960 569 3058 gredi
596 2980 730 3035 novam
757 2959 970 3055 materiam3
996 2960 1077 3037 ideo
1102 2960 1198 3057 dicit,
1225 2962 1323 3057 quod
1356 2982 1456 3038 nunc
1485 2962 1634 3058 optabat

462 3082 545 3177 plus
569 3098 683 3175 quarn
711 3099 875 3173 unquam
902 3080 1093 3189 optaverit,
1112 3083 1306 3176 bucusque
1325 3082 1516 3181 inteiligas,
1544 3082 1633 3177 quia

462 3200 637 3277 continuo
662 3200 793 3277 crescit
819 3200 898 3276 eius
922 3220 1031 3277 amor
1056 3210 1094 3277 et
1117 3202 1351 3297 desiderium,
1368 3203 1486 3279 donec
1502 3224 1634 3301 perre-

462 3320 558 3397 nerit
581 3320 628 3397 ad
653 3320 764 3397 finem
790 3320 970 3416 omnium,
988 3321 1026 3395 in
1043 3343 1119 3417 quo
1135 3323 1260 3397 omnia
1272 3317 1310 3416 (¹)
1328 3322 1507 3399 desideria
1528 3322 1634 3418 quie-

461 3447 598 3515 tantur.
611 3480 662 3495 -
674 3445 707 3513 a
723 3462 760 3515 se
780 3448 922 3515 nunna.
945 3440 1010 3517 llic
1026 3447 1137 3517 autor
1155 3442 1313 3518 ostendit
1332 3443 1481 3537 qualem
1503 3442 1635 3518 viderit

463 3562 577 3658 ipsam
604 3561 821 3656 beatricem,
848 3570 885 3637 et
909 3561 1079 3638 describit
1096 3562 1177 3637 eius
1194 3562 1535 3639 excellentissimam
1553 3563 1635 3657 pul-

351 3742 357 3753 .
459 3682 681 3759 critudinem
712 3702 779 3778 per
808 3683 1120 3778 comparationem
1150 3682 1402 3781 pulcritudinis
1427 3683 1633 3759 formarum

462 3802 771 3902 pulcerrimarum
799 3802 1022 3879 naturalium
1049 3809 1087 3879 et
1110 3802 1368 3897 artificialium,
1386 3804 1510 3879 dicens
1530 3824 1635 3879 com-

463 3923 652 4020 paratione
678 3944 752 3998 non
781 3942 862 3999 esse
890 3922 1049 4020 dignam.
1076 3922 1168 3999 Dicit
1193 3944 1302 4021 ergo:
1328 3929 1362 3998 Ε
1388 3945 1427 3997 ιι
1455 3930 1634 3997 narona
1786 3952 1790 3963 ·

462 4051 541 4119 arte
570 4048 606 4139 sc
639 4051 796 4138 pastura,
835 4044 937 4139 idest,
971 4038 1245 4142 pulcritudines,
1274 4047 1311 4119 in
1347 4064 1459 4119 carrae
1486 4064 1632 4134 marta,

463 4166 557 4241 sicut
581 4165 618 4239 in
646 4165 802 4240 muliere
818 4163 977 4259 vivente,
994 4186 1017 4239 o
1033 4168 1121 4241 nette
1135 4186 1197 4239 sne
1209 4169 1353 4261 pitture,
1371 4166 1465 4241 sicut
1488 4165 1526 4241 in
1548 4186 1635 4240 mu-

462 4286 552 4363 liere
576 4286 672 4383 picta
697 4288 757 4361 vcl
783 4286 943 4382 sculpta3
963 4293 1001 4361 et
1017 4286 1122 4361 dicit:
1140 4288 1188 4359 da
1202 4288 1338 4379 ptptiar
1355 4288 1452 4361 occdi
1463 4308 1531 4380 per
1546 4308 1634 4361 acer

462 4411 500 4483 ta
525 4419 648 4499 mnne,
674 4407 759 4503 quia
777 4428 886 4483 amor
904 4406 1032 4482 transit
1049 4426 1114 4502 per
1130 4408 1259 4482 oculos
1274 4407 1321 4482 ad
1338 4406 1519 4500 animam,
1530 4406 1635 4481 unde

462 4528 656 4605 Salomon:
689 4528 824 4604 mulier
854 4534 980 4603 autem
1012 4526 1079 4602 viri
1107 4528 1308 4623 pretiosam,
1331 4526 1494 4603 animam
1527 4526 1635 4623 capit.

463 4651 507 4725 Et
533 4656 619 4725 nola
646 4649 743 4744 quod
770 4656 880 4724 autor
904 4648 1101 4723 benefacit
1120 4648 1431 4744 comparationem
1452 4646 1637 4743 primodo

462 4771 580 4846 iorma
612 4768 783 4863 naturali,
809 4767 970 4843 secundo
995 4768 1184 4863 artificiali,
1209 4769 1296 4862 quia
1317 4774 1450 4843 natura
1471 4768 1636 4843 mulieris

525 5030 553 5095 (¹)
569 5032 599 5083 E.
616 5032 742 5083 omnium.
