4842 6642
810 825 949 884 murus
974 827 1165 882 rueramus
1189 827 1334 882 ramus
1581 813 1651 882 279

478 970 557 1044 istu
580 971 733 1046 animae:
760 974 853 1066 polae
878 973 988 1048 etiam
1016 981 1102 1048 sunt
1121 993 1209 1048 aves
1232 975 1388 1050 humiles
1414 982 1451 1050 et
1476 977 1593 1072 planae
1618 983 1654 1052 et

479 1093 528 1167 ita
552 1092 687 1167 anima
713 1093 1038 1189 contemplantium
1055 1087 1093 1187 (¹)
1119 1101 1188 1170 etc.

552 1218 585 1285 E
606 1215 687 1305 quet
709 1215 770 1285 cte
790 1233 926 1306 presso.
945 1215 1015 1288 lsta
1041 1220 1097 1288 est
1119 1215 1281 1290 secunda
1302 1237 1386 1310 pars
1407 1215 1588 1312 generalis
1601 1206 1654 1309 (²),

477 1334 514 1406 in
541 1353 615 1426 qua
640 1338 751 1407 autor
777 1332 975 1408 introducit
996 1355 1113 1408 uuum
1131 1334 1300 1429 spiritum
1317 1335 1543 1431 singularem
1564 1355 1654 1410 con-

481 1453 746 1548 templativum,
772 1454 832 1529 cui
859 1461 984 1530 movet
1008 1454 1131 1550 aliqua
1155 1454 1279 1530 dubia.
1297 1456 1351 1531 Ad
1372 1456 1478 1532 cuius
1504 1457 1652 1532 eviden-

482 1575 569 1648 tiam
595 1581 652 1648 est
675 1574 942 1669 praesciendum
967 1575 1064 1670 quod
1083 1575 1150 1650 iste
1166 1575 1314 1671 spiritus
1332 1576 1398 1651 luit
1415 1577 1565 1671 quidam
1584 1579 1654 1653 Pe-

482 1703 561 1770 trus
585 1695 785 1770 Damianus
809 1695 866 1770 vir
892 1703 990 1770 totus
1014 1697 1318 1794 contemplativus
1335 1705 1372 1773 ct
1395 1698 1652 1794 speculatum,

481 1815 545 1911 qui
570 1815 690 1910 primo
715 1815 821 1890 duxit
845 1815 958 1891 vitam
985 1817 1250 1892 sanctissimam
1282 1819 1319 1891 in
1347 1819 1510 1911 heremo,
1543 1825 1580 1894 et
1614 1817 1651 1892 in

480 1944 672 2013 senectute
705 1937 824 2012 lactus
857 1944 913 2012 est
950 1937 1144 2012 cardinalis
1172 1946 1242 2014 etc.
1273 1939 1355 2013 Fuit
1380 1945 1506 2015 autem
1533 1938 1651 2016 dictus

478 2057 611 2132 Petrus
636 2059 683 2132 de
708 2057 947 2133 Romandiola
973 2058 1019 2133 de
1050 2058 1197 2133 civitate
1225 2059 1411 2134 Ravennae
1426 2049 1462 2152 (³)
1494 2060 1551 2134 vel
1583 2060 1652 2134 Fa-

478 2177 623 2272 rentiae,
647 2177 755 2253 cuius
779 2198 915 2273 corpus
934 2179 1035 2274 jacet
1061 2177 1096 2252 in
1122 2178 1270 2253 civitais
1290 2178 1485 2272 Faventiae‚
1503 2179 1567 2253 ubi
1585 2181 1652 2255 ha·

477 2298 590 2373 betur
607 2297 645 2372 in
663 2318 798 2396 magna
815 2298 1021 2392 devotione,
1040 2299 1077 2372 in
1095 2305 1263 2375 extremo
1277 2299 1431 2375 civitatis
1444 2300 1481 2374 in
1499 2300 1650 2375 ecclesia

478 2439 564 2514 quae
588 2418 721 2496 dicitur
749 2419 881 2495 Sancta
911 2420 1034 2495 Maria.
1068 2421 1154 2496 ldeo
1187 2420 1283 2496 bene
1316 2428 1426 2496 autor
1458 2421 1653 2496 introducit

479 2560 568 2615 eum
594 2540 654 2616 liic
680 2541 717 2614 iu
742 2562 849 2638 spera
875 2540 1145 2635 Saturnalium3
1171 2548 1209 2616 et
1235 2542 1353 2637 primo
1378 2539 1548 2616 describit
1573 2541 1653 2614 eius

479 2680 671 2736 accessum
696 2668 734 2736 et
757 2661 983 2758 singularem
1008 2661 1307 2758 gratulationem,
1333 2661 1475 2736 dicens:
1501 2667 1534 2736 E
1562 2663 1653 2754 puel,

480 2780 630 2875 scilicet,
655 2781 794 2875 lumen,
811 2783 871 2855 clte
895 2783 928 2854 ci
950 2784 1134 2854 siritcmm
1150 2776 1212 2874 pici
1224 2803 1349 2876 presso
1374 2784 1407 2854 si
1427 2773 1505 2875 fust
1523 2783 1646 2856 cliaro

481 2903 580 2976 ct’io
602 2904 920 2995 compensando,
948 2902 1095 2996 scilicet,
1121 2901 1157 2976 in
1184 2909 1308 2978 mente
1334 2922 1437 2976 mea:
1464 2904 1499 2974 io
1528 2904 1650 2992 veppio

480 3022 545 3096 deu
569 3023 1073 3117 commerciacum,
1097 3022 1200 3117 quasi
1220 3021 1334 3097 dicat:
1353 3023 1447 3096 bene
1464 3021 1650 3116 perpendo

479 3142 676 3237 specialem
699 3142 929 3218 allectionem
956 3165 1070 3237 quam
1094 3141 1254 3216 ostendis
1280 3141 1381 3236 milii,
1402 3141 1489 3236 quia
1514 3139 1649 3214 scilicet
1707 3201 1709 3206 ,

480 3265 534 3338 ris
560 3271 600 3338 ut
625 3283 805 3358 queram.
819 3303 868 3316 -
882 3267 944 3336 llo
969 3266 1093 3356 pulla.
1111 3263 1176 3336 Hic
1192 3270 1303 3337 autor
1322 3263 1478 3338 ostendit
1498 3282 1651 3358 suspeu-

478 3384 619 3459 sionem
643 3383 814 3460 desiderii
838 3384 907 3477 sui,
933 3384 1020 3478 quia
1045 3403 1092 3458 ea
1119 3403 1194 3456 una
1219 3390 1324 3478 parte
1342 3383 1402 3458 ille
1417 3383 1564 3478 spiritus
1584 3403 1650 3478 per

477 3504 625 3600 signnm
643 3503 827 3578 'invimbat
851 3523 939 3580 eum
964 3503 1011 3577 ad
1036 3502 1249 3598 petendum,
1267 3522 1313 3576 er
1334 3503 1404 3578 alia
1431 3509 1534 3598 parte
1559 3502 1651 3578 Bea-

478 3624 548 3698 trix
574 3645 649 3698 non
675 3622 883 3699 licentiabat
908 3623 1051 3720 ipsum3
1077 3621 1176 3696 unde
1199 3620 1304 3696 dicit:
1327 3627 1389 3694 llo
1409 3625 1534 3715 pirella,
1555 3621 1648 3696 scili-

477 3751 548 3838 cet,
573 3744 732 3839 Beatrix,
758 3746 888 3818 oud'io
912 3747 940 3818 it
961 3763 1059 3818 oomc
1081 3764 1101 3815 c
1127 3745 1156 3816 il
1178 3744 1335 3834 quando,
1365 3742 1467 3837 idest,
1494 3743 1646 3818 modum

473 3870 515 3938 et
540 3871 697 3960 tempus,
721 3867 780 3939 det
802 3867 881 3940 dira
904 3886 923 3937 e
950 3867 1009 3939 det
1038 3871 1153 3940 locere
1182 3865 1215 3936 si
1242 3869 1311 3953 sto,
1337 3862 1483 3958 scilicet,
1517 3863 1649 3958 media,

402 3970 404 3973 ’
477 3982 574 4058 inter
598 3984 789 4059 ailirmare
813 3991 851 4060 et
875 4003 1026 4081 negare,
1050 3987 1132 4058 ond
1144 3985 1180 4056 io
1208 3985 1249 4076 fo
1281 3983 1345 4056 deu
1375 3985 1474 4058 citio
1497 4005 1570 4058 nou
1595 3987 1650 4058 di·

478 4107 625 4196 mnudo,
658 4105 746 4198 quia
784 4124 888 4180 eram
920 4105 1059 4200 positus
1095 4105 1167 4178 sub
1202 4103 1283 4178 eius
1314 4103 1533 4198 ohedientia,
1565 4125 1650 4178 cou-

478 4227 577 4299 tro'l
598 4228 703 4317 dt'sr'o,
723 4225 826 4320 idest,
844 4233 971 4301 contra
997 4224 1218 4300 desiderium
1247 4245 1384 4317 meum,
1407 4225 1469 4319 qui
1490 4226 1648 4300 multum

475 4345 730 4421 desiderabam
751 4327 856 4441 'loqui
882 4346 933 4420 illi
957 4345 1102 4440 anime,
1128 4365 1213 4439 quae
1239 4345 1432 4422 ridebatur
1457 4352 1585 4441 sponte
1610 4366 1650 4422 se

475 4464 614 4540 olierre
639 4466 727 4540 milri
745 4487 819 4541 non
837 4473 978 4563 rogata,
999 4484 1074 4540 non
1092 4465 1278 4560 requisita.
1290 4507 1339 4520 -
1351 4467 1473 4539 Perct'
1485 4469 1563 4539 etto.
1585 4465 1649 4540 Hic

473 4592 585 4660 autor
610 4586 769 4662 ostendit
793 4585 979 4682 quomodo
1004 4587 1152 4660 Beatrix
1179 4584 1419 4662 licentiaverit
1434 4573 1469 4678 ι’)
1493 4606 1579 4661 eum
1599 4585 1649 4660 sio

537 4883 565 4945 l')
580 4883 612 4934 E.
628 4883 846 4948 contemplativa.
1039 4878 1068 4944 (¹)
1084 4881 1115 4932 E.
1131 4880 1260 4946 generalis
1276 4883 1352 4934 huius
1368 4882 1484 4946 capituli.
1500 4883 1526 4932 ln
1542 4895 1601 4946 qna.

538 4957 566 5023 (Ἴ
580 4959 613 5010 E.
627 4959 767 5024 hum,
783 4961 858 5012 cutus
872 4972 977 5022 corpus.
1039 4956 1067 5019 ι’)
1083 4957 1114 5008 R
1129 4957 1279 5008 licentiavit.
1289 4983 1320 4997 -
1329 4957 1354 5010 S.
1371 4959 1556 5010 licentiarerat.
