4842 6642
807 853 877 919 aad
1198 860 1403 916 comanron
1429 862 1593 914 rnnnmsr

804 1014 865 1086 ote
885 1012 1082 1083 teniverso
1108 1029 1131 1080 o
1157 1010 1227 1081 Dio
1250 1012 1292 1103 so
1315 1009 1535 1101 simtptiante,
1563 1010 1815 1080 strammmm
1839 1010 1889 1080 do
1914 1009 1977 1097 toi,

804 1132 908 1225 idest,
934 1134 1166 1206 memoratur
1194 1129 1242 1203 ab
1273 1128 1334 1203 itio
1367 1128 1505 1225 pictore
1530 1135 1681 1222 aterno,
1716 1128 1811 1203 siout
1842 1128 1977 1203 animai

805 1258 1081 1327 monstruosum
1107 1256 1163 1325 est
1187 1250 1326 1325 habens
1352 1249 1468 1324 muita
1493 1248 1622 1344 capita.
1656 1249 1816 1325 Advorte
1846 1250 1913 1325 hic.
1930 1290 1980 1305 -

806 1375 957 1446 L'attro.
978 1371 1041 1444 Hic
1058 1376 1168 1445 autor
1188 1369 1344 1444 ostendit
1364 1370 1550 1465 quomodo
1568 1370 1675 1465 primi
1692 1370 1840 1465 spiritus
1857 1370 1979 1446 incor-

805 1497 1031 1589 poraverunt
1057 1510 1097 1565 se
1122 1490 1296 1586 praedicto
1312 1491 1416 1588 signo
1432 1490 1582 1585 aquiiae3
1601 1489 1699 1565 unde
1716 1489 1821 1564 dicit:
1841 1493 1978 1564 L'ottro

804 1613 990 1703 beatitudo,
1013 1610 1117 1705 idest,
1135 1610 1265 1705 primae
1289 1609 1423 1684 animae
1447 1610 1577 1704 beatae,
1594 1630 1690 1705 quae,
1708 1609 1898 1707 designant
1923 1614 1974 1700 Μ,

804 1733 881 1807 sive
914 1752 999 1827 quae
1033 1736 1211 1807 steterant
1248 1750 1361 1825 super
1391 1735 1451 1824 M;
1481 1728 1580 1805 unde
1611 1729 1716 1804 dicit:
1751 1732 1812 1803 ote
1839 1751 1978 1823 pareva

804 1860 963 1927 mutante
988 1854 1236 1943 d'inpipliorsi
1260 1854 1455 1942 addemme,
1482 1850 1584 1943 idest,
1605 1850 1786 1925 formandi
1800 1843 1838 1943 (¹)
1865 1850 1912 1925 de
1936 1872 1977 1923 se

802 1972 947 2049 literam
975 1977 1024 2065 M,
1051 1992 1136 2068 qoae
1165 1974 1275 2047 habet
1310 1971 1468 2070 figuram
1494 1971 1567 2066 iiiii,
1593 1966 1724 2063 sepum
1755 1974 1977 2066 timprenm,

804 2093 906 2187 idest,
933 2093 1208 2188 impressionem
1242 2092 1337 2166 iiiios
1352 2084 1390 2185 (¹)
1419 2092 1563 2187 aquitae,
1597 2100 1635 2167 et
1668 2093 1752 2167 iecit
1786 2092 1975 2168 residuum

802 2212 949 2309 aquilae,
975 2211 1121 2307 scilicet,
1147 2213 1237 2305 aias,
1260 2212 1381 2308 pedes,
1407 2220 1445 2287 et
1469 2213 1639 2307 caudam,
1665 2219 1706 2286 ut
1732 2221 1832 2309 patet
1856 2214 1915 2289 tric
1940 2221 1978 2288 et

802 2334 838 2408 in
865 2332 1040 2429 principio
1070 2332 1256 2428 sequentis
1285 2332 1444 2427 capituli,
1474 2354 1542 2407 oon
1570 2354 1661 2426 poco
1690 2341 1796 2428 moto,
1828 2334 1974 2427 scilicet,

801 2453 975 2528 deorsum
1002 2473 1042 2527 se
1068 2452 1303 2527 conformans
1327 2452 1507 2548 superiori
1533 2452 1628 2547 parti
1652 2453 1796 2548 aquiiae.

880 2575 1034 2648 Odoloe
1056 2575 1165 2646 stella.
1193 2573 1264 2648 Ista
1289 2580 1344 2648 est
1369 2579 1501 2669 quarta
1527 2579 1564 2648 et
1591 2573 1719 2648 uitima
1746 2594 1830 2667 pars
1860 2592 1975 2670 gene·

803 2694 901 2789 ralis,
916 2694 952 2768 in
969 2713 1042 2789 qua
1061 2702 1170 2769 autor
1189 2693 1421 2789 reprehendit
1437 2694 1516 2767 ilios
1533 2693 1597 2788 qui
1615 2694 1818 2790 impediunt
1829 2694 1972 2790 justum

803 2815 969 2911 regimen
987 2816 1175 2909 saecotare,
1189 2822 1227 2890 et
1243 2815 1328 2889 iacit
1344 2814 1592 2910 precationem
1606 2814 1652 2889 ad
1661 2813 1839 2910 justitiam
1854 2814 1976 2891 omni·

802 2935 957 3030 potentis
982 2934 1093 3030 lovis,
1118 2956 1203 3031 quae
1228 2934 1506 3009 administratur
1530 2953 1598 3029 per
1622 2933 1763 3029 lovem,
1784 2934 1887 3028 idest,
1910 2954 1976 3029 per

801 3055 1026 3129 influentiam
1048 3056 1146 3130 Jovis
1160 3046 1210 3149 (³),
1231 3063 1273 3128 ot
1291 3055 1481 3151 provideat
1499 3053 1598 3152 genti
1616 3075 1701 3151 qnae
1717 3061 1817 3130 vetat
1829 3056 1972 3151 justum

802 3174 967 3270 regimen
989 3176 1026 3249 in
1050 3175 1205 3268 mundo;
1225 3181 1261 3249 et
1280 3176 1397 3271 primo
1415 3175 1602 3269 premittit
1619 3175 1717 3269 qood
1729 3175 1869 3271 justitia
1888 3195 1975 3270 pro-

800 3295 906 3369 cedat
925 3296 974 3370 ab
992 3296 1180 3371 influentia
1206 3296 1315 3371 Jovis.
1342 3294 1445 3371 Unde
1469 3294 1556 3370 dioit
1575 3295 1805 3370 exclamans:
1832 3298 1976 3369 Odotce

802 3417 914 3507 stetta,
945 3415 1046 3509 idest,
1080 3416 1227 3512 planeta
1258 3416 1356 3490 iovis
1380 3416 1571 3508 benevole,
1604 3414 1668 3508 qui
1698 3415 1902 3511 appellatur
1926 3416 1974 3490 ab

799 3534 992 3631 astrologis
1022 3535 1170 3610 iortuna
1206 3536 1335 3628 maior,
1361 3538 1457 3628 paoli
1486 3543 1662 3627 equanto
1692 3555 1839 3626 pemmo,
1872 3516 2000 3628 idest,¹

799 3657 929 3750 quales
959 3664 997 3732 et
1029 3664 1120 3753 quot
1144 3657 1278 3731 animae
1302 3657 1483 3752 pretiosae,
1510 3656 1612 3749 idest,
1640 3675 1751 3751 quam
1782 3657 1913 3732 iucidae
1938 3664 1975 3731 et

799 3796 915 3871 quam
942 3778 1080 3871 muitae,
1099 3780 1148 3849 mi
1163 3780 1416 3871 dimostroron,
1438 3776 1584 3868 scilicet,
1606 3796 1672 3871 per
1693 3796 1822 3851 vocem
1844 3782 1974 3851 cantus

799 3902 836 3972 et
859 3917 927 3992 per
952 3897 1171 3993 scripturam
1200 3898 1406 3990 literarum,
1424 3916 1537 3991 quam
1564 3895 1803 3992 designabant
1827 3897 1887 3990 ibi,
1913 3898 1971 3971 vei

798 4036 864 4111 per
891 4016 1050 4113 figuram
1078 4018 1211 4113 aquilae
1236 4037 1371 4113 eorpus
1396 4017 1666 4112 componebant
1691 4016 1751 4111 ibi,
1768 4018 1829 4090 ote
1849 4024 1972 4090 nostra

797 4141 973 4229 piastizio,
999 4138 1144 4233 scilieet,
1171 4138 1369 4231 mundana,
1394 4142 1449 4211 sto
1475 4142 1585 4229 effecto
1610 4140 1847 4212 actaeone
1863 4146 1899 4211 tu
1914 4140 1972 4211 in-

797 4264 951 4350 oemme!
975 4258 1079 4351 idest,
1104 4278 1222 4354 sperae
1250 4257 1396 4333 Joviaiis
1427 4277 1541 4352 quam
1569 4263 1609 4330 tu
1635 4277 1804 4332 exornas.
1818 4263 1970 4331 -Per·

797 4380 904 4452 oit’io.
932 4378 997 4452 Hic
1021 4386 1131 4452 autor
1156 4386 1301 4453 ostensa
1329 4380 1467 4453 virtute
1494 4379 1592 4452 Jovis
1611 4377 1697 4453 iacit
1714 4399 1819 4452 suam
1840 4377 1972 4472 depre-

796 4498 976 4573 cationem
992 4498 1132 4573 dicens:
1148 4501 1269 4573 Perot'
1281 4503 1329 4590 io,
1344 4498 1446 4594 idest,
1461 4499 1547 4594 quia
1564 4498 1616 4573 sic
1630 4498 1809 4594 justitiam
1827 4519 1970 4592 causas,

798 4618 889 4712 ideo,
911 4640 1025 4712 propo
1056 4623 1092 4693 ta
1126 4628 1249 4710 mmte,
1275 4620 1422 4714 seilicet,
1447 4620 1620 4714 divinam,
1653 4622 1691 4692 in
1714 4622 1775 4693 ote
1799 4626 1858 4692 tuo
1878 4629 1971 4693 neoto

795 4742 825 4812 s'
837 4741 959 4829 iniria,
977 4738 1078 4831 idest,
1097 4740 1192 4834 capit
1214 4740 1368 4834 initium,
1386 4762 1406 4813 e
1425 4748 1484 4813 toa
1511 4744 1635 4813 virtttte
1653 4741 1711 4815 vei
1730 4761 1809 4830 sua,
1822 4738 1971 4831 seilicet,

802 4879 955 4886 —-..—.

835 4880 844 4885 -
859 4926 887 4988 t')
902 4926 928 4977 S.
943 4880 1109 4978 informandi.
1118 4954 1148 4966 -
1157 4927 1187 4978 Ε.
1204 4926 1317 4978 formam
1333 4928 1464 4979 dieentem
1479 4928 1512 4978 do
1527 4940 1563 4977 ne.

859 4998 888 5063 (¹)
904 5001 934 5053 E·
951 5002 1032 5052 istim·
1343 5000 1371 5065 i')
1387 5002 1417 5055 Ε.
1433 5003 1513 5067 tpntm
1528 5002 1608 5054 toris.
