4842 6642
781 877 919 943 clusus
945 878 1101 941 uectatus
1126 880 1256 934 ucuus.
1531 868 1603 944 243

429 1021 626 1101 dubitabile
643 1028 680 1099 et
698 1022 877 1117 mirabile,
895 1044 920 1099 u
937 1026 1029 1102 celui
1045 1025 1105 1097 cde
1121 1026 1149 1097 s'
1163 1026 1357 1115 assoldatis
1373 1044 1483 1115 mccc,
1501 1023 1605 1119 idest,

429 1141 476 1223 illi
502 1143 565 1237 qui
591 1143 773 1223 subtiliter
799 1150 954 1221 conatur
979 1143 1200 1241 investigare
1228 1142 1407 1219 rationem
1434 1165 1527 1219 meae
1538 1146 1605 1242 ju·

430 1263 544 1357 stitiae,
571 1263 708 1345 scilicet
732 1264 874 1359 divinae,
901 1284 985 1359 quae
1013 1264 1175 1340 maxime
1198 1264 1338 1339 relucet
1363 1264 1400 1338 in
1427 1286 1498 1367 me,
1516 1287 1553 1341 se
1569 1268 1606 1344 lu

430 1387 596 1465 reddare
620 1405 731 1477 sopra
757 1387 1038 1479 misculasse,
1066 1384 1170 1480 quasi
1196 1383 1311 1459 dicat:
1338 1383 1367 1457 si
1393 1405 1466 1459 ucn
1493 1386 1606 1463 babe-

433 1503 518 1583 relis
543 1502 713 1583 Sanctam
732 1496 770 1596 (¹)
796 1504 1036 1599 scripturam,
1064 1524 1147 1598 quae
1179 1505 1286 1578 dccet
1320 1525 1386 1578 ves
1419 1506 1606 1598 quemodo

434 1623 602 1703 voluutas
627 1624 691 1699 Dei
717 1630 774 1699 est
798 1644 945 1719 semper
966 1625 1079 1719 justa,
1096 1632 1133 1701 et
1151 1624 1250 1718 qued
1277 1644 1350 1697 non
1376 1631 1432 1699 est
1456 1625 1606 1709 investi-

433 1744 552 1839 ganda
567 1745 661 1821 ratic
678 1745 770 1840 eius,
784 1751 821 1821 et
834 1746 947 1840 beue;
967 1766 1050 1820 nam
1069 1744 1193 1821 audivi
1210 1745 1408 1839 aliquande
1425 1745 1606 1823 famulum

435 1864 543 1943 unius
568 1866 705 1943 demini
732 1866 834 1961 parvi
861 1866 1041 1945 dicentem
1063 1866 1188 1943 alteri:
1211 1886 1285 1941 nen
1304 1872 1406 1961 petas
1428 1867 1607 1944 rationem

435 1986 581 2081 quaudo
607 1986 777 2061 domiuus
803 1988 901 2081 vult3
928 1988 1043 2064 imme
1068 1988 1317 2061 communiter
1340 1987 1514 2062 dicimus:
1542 1987 1609 2063 dc·

436 2107 524 2183 mini
550 2108 645 2183 bene
671 2108 791 2183 sciunt
816 2108 903 2203 quid
930 2109 1087 2204 laciuut;
1114 2109 1219 2184 nubis
1243 2130 1316 2183 neu
1335 2107 1418 2183 licet
1439 2127 1611 2202 quaercre

438 2229 627 2309 rationem.
654 2230 818 2307 Sufficiat
845 2250 935 2327 ergo
960 2230 1059 2325 quud
1086 2230 1256 2309 veluntas
1281 2228 1345 2303 llci
1365 2229 1466 2324 justa
1488 2235 1555 2323 est,
1573 2235 1611 2311 et

436 2350 534 2444 qued
561 2371 633 2425 ncrr
661 2356 778 2445 polest
803 2371 885 2427 esse
910 2372 984 2425 uon
1003 2351 1115 2446 justa.
1130 2391 1179 2409 --
1197 2355 1228 2425 0
1244 2355 1384 2423 terreni.
1404 2348 1467 2423 llic
1486 2348 1611 2443 aquila

437 2490 597 2565 arguens
624 2472 825 2551 humanam
857 2471 1114 2568 ignerantiam,
1140 2469 1295 2546 ostendit
1326 2469 1424 2564 qued
1455 2478 1510 2545 est
1541 2470 1611 2546 im·

438 2590 606 2689 possibile
631 2593 749 2667 Deum
776 2613 849 2667 nen
875 2612 956 2669 esse
981 2612 1129 2687 semper
1149 2592 1306 2687 justum,
1332 2589 1454 2665 dicens
1486 2589 1610 2665 excla-

441 2718 603 2791 manter:
634 2716 811 2789 olerent
836 2715 993 2804 animali,
1014 2712 1117 2805 idest,
1138 2711 1346 2787 chumines
1365 2709 1520 2785 terrenis
1545 2708 1611 2785 de-

439 2830 514 2925 diti,
536 2852 558 2905 c
578 2837 683 2905 menti
705 2854 842 2926 cresse,
862 2825 992 2928 quae(¹)
1013 2832 1174 2927 quaeritis
1201 2831 1380 2907 rationem
1407 2831 1445 2904 in
1469 2830 1611 2925 dirime,

442 2970 508 3027 uec
532 2952 628 3030 scitis
656 2954 818 3049 reperire
844 2953 956 3049 ipsam
985 2953 1021 3027 in
1048 2952 1215 3027 terrenis.
1242 2952 1285 3025 ut
1310 2972 1398 3027 ecce
1422 2950 1610 3047 quemodo

442 3092 534 3147 saue
559 3073 733 3168 quaeritis,
760 3074 845 3168 quia
872 3077 909 3149 lc
923 3077 1044 3166 prim
1061 3063 1202 3149 cclcntd
1225 3069 1309 3147 cl’d
1328 3094 1395 3165 per
1419 3068 1459 3146 se*
1481 3074 1610 3163 dcccc,

441 3192 585 3290 scilicet,
611 3194 781 3272 veluntas
798 3195 931 3288 divina,
950 3214 1034 3288 quae
1056 3200 1111 3269 est
1128 3214 1173 3268 ex
1192 3214 1233 3269 se
1250 3194 1348 3268 bcna
1366 3214 1438 3268 nen
1464 3194 1512 3267 ab
1529 3192 1613 3289 alic,

440 3314 533 3395 sicut
558 3321 703 3389 caeterae
738 3314 955 3409 voluntates,
981 3318 1055 3388 mci
1085 3334 1158 3389 nen
1186 3318 1220 3387 si
1247 3334 1360 3387 messe
1388 3316 1438 3387 dc
1466 3310 1506 3387 se*
1532 3310 1617 3391 ct’e'

439 3436 693 3527 commedere,
720 3442 757 3509 et
774 3456 840 3531 per
865 3455 1094 3529 consequens
1112 3454 1319 3527 numquam
1348 3433 1415 3507 luit
1441 3454 1509 3511 nec
1535 3454 1616 3509 esse

442 3562 558 3650 polest
584 3556 650 3635 uisi
677 3557 770 3633 berra
798 3564 836 3633 et
855 3557 967 3652 justa.
993 3554 1096 3631 Unde
1121 3554 1261 3629 subdit:
1282 3562 1420 3627 colante
1445 3548 1614 3647 delicto,

442 3683 571 3767 macuto
588 3697 612 3747 α
629 3680 673 3751 lei
687 3698 888 3770 causacum
909 3683 947 3751 et
971 3674 1053 3751 ideo
1073 3675 1196 3749 nullus
1212 3674 1324 3749 babet
1341 3694 1490 3748 causam
1505 3675 1616 3769 justae

443 3796 615 3889 querelae,
633 3796 803 3890 quamvis
820 3794 988 3871 videatur
1013 3795 1209 3889 aliquando
1237 3794 1370 3869 iniuste
1395 3794 1488 3888 pati3
1511 3795 1616 3869 cuius

446 3914 622 3993 rationem
650 3916 821 4012 assignat,
847 3916 990 3991 diceus:
1017 3918 1112 3989 rullo
1128 3922 1248 3988 crecta
1264 3915 1347 3989 berte
1366 3936 1390 3987 a
1406 3912 1446 3988 sd
1469 3916 1506 3987 la
1531 3918 1614 4009 lira,

445 4036 530 4131 quia
557 4038 655 4113 Deus
681 4044 870 4131 tamquam
897 4036 1056 4111 creditor
1083 4036 1170 4110 nibil
1194 4036 1305 4111 debet
1333 4042 1528 4130 creaturae,
1553 4034 1617 4111 sed

446 4159 565 4253 petius
591 4178 613 4233 e
638 4178 817 4233 muversc
842 4157 961 4232 omnis
981 4164 1152 4233 creatura
1179 4164 1235 4231 est
1259 4156 1326 4231 sibi
1346 4156 1514 4251 debitrix,
1532 4155 1617 4249 quia

447 4279 583 4375 recepit
607 4279 656 4355 ab
681 4300 727 4358 eo
752 4280 866 4376 gratis
887 4278 1061 4374 quicquid
1079 4286 1146 4373 est,
1166 4279 1224 4353 vel
1242 4278 1369 4372 babet;
1391 4276 1488 4351 unde
1513 4276 1617 4351 dicit:

447 4422 505 4476 ritu
524 4422 615 4493 essa,
631 4401 777 4494 scilicet,
793 4402 962 4478 voluntas
974 4400 1106 4494 diviua,
1121 4404 1274 4492 cuyicnc
1285 4403 1346 4492 lai,
1367 4399 1470 4493 idest,
1492 4406 1620 4474 causat

446 4520 565 4615 ipsum
592 4522 731 4595 benum
757 4529 938 4615 creatum,
963 4519 1083 4597 dendo
1108 4520 1174 4595 sibi
1201 4540 1293 4597 esse.
1320 4522 1381 4595 Est
1407 4521 1505 4597 euim
1525 4520 1620 4595 sicut

447 4639 581 4737 figulus
594 4640 657 4736 qui
672 4640 756 4717 lacit
771 4662 886 4715 ucrrm
902 4662 967 4716 vas
979 4640 1025 4717 ed
1043 4640 1263 4735 balsamum,
1279 4662 1396 4716 unum
1415 4640 1461 4715 cd
1479 4640 1620 4735 oleum,

447 4760 546 4837 aliud
560 4760 606 4837 ad
620 4766 772 4853 stercus,
787 4761 930 4837 utrinam
950 4767 988 4837 et
1003 4766 1165 4854 sputum.
1183 4762 1225 4835 ut
1241 4762 1293 4838 sic
1309 4760 1440 4858 collige
1457 4760 1555 4856 quud
1573 4780 1622 4839 ex

511 5019 538 5081 l'l
555 5020 586 5074 E.
602 5019 717 5077 Sacram.
904 5022 932 5087 ι’)
947 5020 978 5073 u„
995 5034 1053 5087 quo
1069 5020 1167 5073 scillcet
1184 5023 1309 5086 quadus.
