4842 6642
815 829 887 897 286
1206 841 1412 898 ecmannum
1437 843 1602 896 nnnnnrsi

815 987 1050 1084 telligentiam
1076 993 1133 1062 est
1152 987 1418 1082 praesciendum
1437 987 1536 1082 quod
1554 987 1621 1062 iste
1638 985 1769 1061 Petrus
1785 985 1986 1060 Damianos

812 1108 1016 1183 construxit
1032 1109 1107 1182 duo
1125 1107 1258 1182 nobilia
1276 1107 1516 1200 monasteria3
1536 1105 1709 1182 nnumin
1727 1112 1851 1180 monte
1864 1105 1987 1200 Apen-

813 1229 900 1303 nino
925 1229 962 1302 in
987 1229 1147 1324 quadam
1173 1230 1256 1323 alpe
1280 1228 1455 1304 altissima
1488 1228 1583 1304 inter
1617 1226 1814 1302 biarchiam
1845 1231 1882 1300 et
1912 1228 1986 1313 Tu,-

814 1350 940 1444 sciam,
971 1349 1066 1425 inter
1096 1348 1281 1424 civitatem
1311 1349 1469 1446 Eugubii
1499 1355 1537 1424 et
1567 1355 1706 1424 terram
1739 1368 1823 1442 quae
1855 1329 1986 1422 dicitur

814 1471 848 1544 la
880 1470 1043 1567 Pergola.
1077 1471 1129 1544 lbi
1155 1471 1254 1545 enim
1279 1477 1337 1546 est
1363 1469 1470 1546 bodie
1496 1467 1760 1545 monasterium
1792 1467 1890 1561 quod
1920 1488 1985 1562 ap·

815 1589 970 1684 pellatur
1001 1598 1069 1665 etc.
1097 1590 1196 1665 Fecit
1231 1597 1268 1665 et
1299 1589 1398 1665 aliud
1433 1589 1554 1664 nobile
1590 1587 1853 1666 monasterinm
1888 1586 1985 1682 apud
2038 1671 2043 1682 ,
2175 1663 2179 1671 ,

814 1709 1026 1784 Ravennam
1053 1709 1153 1805 quod
1177 1711 1383 1806 appellatur
1409 1710 1541 1788 Sancta
1557 1708 1670 1782 blaria
1686 1707 1724 1781 in
1742 1708 1867 1800 Portu,
1887 1707 1985 1802 quod
2022 1769 2026 1776 .

814 1829 921 1904 distat
944 1831 992 1904 ab
1024 1831 1100 1927 ipsa
1131 1831 1279 1907 civitate
1309 1851 1376 1928 per
1411 1831 1480 1904 tria
1507 1829 1674 1904 milliaria
1699 1835 1768 1904 etc.
1803 1829 1908 1904 Nunc
1939 1829 2003 1905 ad'

814 1951 970 2046 literam,
996 1959 1106 2030 autor
1131 1953 1251 2048 primo
1276 1951 1445 2028 describit
1472 1951 1633 2046 primum
1660 1933 1794 2024 locum.
1821 1949 1910 2026 Vide
1944 1951 1986 2025 li·

815 2079 932 2146 teram
947 2080 984 2148 et
995 2094 1150 2169 expone,
1164 2094 1248 2168 quac
1259 2065 1294 2166 (⁴)
1310 2077 1366 2148 est
1377 2071 1564 2168 ambigua,
1579 2077 1616 2146 et
1632 2091 1654 2145 a
1672 2071 1798 2145 multis
1811 2091 1985 2166 perverse

813 2193 987 2286 exposita.
1013 2196 1123 2287 Sacri,
1156 2193 1248 2269 idest
1280 2192 1412 2268 montis
1445 2191 1634 2288 Apennini,
1658 2212 1794 2282 rurpon
1827 2200 1886 2266 tro
1916 2195 1985 2266 duo

783 2315 864 2452 fiili
886 2315 922 2386 d’
934 2315 1053 2406 ltalia,
1072 2313 1219 2408 scilicet,
1237 2314 1334 2388 inter
1352 2333 1455 2388 mare
1473 2313 1690 2408 tyrrhenum
1710 2312 1787 2388 sive
1807 2312 1931 2407 leonis,
1950 2319 1986 2388 et

814 2451 919 2507 mare
934 2425 971 2524 (¹)
997 2433 1227 2510 adriaticum.
1252 2433 1306 2508 Ad
1332 2433 1430 2528 quod
1457 2439 1544 2508 nota
1569 2431 1669 2526 quod
1693 2431 1793 2507 ltalia
1825 2440 1880 2508 est
1911 2438 1985 2509 mu

815 2554 933 2627 insula
959 2561 1206 2649 praeterquam
1240 2574 1285 2630 ex
1321 2574 1395 2629 una
1430 2559 1536 2649 parte
1560 2559 1704 2628 tautum
1730 2573 1860 2630 versus
1888 2553 1985 2628 occi·-

814 2673 983 2768 dcntem3
1009 2681 1047 2748 et
1073 2694 1179 2748 mons
1206 2674 1419 2770 Apenninus
1448 2673 1574 2752 dividit
1606 2695 1689 2750 eam
1724 2694 1791 2770 per
1821 2676 1984 2770 longum,

817 2801 854 2868 ct
879 2792 1083 2868 circumdat
1107 2799 1145 2869 et
1169 2794 1305 2869 claudit
1329 2815 1415 2870 cum
1442 2795 1584 2890 alpibus
1609 2794 1685 2869 suis
1709 2815 1756 2870 ex
1782 2801 1886 2890 parte
1911 2815 1984 2889 qua

816 2933 888 2988 non
914 2921 971 2988 est
995 2914 1124 3007 insula,
1151 2914 1214 2988 ubi
1240 2914 1341 2989 ltalia
1373 2914 1546 2989 dividitur
1571 2935 1592 2990 a
1619 2915 1732 2990 Gallia
1766 2921 1803 2989 ei
1831 2915 1984 2990 Germa-

816 3034 886 3108 nia.
900 3033 944 3108 Et
956 3032 1059 3108 dicit:
1074 3041 1184 3127 tuoto,
1200 3035 1339 3130 supple,
1358 3041 1527 3132 surgunt,
1545 3037 1605 3108 clre
1620 3037 1718 3109 assui
1732 3037 1746 3108 i
1758 3037 1866 3126 tuoni,
1883 3034 1985 3127 idest,

817 3154 932 3227 multa
958 3153 1132 3248 tonitrua,
1157 3175 1296 3228 morcon
1316 3151 1379 3248 piri
1405 3156 1511 3245 omri,
1538 3154 1641 3248 idest,
1662 3155 1762 3249 quod
1788 3155 1902 3228 mulia
1929 3161 1985 3228 to-

815 3272 938 3347 nitrua
962 3272 1055 3348 fiunt
1080 3274 1116 3348 in
1142 3294 1231 3350 acre
1258 3274 1349 3349 inira
1376 3295 1555 3352 cacumen
1581 3275 1675 3350 illius
1701 3275 1845 3351 montis.
1872 3275 1985 3372 Regio

815 3393 913 3468 eninr
937 3393 1034 3468 acris
1060 3393 1123 3469 ubi
1152 3401 1380 3490 generantur
1411 3395 1571 3470 tonitrua
1601 3395 1710 3470 distat
1740 3416 1764 3470 a
1794 3393 1985 3490 superlicio

815 3524 926 3590 terre
950 3535 1016 3609 per
1039 3515 1154 3590 stadia
1180 3516 1384 3610 sexdecim3
1412 3522 1448 3591 et
1472 3516 1575 3594 dicit:
1597 3539 1616 3590 r
1635 3537 1705 3590 nou
1723 3519 1829 3590 molto
1846 3518 1988 3590 domnii
2052 3527 2055 3532 ’

814 3638 888 3710 olio
914 3642 974 3709 tuo
994 3639 1130 3730 patrio,
1159 3635 1306 3730 scilicet,
1325 3635 1506 3712 Florentia
1525 3638 1583 3712 vel
1600 3636 1742 3712 Tuscia.
1762 3635 1882 3712 Debes
1895 3655 1987 3732 ergo

817 3756 955 3831 relerre
979 3756 1208 3831 altitudinem
1236 3757 1483 3832 tonitruorum
1510 3757 1557 3832 ad
1582 3739 1811 3832 altitudinem
1842 3756 1986 3848 montis,

815 3882 853 3950 et
876 3896 951 3950 non
975 3875 1022 3950 ad
1046 3875 1252 3950 distantiam
1281 3875 1348 3951 loci
1375 3877 1502 3972 patriae
1526 3897 1615 3971 suae,
1646 3878 1733 3972 quia
1765 3883 1854 3952 tunc
1884 3877 1986 3951 litera

815 4002 912 4071 esset
934 3996 1036 4070 lalsa.
1063 3996 1180 4090 Aliqui
1208 4003 1332 4071 tamen
1358 4003 1547 4092 exponunt
1572 3996 1670 4092 quod
1696 4004 1805 4072 autor
1823 3996 1992 4091 loquitur

816 4115 874 4190 bic
889 4114 937 4192 de
954 4116 1106 4192 heremo
1125 4115 1340 4212 camalduli,
1358 4137 1442 4210 quae
1459 4123 1514 4192 est
1531 4116 1779 4194 imilasentino
1798 4136 1872 4190 uon
1893 4114 1986 4190 mul·

815 4242 895 4310 tum
922 4236 1031 4332 longe
1054 4258 1077 4312 a
1102 4237 1219 4333 patria
1244 4237 1408 4331 autoris;
1434 4237 1497 4312 sed
1523 4237 1619 4312 istud
1644 4244 1699 4313 cst
1731 4237 1874 4330 lalsum,
1901 4235 1985 4329 quia

816 4355 938 4431 statim
966 4356 1172 4432 manilestat
1194 4357 1314 4453 ipsum
1341 4359 1463 4433 locum
1490 4379 1512 4433 a
1539 4358 1687 4434 nomine
1710 4357 1869 4453 proprio.
1886 4355 1987 4431 Unde

815 4477 953 4552 subdit:
979 4499 999 4552 c
1021 4482 1135 4573 formo
1160 4500 1209 4553 on
1233 4479 1347 4572 piddo,
1375 4477 1479 4573 idest,
1508 4483 1670 4554 montem
1695 4480 1826 4572 altum,
1848 4478 1908 4553 vel
1932 4477 1986 4552 al·

816 4617 914 4692 pem,
934 4600 994 4671 cle
1016 4602 1049 4672 si
1071 4585 1210 4672 cdiomo
1238 4601 1373 4690 omna,
1391 4597 1455 4693 qui
1480 4599 1583 4674 locus
1603 4606 1659 4674 cst
1682 4600 1730 4674 ab
1757 4597 1858 4673 initio
1880 4597 1916 4672 iu
1933 4596 1989 4671 in-

818 4717 930 4792 troitu
962 4717 1133 4792 Marchiae
1158 4717 1402 4792 Anconitauae.
1430 4720 1474 4793 Et
1509 4727 1594 4794 nota
1625 4718 1686 4794 bic
1715 4717 1814 4812 quod
1847 4715 1905 4792 bic
1935 4721 1990 4792 est

879 4975 908 5038 l'l
927 4977 955 5026 Β.
971 4978 1032 5042 quia
1047 4984 1096 5030 est.
1349 4979 1376 5042 (¹)
1391 4980 1418 5032 S.
1435 4991 1508 5030 moro
1523 4978 1664 5032 adriacum.
