4842 6642
763 879 903 935 caurus
928 879 1084 934 oncruus
1108 878 1270 934 rnnrrus.
1532 868 1599 934 1⁰1

430 1025 547 1099 nibus.
574 1025 676 1100 Unde
701 1026 805 1100 dicit:
832 1048 850 1099 e
875 1030 933 1100 ooi
955 1033 1092 1102 omcetc
1107 1045 1175 1098 corr
1191 1027 1331 1100 diocrm
1346 1030 1510 1122 tnpcpoo,
1530 1027 1602 1102 sci·

273 1155 282 1170 ·
429 1146 512 1222 licet
537 1145 680 1221 meliori
705 1153 744 1222 et
769 1147 894 1241 peiuri.
907 1151 1014 1222 -Sc
1033 1151 1138 1241 some.
1164 1145 1230 1220 llic
1254 1147 1412 1220 Thomas
1446 1147 1601 1222 ostendit

428 1267 574 1362 quando
599 1273 636 1342 et
661 1267 847 1362 quomodo
880 1275 1000 1362 posset
1035 1267 1114 1342 fieri
1138 1267 1329 1364 generatio
1359 1267 1538 1361 perlecta:
1564 1275 1603 1342 et

428 1387 523 1481 dicit,
550 1387 703 1481 quodsi
729 1387 884 1463 materia
909 1394 1005 1462 esset
1030 1386 1125 1462 bene
1155 1387 1326 1482 disposita
1350 1387 1398 1460 ad
1425 1387 1603 1482 recipien-

430 1508 531 1602 dum,
549 1515 587 1582 et
603 1508 740 1583 coelum
766 1514 862 1584 esset
882 1509 977 1584 bene
993 1507 1207 1604 dispositum
1231 1507 1277 1582 ad
1303 1507 1601 1603 imprimendum,

432 1637 520 1703 tunc
544 1635 738 1724 appareret
764 1629 880 1703 virtus
900 1629 981 1704 coeli
999 1629 1160 1724 perfecte
1177 1629 1215 1702 in
1237 1628 1296 1701 tali
1315 1629 1480 1703 materia.
1501 1629 1604 1704 Unde

432 1749 540 1824 dicit:
566 1753 617 1822 Lu
642 1751 715 1823 lucc
740 1751 797 1823 det
819 1752 986 1842 suppeto,
1014 1748 1117 1842 idest,
1142 1748 1261 1822 virtus
1286 1749 1380 1842 coeli,
1407 1749 1504 1842 quod
1533 1749 1604 1823 im-

373 1921 375 1925 ,
432 1867 556 1966 primit
581 1874 770 1963 tamquam
796 1869 969 1966 sigillum,
990 1867 1165 1962 part-eote
1191 1875 1288 1961 mtto,
1317 1868 1409 1942 idest
1428 1870 1602 1964 perlecta,

431 2010 470 2062 re
493 1991 531 2062 lc
554 2009 636 2062 cern
658 1992 755 2082 [osse
778 1991 918 2062 deduttu
943 1995 1110 2082 apparato,
1139 1987 1242 2081 idest,
1274 1987 1304 2061 si
1338 1989 1493 2064 materia
1518 2008 1604 2084 quae

432 2106 559 2202 recipit
583 2107 741 2182 sormam
768 2114 864 2183 esset
889 2108 937 2182 ita
963 2107 1119 2183 deducta
1144 2113 1182 2182 et
1205 2106 1385 2202 disposita,
1412 2108 1507 2182 sicut
1538 2108 1604 2183 de·

430 2227 578 2302 ducitur
604 2235 641 2302 et
665 2228 867 2324 disponitur
892 2248 991 2322 cera,
1010 2247 1123 2322 quam
1153 2228 1264 2300 homo
1289 2228 1369 2300 vult
1393 2228 1489 2303 bene
1510 2229 1605 2304 reci·

432 2367 520 2444 perc
546 2347 822 2443 impressionem
850 2348 975 2445 sigilli3
1001 2370 1021 2421 e
1044 2351 1071 2421 it
1093 2350 1158 2422 ciet
1178 2352 1273 2441 fosse
1290 2351 1329 2422 ia
1348 2369 1414 2422 suu
1435 2344 1527 2423 ot‘rtd
1543 2371 1604 2422 su·

426 2487 568 2561 mono,
588 2467 692 2562 idest,
710 2468 793 2542 etsi
811 2488 927 2563 sperae
945 2468 1111 2542 eoelestes
1131 2475 1253 2543 essent
1270 2469 1307 2542 in
1324 2489 1455 2544 earum
1473 2469 1604 2544 maiori

433 2587 591 2681 virtute5
617 2588 720 2662 verbi
754 2587 884 2685 gratia,
911 2588 939 2660 si
966 2588 1108 2682 planeta
1140 2587 1239 2662 lovis
1265 2588 1328 2682 qui
1362 2596 1417 2663 cst
1445 2588 1605 2684 optimus

433 2715 530 2784 esset
554 2709 591 2782 in
616 2709 785 2803 piscibuS,
811 2708 907 2802 quod
935 2708 1080 2805 signum
1106 2715 1161 2783 est
1191 2708 1325 2783 domus
1356 2709 1459 2802 eius3
1491 2709 1551 2784 vel
1574 2709 1605 2784 si

434 2837 530 2904 esset
554 2829 591 2903 in
618 2849 684 2904 sua
710 2828 942 2922 exaltatione,
959 2828 1094 2925 gaudio
1112 2829 1171 2904 vel
1188 2829 1358 2924 termino,
1378 2831 1435 2905 vel
1452 2840 1549 2906 esset
1567 2829 1605 2903 in

435 2950 531 3025 bono
556 2955 706 3046 aspectu
734 2948 916 3024 bonorum
943 2950 1187 3044 planetarum,
1216 2955 1254 3024 et
1282 2950 1374 3024 liber
1403 2972 1426 3024 a
1452 2950 1606 3030 contun-

433 3071 554 3148 ctione
580 3071 789 3164 malorum;
810 3077 898 3144 tunc
925 3089 985 3144 res
1010 3089 1094 3162 quae
1119 3075 1364 3165 generaretur
1382 3069 1606 3164 respondens

435 3193 485 3267 illi
510 3192 664 3287 planetae
681 3197 777 3265 esset
794 3189 942 3284 optima,
964 3194 1001 3264 et
1017 3197 1213 3283 appareret
1238 3188 1275 3262 in
1301 3209 1347 3263 ea
1372 3188 1489 3262 virtus
1509 3189 1607 3264 lovis
1641 3229 1644 3232 <

435 3312 595 3408 perlecto
621 3331 705 3405 quae
722 3309 785 3384 dat
804 3309 871 3384 sibi
888 3309 1057 3383 sormam.
1072 3349 1122 3364 -
1136 3314 1198 3382 llla
1218 3311 1255 3382 ln
1270 3316 1412 3383 natura.
1430 3308 1495 3383 llic
1511 3309 1608 3383 'lho-

435 3453 514 3507 mas
539 3430 695 3506 ostendit
720 3428 819 3504 unde
848 3429 1040 3523 proveniat
1072 3428 1297 3523 imperiectio
1327 3429 1391 3503 rei.
1424 3429 1478 3502 lld
1508 3429 1608 3522 quod

435 3553 637 3628 notandum
651 3549 762 3645 quod,
777 3548 871 3623 sicut
883 3569 930 3623 ex
945 3547 1048 3622 dictis
1062 3546 1181 3644 colligi
1194 3553 1325 3642 potest,
1339 3547 1486 3642 quando
1503 3569 1607 3624 mens

434 3672 582 3748 artificis
608 3670 805 3746 concordat
830 3689 916 3744 cum
944 3669 1188 3742 instrumento
1219 3675 1256 3742 et
1285 3667 1451 3761 materia,
1483 3675 1520 3743 et
1553 3668 1609 3741 in-

435 3799 686 3868 strumentum
714 3796 751 3865 et
777 3789 932 3864 materia
958 3809 1043 3862 cum
1074 3787 1214 3862 artifice
1246 3793 1393 3882 potente
1417 3794 1455 3862 et
1480 3789 1607 3883 perito,

436 3921 525 3988 tunc
549 3917 752 4011 generatur
778 3931 837 3986 res
854 3909 1035 4006 perlecta3
1054 3907 1117 3982 sed
1135 3909 1220 4002 quia
1238 3908 1305 3982 ista
1323 3909 1517 3983 concordia
1535 3931 1608 3984 non

439 4034 622 4130 reperitur
647 4033 684 4106 in
709 4031 949 4128 productione
974 4049 1102 4104 rerum
1129 4029 1367 4123 naturalium,
1393 4029 1475 4105 ideo
1495 4051 1609 4127 gene-

439 4161 568 4229 rantur
606 4173 665 4228 ros
703 4151 926 4247 imperfectae
964 4169 1010 4224 er
1045 4157 1149 4245 parte
1182 4157 1220 4225 et
1252 4150 1397 4225 delectu
1432 4151 1606 4226 materie.

437 4277 542 4350 Nunc
566 4274 613 4349 ad
643 4273 800 4366 literam,
826 4270 911 4345 dicit
936 4270 1116 4344 Thomas:
1143 4275 1206 4343 Μα
1237 4272 1273 4343 tn
1303 4276 1448 4362 aalma,
1474 4269 1609 4346 scilicet

437 4397 588 4490 coelum,
606 4397 643 4468 tc
658 4385 707 4468 dd
723 4413 860 4486 compre
882 4412 1011 4485 scema,
1039 4390 1142 4485 idest,
1168 4391 1231 4464 dat
1251 4411 1397 4486 semper
1414 4393 1528 4487 ipsam
1549 4394 1608 4469 lu-

435 4537 519 4592 cem
546 4537 652 4590 suam
678 4513 909 4606 diminutam,
927 4531 1000 4586 uon
1018 4532 1065 4587 ex
1092 4511 1292 4586 intentione
1307 4532 1388 4606 sua,
1404 4512 1468 4588 sed
1485 4533 1533 4587 er
1553 4513 1609 4587 in-

437 4636 669 4733 dispositione
696 4633 882 4708 materiae:
909 4632 1007 4727 quod
1039 4631 1200 4706 declarat
1234 4652 1301 4728 per
1334 4633 1606 4709 similitudinem

437 4757 623 4854 propriam
650 4762 687 4830 et
702 4747 739 4847 (⁴)
767 4753 1049 4848 pulcerrimam3
1075 4757 1113 4826 et
1138 4751 1223 4826 dicit
1254 4753 1352 4845 quod
1387 4762 1520 4830 natura
1553 4764 1608 4831 est

500 5013 529 5080 (¹)
544 5015 575 5066 u.
591 5019 618 5066 et
633 5013 761 5078 pulcram,
777 5013 865 5066 dloenr
879 5013 958 5078 qnod.
