4842 6642
762 831 900 887 cunnus
925 830 1083 887 nocruus
1108 830 1237 887 nonus.
1509 816 1580 887 239

409 980 487 1069 puel
509 978 606 1067 berre,
632 976 778 1069 scilicet,
805 974 936 1069 Deum,
962 978 1022 1049 ebe
1046 996 1120 1049 non
1144 976 1191 1047 bc
1209 978 1294 1069 fine,
1315 974 1402 1068 quia
1420 974 1581 1049 inlicitus

409 1103 482 1191 est3
499 1096 582 1171 ideo
600 1102 772 1171 creatura
791 1094 890 1170 finita
906 1116 979 1170 nou
993 1094 1091 1171 valet
1108 1095 1228 1190 ipsum
1245 1094 1580 1189 comprehendere,

409 1222 444 1293 ct
459 1215 564 1311 dicit3
589 1238 608 1289 e
632 1219 767 1289 misera
791 1211 831 1289 se*
853 1236 920 1289 con
943 1211 994 1305 sc‘,
1020 1214 1107 1309 quia
1133 1215 1210 1310 ipse
1234 1221 1289 1289 cst
1316 1234 1490 1289 mensura
1511 1214 1580 1309 sui,

410 1336 494 1433 quia
520 1336 609 1410 nihil
630 1336 740 1411 babet
760 1336 807 1410 ab
827 1343 945 1429 extra,
964 1336 1022 1411 vol
1039 1336 1126 1430 quia
1153 1336 1252 1409 solus
1275 1356 1316 1410 se
1335 1336 1580 1431 comprehen-

410 1456 479 1551 dit3
504 1456 654 1533 scientia
680 1456 778 1531 euim
806 1464 930 1532 nostra
957 1462 1194 1531 mensuratur
1219 1477 1242 1530 a
1269 1457 1404 1550 rebus3
1431 1454 1580 1533 scientia

412 1598 500 1653 vero
525 1577 645 1653 divina
672 1583 975 1673 etc-Dunque.
1010 1576 1075 1651 Hic
1109 1577 1231 1671 aquila
1265 1578 1448 1652 concludit
1482 1576 1580 1671 quod

412 1698 596 1771 humanus
622 1697 827 1771 intellectus
854 1718 926 1771 non
953 1704 1072 1792 potest
1087 1718 1128 1773 sc
1144 1697 1368 1793 profundam
1388 1699 1433 1771 ad
1456 1695 1580 1772 videu-

411 1818 499 1891 dum
526 1818 809 1911 profunditatem
835 1818 967 1893 dlvinae
988 1818 1157 1913 justitioe;
1185 1818 1282 1893 unde
1306 1818 1410 1893 dicit:
1434 1824 1581 1911 Dmtquc

412 1945 531 2013 vostro
557 1941 694 2029 veduta,
721 1939 823 2033 idest,
849 1940 1008 2035 cognitio
1029 1940 1202 2032 bumana,
1223 1942 1283 2012 cde
1302 1942 1465 2013 coamens
1486 1960 1580 2011 esser

412 2062 514 2133 alcun
539 2062 709 2151 dercppi
731 2063 823 2133 delto
849 2068 972 2151 mene,
998 2061 1145 2155 scilicet,
1170 2061 1304 2154 divina,
1329 2060 1417 2154 quia
1447 2058 1581 2133 veritas

411 2201 432 2254 a
457 2200 697 2275 quocumque
722 2186 778 2255 est
803 2188 871 2257 etc.
899 2182 943 2255 Et
967 2180 1072 2255 dicit:
1098 2184 1136 2255 dt
1159 2182 1219 2254 cle
1244 2187 1324 2253 tutte
1348 2183 1381 2254 lc
1409 2200 1488 2253 cose
1515 2198 1581 2251 son

412 2303 556 2393 ripiene,
583 2300 668 2393 quia
696 2301 794 2375 Deus
818 2300 942 2376 omnia
977 2300 1101 2396 implet
1131 2308 1212 2391 etc,
1242 2320 1313 2373 oon
1343 2291 1484 2393 putidi
1516 2318 1582 2371 suc

413 2428 553 2513 murra,
581 2421 727 2515 scilicet,
755 2422 928 2515 bumana,
954 2422 1041 2517 quia
1058 2413 1093 2513 (⁴)
1121 2420 1248 2497 debilis
1276 2428 1342 2514 est,
1372 2442 1466 2493 esser
1493 2441 1582 2512 pos-

412 2550 502 2615 sente
528 2548 637 2631 muto,
661 2542 722 2614 cle
745 2564 817 2615 non
842 2545 1005 2615 decana
1028 2563 1092 2615 suo
1120 2544 1306 2635 principio,
1333 2540 1434 2634 idest,
1461 2541 1579 2614 Deum

413 2682 503 2757 esse,
541 2667 645 2737 molto
683 2666 721 2737 di
757 2654 806 2757 td,
848 2662 949 2756 idest,
989 2664 1085 2737 ultra
1125 2661 1323 2736 terminum
1362 2662 1442 2737 eius
1480 2662 1579 2757 quod

415 2782 527 2857 videt:
556 2782 652 2858 unde
677 2784 780 2857 dicit:
806 2786 855 2857 dc
880 2786 959 2875 quel
979 2785 1111 2873 clt'epli
1135 2779 1356 2875 dparoorte,
1376 2782 1479 2875 idest,
1500 2782 1580 2857 eius

414 2904 510 2995 quod
535 2912 686 2997 apparot
712 2903 777 2977 sibi
804 2902 998 2999 cognitioni
1027 2904 1210 2991 humanm,
1243 2902 1328 2995 qrria
1360 2910 1483 2975 nostra
1518 2924 1581 2977 co-

413 3021 525 3118 gnitio
552 3023 713 3097 bumana
739 3023 925 3119 cognoscit
949 3044 1066 3115 usque
1090 3022 1136 3095 ad
1162 3022 1322 3123 aliquem
1342 3029 1486 3097 certum
1506 3029 1580 3097 ter-

413 3141 566 3235 minum,
581 3143 662 3239 plus
675 3150 713 3217 et
726 3143 849 3217 minus
865 3144 1067 3218 secundum
1088 3152 1258 3217 naturam
1280 3143 1337 3219 vel
1354 3142 1531 3240 gratiam;
1545 3149 1582 3217 et

412 3261 599 3357 perpendit
613 3269 649 3335 et
662 3263 848 3359 cognoscit
865 3264 963 3357 quod
984 3264 1140 3337 multum
1157 3271 1270 3337 restat
1282 3283 1429 3359 semper
1442 3282 1581 3358 cogno·

410 3382 599 3477 scendum,
618 3384 716 3477 quod
744 3404 815 3458 non
842 3392 898 3459 est
921 3384 1165 3480 cognoscibile
1185 3383 1384 3458 intellectui
1406 3385 1581 3457 humano.

411 3500 529 3596 Aliqui
557 3509 681 3576 tamen
707 3502 851 3577 dicunt:
878 3511 1002 3576 nostro
1035 3505 1172 3593 vedum,
1198 3502 1344 3595 scilicet,
1370 3503 1580 3577 animarum

411 3620 618 3717 beatarum,
644 3630 681 3697 et
707 3644 778 3697 non
805 3624 923 3716 bene;
950 3622 1035 3715 quia
1061 3622 1184 3716 aquila
1215 3624 1362 3717 proprie
1389 3621 1582 3717 respondet

412 3744 456 3817 ad
483 3744 518 3815 id
544 3743 642 3838 quod
668 3752 777 3817 autor
802 3744 967 3818 dixerat:
991 3765 1064 3817 non
1082 3743 1288 3817 inveniebat
1308 3744 1527 3817 solutionem
1544 3742 1580 3817 in

414 3862 530 3936 terris.
544 3856 709 3936 -Ρονὸ,
736 3863 800 3937 llic
824 3870 933 3938 autor
958 3863 1130 3959 exprimit
1149 3864 1371 3939 debilitatem
1393 3864 1471 3939 siue
1487 3883 1582 3957 qua-

414 3981 551 4055 litatem
577 3982 790 4079 cognitionis
816 3985 988 4058 bumanae
1013 3984 1110 4058 circa
1127 3983 1305 4079 justitiam
1327 3984 1498 4077 divinam,
1515 4004 1583 4080 per

415 4123 525 4176 unam
565 4103 877 4197 comparationem
917 4103 1179 4197 pulcerrimum
1214 4111 1252 4177 et
1284 4104 1580 4199 pmpriissimam.

413 4221 592 4297 Construe
617 4224 668 4297 sic
694 4223 855 4297 literam:
885 4216 976 4297 Perd
1001 4228 1037 4297 la
1065 4227 1166 4317 vista,
1193 4224 1296 4317 idest,
1321 4223 1489 4319 cognitio,
1507 4226 1579 4317 ebe,
1645 4221 1653 4241 ‘

413 4341 513 4435 idest,
541 4364 667 4436 quam,
691 4346 720 4415 it
743 4352 861 4416 vostro
888 4348 1017 4417 mondo
1041 4348 1166 4435 moene,
1193 4345 1295 4438 idest,
1322 4366 1387 4418 vos
1417 4346 1584 4420 homines

413 4462 587 4536 mundani
615 4463 782 4559 recipitis,
807 4468 836 4537 s'
851 4468 1001 4557 baerna,
1028 4464 1131 4559 idest,
1158 4465 1281 4559 intrat,
1306 4468 1398 4539 bellu
1421 4470 1585 4557 giustizio

411 4586 633 4673 sempiterno,
658 4583 793 4660 scilicet
818 4585 991 4678 divinam,
1015 4608 1037 4660 a
1069 4584 1187 4675 simili,
1213 4588 1302 4659 com'
1313 4588 1432 4659 occlto
1459 4608 1525 4679 per
1550 4591 1586 4661 lo

414 4720 525 4792 more,
551 4703 678 4797 supple
703 4724 744 4777 se
770 4705 928 4779 internat
953 4706 1031 4779 sive
1055 4706 1262 4800 profundat.
1284 4707 1329 4779 ut
1353 4706 1584 4802 subditque

476 4961 503 5024 l'l
518 4962 543 5011 S.
559 4976 619 5025 quo
635 4964 726 5015 debilis
741 4971 789 5017 ut.
