4842 6642
917 791 939 854 2
1307 797 1509 854 confloruit
1535 799 1701 852 eluantur

915 944 976 1018 ille
1000 943 1165 1038 Carcine,
1193 946 1274 1034 toci,
1299 943 1402 1038 idest,
1428 942 1515 1016 nibil
1529 935 1566 1034 (¹)
1591 942 1707 1035 dicas,
1733 949 1772 1016 et
1795 941 1846 1015 sio
1863 939 1947 1014 iacit
1965 945 2086 1032 autor,

915 1065 1002 1158 quia
1030 1063 1117 1138 nihil
1143 1063 1314 1160 exprimit
1339 1063 1376 1136 in
1401 1064 1593 1158 scriptura,
1610 1084 1630 1136 e
1646 1066 1757 1137 loscio
1781 1065 1902 1155 notger
1917 1063 1968 1154 gli
1987 1062 2088 1150 anni,

916 1184 1020 1278 idest,
1047 1184 1204 1259 transire
1228 1191 1385 1279 tempus,
1410 1176 1440 1256 si
1464 1186 1563 1256 clt'io
1587 1205 1660 1257 non
1686 1203 1793 1276 pomo
1821 1185 1912 1272 dire,
1942 1180 2088 1272 scilicet,

917 1304 955 1377 in
980 1304 1136 1400 speciali,
1161 1326 1199 1378 se
1222 1325 1296 1377 non
1321 1306 1380 1376 cte
1402 1307 1517 1396 giusta
1533 1307 1670 1397 monto,
1698 1303 1802 1396 idest,
1820 1302 1939 1377 debita
1965 1320 2087 1395 poena,

919 1417 1027 1498 verrd
1052 1428 1090 1498 di
1112 1433 1209 1498 retro
1235 1428 1274 1497 oi
1297 1428 1407 1498 vostri
1430 1427 1554 1514 donini,
1580 1445 1664 1519 quae
1691 1422 1828 1519 recepit
1852 1423 1960 1518 stirps
1986 1441 2089 1496 mea:

919 1551 957 1619 et
982 1545 1076 1618 torte
1102 1547 1170 1620 hoc
1195 1545 1291 1639 dicit,
1318 1545 1404 1640 quia
1421 1544 1604 1619 liebertus
1626 1550 1797 1618 mortuns
1814 1549 1869 1618 est
1892 1543 1970 1617 sine
1987 1542 2090 1637 prole

920 1668 1096 1760 mascula,
1123 1666 1182 1740 cui
1208 1666 1383 1741 successit
1407 1665 1487 1740 eius
1512 1666 1629 1761 neptis
1654 1665 1725 1740 lilia
1751 1664 1912 1758 Veneris,
1929 1683 2014 1757 quae
2035 1670 2091 1736 ta-

921 1807 1006 1860 men
1034 1787 1227 1883 magnifice
1252 1787 1472 1884 gubernavit
1498 1791 1776 1884 reguum-E
1795 1776 1867 1878 yid.
1895 1785 1960 1859 llic
1979 1790 2091 1858 autor

920 1905 1090 1980 describit
1122 1927 1311 1981 recessum
1342 1907 1455 2001 ipsius
1479 1906 1599 1981 Caroli
1624 1907 1768 1980 dicens:
1794 1911 1828 1979 Ε
1848 1895 1911 1997 oid
1941 1906 1978 1977 to
2006 1906 2092 1994 nito,

921 2026 1023 2120 idest,
1050 2026 1184 2120 anima,
1209 2030 1247 2100 di
1271 2030 1351 2121 quel
1373 2031 1462 2102 tome
1477 2035 1594 2118 santo,
1611 2027 1746 2102 scilicet
1768 2026 1888 2101 Caroli
1909 2023 2093 2117 luminosi,

922 2145 1031 2239 beati,
1057 2149 1184 2220 rivolta
1208 2150 1236 2220 ε)
1248 2169 1314 2221 ero
1336 2151 1377 2221 ot
1398 2151 1483 2242 sote,
1511 2148 1647 2222 scilicet
1666 2148 1713 2222 ad
1732 2149 1865 2240 Deum,
1886 2145 1950 2240 qui
1967 2152 2023 2220 est
2038 2143 2094 2218 sol

917 2266 1078 2361 justitias,
1104 2270 1163 2340 cte
1187 2271 1225 2340 to
1247 2271 1402 2362 muno,
1431 2268 1570 2342 lumine
1599 2288 1679 2361 suo,
1709 2267 1804 2342 sicut
1834 2266 1889 2341 sol
1918 2261 2094 2340 sensibilis

923 2387 1104 2462 illuminat
1127 2388 1258 2482 sidera,
1276 2410 1373 2460 come
1391 2409 1415 2459 a
1432 2391 1511 2480 quet
1525 2389 1590 2462 den
1606 2391 1658 2462 clt'
1671 2391 1721 2462 od
1736 2391 1822 2481 ogni
1837 2407 1921 2461 coro
1937 2382 1959 2462 c*
1978 2391 2095 2477 tantm·

924 2509 1012 2602 quia
1038 2507 1220 2582 inlinitum
1240 2515 1277 2582 et
1295 2508 1516 2583 immensum
1534 2511 1668 2583 sufficit
1685 2509 1731 2584 ad
1748 2509 1883 2583 omnia.
1901 2509 1944 2581 Et
1961 2527 2007 2581 er
2025 2507 2095 2579 lroc

925 2636 1036 2703 autor
1060 2629 1145 2703 lacit
1172 2649 1283 2702 unam
1311 2629 1476 2724 pulcram
1508 2630 1726 2704 invectivam
1759 2635 1888 2704 contra
1917 2626 2095 2718 homines,

924 2749 987 2843 qui
1020 2749 1158 2824 seducti
1191 2749 1437 2844 voluptatibus
1468 2759 1677 2845 sequuntur
1709 2751 1828 2824 solum
1859 2747 2095 2840 delectabilia,

924 2870 1019 2942 sicut
1044 2869 1290 2944 communiter
1315 2869 1452 2944 iaciunt
1476 2871 1640 2964 venerei;
1667 2871 1765 2945 unde
1793 2870 1974 2945 exclamat
2004 2867 2097 2941 indi-

925 2997 1093 3085 guanter,
1125 2993 1209 3062 nti!
1241 2990 1331 3064 idest
1356 2992 1430 3064 heu
1459 2991 1571 3084 vobiS,
1601 2995 1717 3064 anime
1743 2995 1947 3082 mgunnote,
1979 2989 2096 3064 laliaci

851 3102 854 3110 ’
927 3109 1035 3204 bone,
1070 3132 1088 3183 e
1116 3115 1248 3204 sottum
1276 3113 1396 3204 ample,
1425 3109 1528 3202 idest,
1559 3118 1742 3186 creature
1770 3112 1937 3185 crudeles
1968 3115 2097 3186 contra

927 3231 1175 3324 vosmetipsas,
1203 3231 1428 3327 negligentes
1454 3232 1642 3326 proprium
1669 3233 1807 3306 bonum
1833 3238 2013 3324 vestrum,
2038 3232 2099 3304 cte

927 3355 1052 3422 torrete
1075 3353 1090 3422 i
1113 3353 1226 3438 cumi,
1244 3350 1347 3440 idest,
1366 3351 1563 3426 removetis
1594 3351 1831 3426 intentionem
1859 3359 2031 3443 vestram,
2049 3353 2098 3425 do

928 3463 957 3542 si
979 3472 1069 3562 [atto
1094 3470 1171 3563 den,
1199 3469 1246 3544 ad
1271 3471 1370 3564 quod
1395 3471 1508 3545 creati
1535 3492 1665 3544 snmus
1690 3477 1727 3546 et
1754 3470 1968 3546 naturaliter
1996 3471 2100 3544 incli-

928 3609 1075 3663 namur.
1090 3594 1207 3664 —lld
1230 3612 1318 3665 ccco.
1346 3591 1409 3666 llic
1440 3599 1549 3666 autor
1579 3592 1775 3666 introducit
1800 3591 1993 3666 mulierem
2021 3612 2101 3664 rno-

929 3708 1081 3782 dernam
1102 3709 1211 3784 filiam
1231 3708 1391 3785 Veneris.
1411 3711 1463 3785 dd
1481 3711 1587 3786 cuius
1604 3712 1850 3808 cognitionem
1867 3719 1923 3786 est
1940 3710 2101 3785 breviter

931 3830 1131 3924 sciendum,
1158 3831 1256 3925 quod
1281 3831 1349 3905 iste
1374 3831 1443 3905 luit
1467 3832 1611 3907 Cunitia
1635 3853 1742 3907 soror
1766 3833 1853 3906 olim
1879 3831 2034 3907 docelini
2055 3830 2102 3905 de

931 3951 1097 4024 Romano
1122 3951 1267 4045 tyranni
1293 3951 1554 4047 crudelissimi,
1587 3960 1687 4028 recte
1712 3952 1783 4026 lilia
1816 3950 1978 4046 Veneris,
2003 3969 2102 4026 sem·

931 4091 998 4166 per
1013 4061 1049 4163 (²)
1075 4091 1259 4163 amorosa,
1286 4092 1391 4168 vaga,
1423 4073 1470 4147 de
1506 4094 1581 4166 qna
1612 4073 1749 4147 dictum
1780 4079 1835 4148 est
1867 4071 2025 4168 capitulo
2057 4071 2102 4143 Vl

932 4191 1151 4288 Purgatorii,
1165 4192 1325 4285 qualiter
1339 4192 1496 4269 habebat
1514 4215 1592 4268 rem
1612 4215 1697 4268 cum
1712 4193 1876 4268 Sordello
1889 4195 2101 4284 llantuau03

934 4318 971 4386 et
995 4332 1080 4385 cum
1109 4315 1178 4388 hoc
1204 4314 1314 4386 simul
1341 4321 1421 4388 erat
1442 4314 1511 4408 pia,
1529 4315 1699 4411 benigna,
1717 4315 1935 4408 misericors,
1953 4334 2103 4408 eompa-

811 4476 815 4482 ι
935 4431 1027 4504 tiens
1042 4432 1191 4527 miseris,
1207 4455 1302 4528 quos
1318 4435 1432 4508 irater
1449 4435 1646 4510 crudeliter
1663 4436 1859 4532 affligebat.
1872 4434 2000 4508 llerito
2013 4453 2104 4530 ergo

935 4558 1042 4646 poete
1074 4552 1176 4649 lingit
1215 4577 1254 4628 se
1294 4555 1457 4650 reperire
1486 4556 1592 4630 istam
1619 4558 1657 4630 in
1682 4577 1788 4651 spera
1818 4555 1980 4630 Veneris.
2011 4555 2102 4629 Nam

935 4670 965 4744 si
990 4671 1144 4766 gentiles
1169 4675 1331 4769 cypriani
1353 4675 1617 4750 deificaverunt
1641 4697 1746 4751 suam
1766 4675 1960 4769 Venerem,
1980 4681 2018 4750 et
2043 4693 2106 4748 ro·

998 4936 1026 4998 (¹)
1043 4941 1065 4996 t,
1083 4949 1134 4986 non
1151 4936 1229 4987 dicus.
1478 4935 1506 4999 ξ’)
1523 4937 1553 4988 E.
1569 4937 1630 5002 qula
1644 4949 1756 5001 sempor.
