4842 6642
796 833 876 904 ,utta
1193 851 1399 908 comuuruu
1424 851 1588 908 nannum

806 990 909 1068 Unde
944 993 1135 1069 saladinus
1169 1001 1237 1070 eto.
1269 996 1323 1071 Ad
1356 997 1582 1093 propositum
1618 1015 1708 1093 ergo
1742 996 1827 1072 licet
1860 997 1981 1073 omnis

804 1115 966 1189 annulus
991 1113 1179 1190 rideretur
1195 1135 1308 1192 verus
1325 1124 1363 1192 et
1379 1117 1579 1192 haberetur
1596 1137 1722 1210 carus,
1740 1123 1866 1192 tamen
1885 1139 1981 1192 unus

803 1235 905 1309 solus
922 1240 1002 1310 erat
1019 1256 1130 1311 verus
1155 1243 1192 1312 et
1216 1237 1346 1313 bonus.
1359 1279 1410 1293 -
1426 1242 1529 1312 dome
1553 1241 1589 1312 it.
1606 1237 1672 1313 Hie
1689 1244 1801 1312 autor
1827 1240 1981 1314 eonelu-

801 1355 891 1430 dens
920 1356 1047 1430 ultimo
1073 1356 1244 1442 describit
1275 1357 1559 1454 gratulationem
1587 1359 1722 1453 laetam,
1748 1379 1861 1454 quam
1895 1358 1980 1436 lecit

803 1475 870 1552 sibi
896 1475 1026 1551 Petrus
1043 1495 1110 1571 per
1126 1497 1240 1552 unam
1258 1477 1571 1575 comparationem
1589 1477 1832 1554 domesticam
1850 1485 1888 1554 et
1905 1479 1979 1553 ela-

804 1618 896 1672 ram.
914 1598 1094 1673 construe
1118 1598 1170 1673 sie
1195 1598 1359 1673 literam:
1385 1601 1621 1692 L'oportoiieo
1644 1601 1747 1690 ieme,
1768 1598 1872 1694 idest,
1891 1621 1979 1674 san-

803 1723 886 1794 etus
901 1718 1042 1812 Petrus,
1060 1721 1099 1791 al
1112 1720 1168 1792 orti
1182 1719 1356 1792 edmundo
1380 1721 1416 1791 io
1440 1738 1530 1792 ovea
1551 1722 1655 1808 detto,
1673 1717 1779 1812 idest,
1797 1719 1977 1813 loquutus

806 1839 949 1914 ineram
976 1837 1023 1912 de
1046 1837 1128 1933 lide,
1147 1841 1197 1912 mi
1215 1842 1307 1912 ame
1324 1847 1376 1913 tre
1392 1842 1494 1931 volte,
1515 1839 1660 1935 scilieet,
1680 1840 1978 1938 circumgirando

805 1979 846 2034 se
869 1959 967 2034 eirea
992 1979 1064 2054 me,
1085 1961 1264 2034 contundo
1282 1951 1312 2032 si
1329 1962 1416 2034 oom'
1428 1963 1463 2034 io
1480 1963 1607 2054 motti,
1624 1959 1731 2057 idest,
1751 1961 1871 2036 statim
1891 1981 1977 2036 oum

806 2081 873 2156 teci
898 2080 1010 2156 finem
1044 2079 1278 2175 responsioni,
1310 2072 1340 2154 si
1371 2085 1430 2156 aet
1456 2083 1515 2156 dir
1546 2085 1598 2174 oli
1624 2086 1780 2176 ριἀοφιί,
1805 2082 1912 2177 idest,
1942 2079 1979 2156 in

808 2207 949 2276 mutum
974 2200 1094 2297 placui
1119 2200 1186 2275 sibi
1212 2207 1381 2298 prompte
1406 2207 1444 2277 et
1469 2203 1568 2278 clare
1599 2202 1785 2296 loquendo
1814 2201 1860 2278 de
1885 2201 1978 2296 lide;

805 2325 843 2396 et
877 2321 947 2395 hoe
975 2319 1078 2395 tecit:
1115 2311 1187 2393 cosi
1218 2341 1313 2394 conte
1341 2323 1370 2394 u
1398 2324 1523 2414 aanor
1552 2324 1603 2396 olt'
1616 2324 1753 2424 asculta
1777 2325 1857 2414 quel
1879 2323 1939 2395 oie
1968 2325 1982 2396 i

805 2442 922 2533 piace,
946 2437 1093 2534 quando
1117 2438 1220 2514 audit
1245 2439 1341 2515 bona
1367 2447 1404 2516 et
1430 2442 1513 2516 laeta
1540 2463 1646 2538 nova,
1663 2445 1715 2517 da
1730 2445 1806 2518 ordi
1829 2443 1981 2516 adoreo·

807 2565 864 2635 οἱα
886 2564 914 2635 il
935 2581 1051 2655 servo,
1078 2559 1225 2654 seilicet,
1251 2560 1423 2635 nuntium
1448 2563 1679 2659 gratulando,
1701 2564 1807 2658 idest,
1828 2563 1981 2659 applau-

810 2682 940 2777 dendo,
962 2704 1029 2776 ρον
1054 2685 1090 2756 lo
1115 2684 1255 2756 novello
1280 2688 1366 2756 usto
1388 2685 1478 2758 olt’ei
1498 2685 1757 2781 sitoee‚idest,
1777 2683 1980 2780 quamcito

814 2803 893 2878 linit
917 2803 1164 2881 narrationem
1193 2825 1313 2899 suam,
1338 2805 1415 2879 sive
1439 2805 1696 2881 ambassiatam
1724 2813 1791 2884 eto.
