4842 6642
881 871 1020 928 esurus
1045 872 1247 930 vrensmus.
1456 878 1460 886 ·
1573 860 1645 927 257

475 1016 586 1089 diam
613 1015 691 1089 haec
716 1016 863 1111 propria
884 1018 1125 1111 comparatio;
1142 1018 1230 1112 quia
1247 1018 1342 1093 sicut
1369 1019 1404 1091 iu
1431 1016 1644 1115 symphonia

474 1135 550 1209 evit
561 1134 676 1209 dulcis
694 1155 807 1209 sonus
824 1156 869 1211 ex
888 1156 977 1211 aere
993 1138 1145 1211 collecto
1162 1137 1257 1212 iutra
1271 1138 1421 1233 pellem,
1434 1144 1470 1212 et
1487 1135 1647 1231 erumpit

475 1255 732 1350 perforamen
760 1256 900 1349 fistule,
931 1258 979 1330 ita
1012 1280 1035 1332 a
1068 1258 1174 1333 simili
1209 1259 1245 1331 in
1278 1258 1402 1352 aquila
1436 1279 1482 1333 ex
1518 1258 1645 1353 spiritu

475 1383 651 1470 concepto
677 1377 772 1451 iuter
798 1378 913 1473 ipsam
938 1378 1108 1453 exulabat
1133 1399 1204 1453 vox
1231 1379 1347 1453 dulcis
1374 1399 1438 1475 per
1455 1379 1592 1454 oollum
1607 1385 1647 1453 et

476 1495 712 1572 emittebatur
736 1518 803 1593 per
827 1519 880 1573 os.
908 1500 951 1573 Et
975 1498 1097 1573 subdit
1128 1500 1360 1574 emissionem
1391 1499 1504 1595 ipsius
1536 1499 1646 1592 vocis,

476 1616 614 1693 dicens:
639 1625 679 1693 et
704 1619 791 1693 illud
823 1639 995 1693 murmur
1026 1621 1254 1716 predictum,
1286 1624 1390 1715 fenest
1422 1642 1505 1695 voce
1537 1623 1643 1713 omni,

476 1737 621 1833 scilieet,
646 1740 685 1813 in
709 1740 806 1814 dicto
832 1742 937 1831 collo,
963 1762 982 1813 e
1006 1744 1139 1833 quodi,
1165 1742 1312 1836 seilicet,
1343 1743 1380 1816 in
1411 1742 1508 1818 dicto
1540 1741 1644 1833 colio,

476 1863 595 1933 asnbsi
612 1882 678 1953 par
696 1862 730 1933 lo
746 1880 810 1933 ruo
827 1862 940 1950 becco
957 1868 995 1935 et
1012 1862 1114 1936 dicit:
1133 1866 1170 1936 in
1192 1868 1313 1957 forma
1333 1866 1371 1937 di
1386 1866 1524 1955 parole,
1547 1864 1645 1953 quati

475 1986 654 2071 omnum
668 1982 696 2053 il
705 2000 810 2054 cuore
824 1983 878 2053 ου’
891 1984 926 2053 io
945 1984 976 2053 le
991 1985 1123 2073 scrtsri,
1138 1984 1241 2077 quasi
1260 1983 1377 2057 dicat:
1396 1990 1435 2057 et
1450 1982 1540 2057 dixit
1556 1980 1644 2054 mibi

476 2100 585 2174 verba
609 2100 827 2195 desiderata,
855 2122 939 2197 quae
966 2120 1036 2197 ego
1063 2102 1157 2177 bene
1184 2104 1320 2196 notavi,
1351 2110 1388 2177 et
1422 2108 1545 2199 postea
1579 2100 1645 2175 de

472 2219 607 2313 scripsi.
643 2220 879 2295 besiderabat
914 2229 1022 2296 autor
1064 2222 1200 2298 babere
1236 2224 1399 2298 notitiam
1434 2223 1642 2316 aliquoru-

471 2339 665 2435 spirituum
684 2341 984 2433 excelleutiorum
1006 2342 1052 2417 de
1069 2343 1129 2417 illa
1148 2364 1256 2438 spera
1274 2344 1398 2439 joviali
1417 2343 1510 2417 sicut
1525 2363 1643 2436 *supra

472 2460 508 2535 in
532 2460 612 2534 aliis
637 2460 762 2555 speria

546 2582 599 2652 La
618 2586 724 2673 parte
746 2583 784 2653 in
809 2602 872 2654 me.
899 2582 968 2655 lsta
1000 2590 1055 2656 est
1086 2583 1246 2657 securuda
1278 2604 1362 2679 pars
1395 2583 1576 2679 generalis
1592 2576 1643 2675 (¹),

474 2699 510 2773 in
536 2721 610 2793 qua
634 2706 744 2775 autor
769 2700 942 2775 describit
973 2702 1149 2796 quosdam
1186 2703 1333 2797 spiritus
1367 2702 1580 2777 illustriores
1605 2702 1642 2774 iu

472 2818 570 2894 dicto
595 2820 699 2915 signo
724 2821 870 2914 aquilae.
897 2820 940 2894 Et
966 2821 1084 2916 primo
1104 2822 1220 2896 reddit
1236 2823 1442 2897 auditorem
1460 2830 1641 2897 attentum

471 2939 520 3015 ad
545 2939 742 3015 videndum
770 2948 807 3016 et
831 2942 1029 3016 notandum
1053 2943 1199 3037 spiritus
1218 2935 1426 3037 illustresdl
1448 2943 1643 3017 nominan-

471 3060 562 3153 dos3
588 3065 625 3135 et
653 3060 699 3136 ad
726 3061 944 3137 evidentiam
972 3064 1208 3141 dicendorum
1238 3067 1321 3139 volo
1336 3056 1372 3157 (³)
1400 3064 1643 3160 praeconside-

473 3202 558 3255 rare
584 3182 682 3275 qnod
707 3189 817 3257 autor
835 3183 870 3256 iu
889 3184 1106 3279 precedenti
1124 3185 1283 3281 capitulo
1301 3184 1520 3281 vituperavit
1542 3184 1643 3279 prin-

469 3302 567 3399 oipes
604 3304 793 3399 presentis
831 3305 1024 3400 temporis,
1061 3305 1198 3399 quibus
1236 3313 1291 3380 est
1327 3305 1566 3381 commissum
1605 3310 1643 3379 at

468 3425 688 3519 permissum
723 3425 1017 3521 gubernaculum
1050 3427 1153 3522 regui
1189 3427 1386 3521 curiatam,
1420 3426 1484 3522 qui
1516 3425 1642 3501 dieunt

467 3566 598 3621 eorum
628 3546 739 3621 vitam
767 3546 956 3621 fundatam
973 3547 1078 3641 vitiis,
1096 3548 1181 3641 quia
1196 3534 1235 3640 (⁴)
1251 3548 1403 3622 deberet
1424 3567 1504 3622 esse
1521 3544 1639 3619 lueida

469 3667 677 3761 virtutibus,
697 3674 739 3741 ut
764 3673 980 3762 praedarent
1002 3668 1140 3743 bonum
1159 3668 1369 3762 exemplum
1392 3666 1553 3741 subditis.
1573 3665 1640 3739 llic

467 3808 489 3863 e
513 3794 641 3861 contra
669 3787 821 3862 intendit
844 3788 1052 3884 glorificare
1071 3788 1249 3883 principes
1263 3778 1300 3879 (⁵)
1320 3787 1384 3881 qui
1405 3793 1555 3882 propter
1571 3786 1640 3859 bo-

468 3928 552 3983 naur
586 3912 623 3982 at
655 3908 795 4003 justam
831 3908 1139 4004 gubernationem
1175 3927 1377 4004 regnorum
1418 3913 1638 3981 meruerunt

467 4047 653 4101 summam
678 4026 835 4123 gloriam
867 4028 905 4101 iu
937 4028 1057 4122 terris,
1086 4033 1125 4102 et
1154 4035 1329 4102 aeternam
1361 4026 1566 4102 felicitatem
1601 4025 1637 4098 in

465 4149 585 4242 coelis;
611 4148 693 4223 ideo
719 4148 916 4224 introducit
942 4149 978 4223 in
1004 4148 1112 4223 oculo
1128 4148 1273 4242 aquile,
1297 4155 1485 4242 tamquam
1513 4146 1549 4221 iu
1574 4168 1638 4221 or-

464 4290 562 4365 gano
587 4268 754 4343 nobiliori
780 4277 818 4345 et
845 4270 1024 4363 vivatiori,
1051 4290 1114 4344 sex
1142 4268 1321 4365 principes
1346 4268 1566 4343 excellentes
1600 4267 1637 4341 in

464 4390 601 4465 virtute
621 4388 782 4484 Justitiae.
809 4388 862 4463 Ad
889 4390 1113 4486 propositum
1140 4409 1232 4485 ergo
1257 4388 1341 4464 dicit
1358 4395 1487 4462 autor:
1513 4394 1550 4462 et
1575 4388 1634 4462 illa

462 4510 598 4605 quia,
622 4512 926 4602 incominea'ommi,
944 4510 1046 4602 idest,
1065 4510 1222 4606 ineoepit,
1240 4510 1368 4605 supple
1383 4509 1505 4584 dicere
1524 4508 1633 4583 mibi:

463 4635 499 4705 lc
519 4638 637 4725 parte,
654 4630 800 4725 scilicet,
820 4630 963 4725 oculus,
977 4630 1037 4704 cte
1053 4634 1137 4705 aede
1161 4654 1179 4703 e
1201 4639 1283 4725 pate
1298 4634 1326 4705 ti
1339 4635 1412 4705 sole
1427 4632 1506 4705 aeli
1519 4631 1634 4723 aquile

525 4862 552 4922 (¹)
568 4861 598 4910 Ε.
616 4859 742 4924 generalis
758 4860 835 4910 buius
851 4857 966 4922 capituli,
983 4860 1010 4909 in
1026 4872 1085 4923 qua.
1212 4855 1241 4921 (¹)
1257 4858 1287 4909 li.
1302 4859 1467 4912 illustriores.

525 4938 551 4998 Γ)
569 4936 598 4987 Ε.
615 4936 675 4987 volo
691 4941 716 4986 to
734 4935 961 5000 praeconsiderata.
1210 4934 1238 4998 (¹)
1255 4936 1285 4986 tt
1301 4949 1369 5000 qun.

526 5014 553 5075 (¹)
571 5013 741 5077 Robustum
759 5013 895 5076 princtper.

595 5123 622 5167 V·
1477 5122 1501 5166 tt
