4842 6642
757 871 896 928 caurus
919 873 1134 930 raucasruus
1157 873 1301 928 nmuus.
1540 861 1610 928 481

442 1018 558 1094 electe
583 1023 620 1094 et
644 1017 774 1094 dilecte
797 1039 821 1094 a
846 1020 935 1111 lieo,
953 1039 1020 1114 per
1039 1019 1145 1094 cuius
1168 1019 1326 1115 gratiam
1354 1025 1393 1094 tu
1420 1019 1611 1094 ascendisti

441 1138 488 1214 ad
512 1145 590 1212 lam
614 1138 726 1213 altam
754 1137 943 1234 visionem,
968 1147 1087 1232 questo
1109 1159 1206 1214 esser
1224 1141 1412 1230 mornado,
1429 1139 1533 1232 idest,
1555 1161 1614 1214 es-

440 1259 556 1335 sentia
581 1265 619 1334 et
642 1264 760 1334 slatus
785 1257 888 1334 istius
913 1259 1016 1355 regni
1040 1259 1220 1356 gaudiosi,
1245 1281 1317 1333 non
1349 1262 1374 1333 n·
1400 1249 1490 1334 sord
1515 1267 1611 1352 noto,

440 1379 542 1472 idest,
576 1400 648 1454 non
682 1379 744 1454 liet
775 1379 838 1454 tibi
872 1380 1119 1472 manifestum,
1151 1383 1298 1454 arendo
1331 1385 1382 1472 aa·
1415 1384 1523 1482 occdi
1540 1403 1613 1475 pur

440 1504 635 1594 mayolum
649 1503 690 1574 cl
706 1503 830 1593 fondo,
848 1500 949 1595 idest,
968 1500 1195 1596 respiciendo
1220 1508 1258 1576 cl
1282 1502 1504 1597 speculando
1530 1509 1613 1576 tan-

442 1630 516 1698 tam
530 1615 569 1714 (¹)
601 1621 774 1698 lamiliam
808 1620 1020 1697 interiorem
1053 1623 1163 1698 huius
1195 1624 1328 1718 curiam
1355 1623 1459 1729 quasi
1492 1624 1610 1700 dicat:

443 1765 516 1818 nou
548 1742 896 1838 replementum
932 1761 993 1816 me
1021 1749 1060 1817 et
1087 1742 1181 1850 alios
1209 1745 1511 1841 contemplantes,
1547 1745 1611 1820 sed

440 1869 586 1960 oportet
602 1869 639 1938 te
660 1860 861 1938 ascendere
886 1868 1030 1936 mntem
1055 1881 1143 1937 cum
1170 1864 1252 1940 visu
1277 1862 1376 1960 quod
1400 1865 1523 1941 videas
1549 1885 1609 1942 re-

441 1984 565 2080 ginam
591 1981 861 2058 serenissimam
887 1989 925 2056 et
950 1981 1230 2058 illustrissimam
1256 1984 1366 2060 huius
1392 1985 1612 2082 regnique

441 2102 608 2179 ostendet
631 2101 694 2178 tibi
725 2119 865 2198 regem,
900 2101 947 2176 ad
973 2122 1087 2196 quem
1114 2102 1312 2179 videndum
1347 2109 1387 2179 tu
1420 2105 1610 2181 ascendisti

441 2222 723 2300 laboriosissime
739 2213 776 2314 (¹)
803 2221 899 2296 istud
926 2241 1096 2319 regnum.
1115 2223 1217 2299 Unde
1234 2223 1376 2298 subdit:
1394 2245 1454 2300 ma
1469 2228 1613 2317 quarata

440 2348 454 2416 t
476 2345 602 2435 ceroti,
623 2341 725 2436 idest,
745 2341 884 2438 gradus
908 2350 946 2419 et
971 2341 1076 2418 sedes
1093 2342 1294 2418 circulares
1311 2343 1483 2419 loliorum
1506 2365 1610 2438 rosae,

440 2464 479 2538 in
504 2462 638 2557 quibus
663 2469 750 2536 sunt
781 2462 915 2538 animae
940 2462 1146 2557 beatorum,
1171 2466 1282 2556 rufino
1315 2467 1354 2538 at
1378 2460 1440 2557 ptri
1463 2473 1612 2554 remoto,

440 2583 541 2679 idest,
554 2581 601 2658 ad
618 2603 837 2679 supremum
861 2583 1022 2680 gradum
1041 2583 1179 2680 regine
1193 2575 1243 2676 (³).
1263 2585 1366 2660 Unde
1384 2585 1488 2662 dicit:
1510 2593 1608 2660 tamo

425 2707 500 2780 cde
525 2709 626 2796 cenot
648 2707 750 2780 seder
780 2707 817 2778 to
845 2707 983 2797 rendra,
1009 2708 1067 2778 orci
1097 2712 1215 2796 questo
1243 2726 1354 2797 rayno
1384 2703 1566 2782 dsuddlto
1591 2730 1610 2780 e

439 2828 573 2900 devoto
586 2829 691 2900 -lo
710 2828 811 2900 aaa.
838 2825 904 2900 llic
926 2831 1036 2901 autor
1058 2825 1217 2902 ostendit
1233 2826 1419 2920 quomodo
1441 2826 1610 2903 admoni-

440 2950 501 3021 tus
519 2967 544 3021 a
560 2947 749 3022 Bernardo
768 2945 930 3022 erexerit
950 2945 1070 3020 vuum
1096 2953 1133 3022 et
1158 2945 1288 3022 viderit
1313 2945 1438 3024 sedem
1460 2947 1610 3045 reginas,

440 3088 554 3161 quam
579 3067 750 3144 describit
774 3087 841 3162 per
865 3087 979 3143 unam
998 3066 1158 3142 nobilem
1177 3067 1612 3163 comparationemque

442 3189 602 3266 breviter
625 3194 698 3264 stat
722 3188 759 3264 iu
784 3188 873 3264 hoo:
899 3193 1039 3281 quanto
1065 3187 1102 3262 in
1127 3187 1303 3284 principio
1322 3187 1406 3282 diei,
1427 3195 1510 3266 orto
1529 3188 1607 3283 J'am

440 3311 528 3405 sole,
548 3331 633 3406 pars
657 3308 844 3384 orientalis
867 3314 923 3384 est
947 3308 1081 3382 clarior
1098 3329 1212 3402 quam
1229 3309 1484 3404 occidentalis;
1511 3315 1612 3384 tunm

442 3431 546 3507 sedes
568 3430 629 3504 illa
653 3429 776 3504 illaria
800 3435 882 3504 erat
905 3428 1041 3504 clarior
1065 3428 1218 3506 ceteris
1240 3430 1346 3505 Nunc
1371 3436 1544 3504 oonsuue
1560 3428 1611 3502 sic

441 3551 605 3626 literam:
631 3554 672 3624 lo
696 3552 786 3624 knut
807 3551 859 3642 ati
881 3551 990 3640 ocati,
1009 3549 1156 3643 scilicet,
1182 3547 1456 3641 intellectuales,
1473 3570 1493 3621 e
1509 3551 1611 3638 quusi

441 3671 611 3744 andmdo
642 3671 680 3744 di
712 3671 802 3743 oatk
833 3689 859 3742 a
888 3675 1003 3744 oronte
1035 3689 1103 3744 con
1132 3673 1184 3760 aa·
1213 3671 1320 3762 occdi,
1358 3667 1463 3763 quasi
1495 3666 1608 3742 dicat:

345 3809 349 3814 ·
440 3789 669 3865 ascendendo
692 3809 780 3863 cum
806 3788 1054 3884 speculatione
1069 3789 1118 3864 ab
1138 3787 1214 3864 imo
1230 3789 1277 3864 ad
1293 3807 1483 3864 summum
1504 3807 1607 3882 rosae,

442 3911 511 3984 vidi
532 3915 647 4003 mate,
675 3908 821 4001 scilicet,
848 3929 960 3984 unam
984 3909 1160 4003 aliquam,
1179 3911 1271 3984 netto
1295 3915 1439 4000 enemo,
1458 3907 1606 4002 scilieet,

439 4029 525 4123 alto,
550 4028 614 4104 ubi
633 4037 714 4106 erat
730 4029 837 4104 beata
860 4028 983 4124 Virgo,
1000 4032 1119 4104 oimcer
1134 4031 1172 4102 di
1187 4031 1290 4119 lurae,
1308 4028 1411 4121 idest,
1429 4027 1605 4124 claritate,

439 4156 524 4224 turta
548 4152 571 4223 l'
583 4152 679 4224 mdc
703 4152 835 4242 fronte,
869 4146 972 4240 idest,
1002 4153 1115 4224 totam
1146 4147 1256 4222 aliam
1291 4147 1420 4224 ladem
1454 4167 1608 4240 roste,a

439 4269 557 4364 dardi
589 4263 663 4343 cori
685 4289 783 4342 corte
810 4271 848 4342 tc
872 4275 980 4360 pora
1007 4270 1159 4342 nectat
1181 4269 1259 4342 dctl'
1273 4270 1456 4342 amarante
1485 4287 1608 4342 sover-

438 4393 528 4484 etto,
554 4389 658 4484 idest,
683 4397 833 4484 superat
856 4395 894 4466 et
907 4377 945 4480 (⁸)
973 4387 1094 4482 vincit,
1119 4391 1170 4464 do
1193 4391 1353 4476 mitian,
1380 4386 1528 4483 quando
1555 4388 1608 4462 sol

438 4510 597 4588 amenus
612 4509 876 4605 hemisperium
894 4515 1076 4603 nostrum,
1094 4511 1208 4600 amita
1224 4511 1313 4582 done
1330 4510 1356 4580 't
1378 4510 1434 4582 rot
1455 4507 1607 4598 mana,

438 4631 542 4726 idest,
567 4636 709 4726 partem
733 4628 1010 4724 occidentalem,
1028 4627 1092 4704 ubi
1107 4628 1161 4702 sol
1179 4627 1264 4702 iacit
1283 4649 1393 4704 suum
1420 4647 1605 4704 occasum.

438 4753 483 4826 tlt
506 4752 565 4827 hic
591 4749 672 4826 ride
696 4754 879 4845 quantum
898 4767 1058 4843 presens
1073 4747 1301 4843 comparatio
1321 4747 1367 4822 sit
1386 4747 1607 4824 declarativa

499 4940 527 5000 l't
543 4939 574 4989 B·
590 4944 700 4990 uotum.
1018 4934 1047 4998 (Ἴ
1062 4936 1094 4985 li.
1112 4936 1249 4986 laboriosa.

501 5016 528 5079 ‹⁸›
542 5016 569 5068 d
585 5018 671 5080 mit·
1017 5013 1047 5075 (¹)
1063 5013 1093 5063 a..
1111 5018 1138 5063 et
1154 5013 1233 5062 rrum
1249 5013 1336 5062 vincta.

571 5120 599 5166 Ῐ.
1450 5119 1475 5162 al
