4842 6642
907 823 930 890 l
1300 834 1504 892 uounvvun
1529 837 1694 890 rnnnnrsv

905 979 1016 1056 unius
1041 979 1097 1054 sui
1124 979 1246 1054 fratris
1270 981 1410 1056 lamed.
1443 981 1496 1056 Ad
1526 981 1808 1058 declarationem
1841 983 1957 1059 literae
1981 1005 2078 1079 prae·

908 1101 1125 1176 mittendum
1159 1108 1224 1195 est,
1254 1102 1353 1196 quod
1379 1101 1568 1178 Eccelinos
1602 1104 1900 1198 praenominatus,
1928 1111 2077 1180 mortuo

906 1221 1091 1298 Friderieo
1115 1222 1157 1316 ll,
1183 1223 1243 1297 cui
1281 1223 1401 1298 linerat
1437 1224 1718 1318 conloederatus,
1751 1225 1862 1320 coepit
1899 1245 2076 1300 exercere

905 1363 1055 1418 omnem
1073 1343 1249 1418 saevitiam
1268 1344 1305 1417 in
1324 1351 1397 1418 tota
1415 1343 1575 1420 llarcbia
1587 1344 1775 1420 'lvivisana
1792 1339 1842 1438 (¹).
1860 1345 1929 1434 Qui
1943 1346 2075 1421 Oomes

905 1465 952 1541 de
976 1466 1142 1540 Romano
1174 1465 1294 1560 primo
1328 1465 1455 1540 lavore
1485 1465 1767 1540 llonticulorum
1796 1467 1923 1540 babuit
1954 1467 2074 1542 domi·

907 1586 1008 1661 nium
1035 1585 1071 1659 in
1092 1586 1256 1679 Verona3
1274 1585 1404 1660 deinde
1420 1585 1548 1659 babuit
1563 1586 1740 1680 Paduam,
1755 1585 1969 1682 vicentiam,
1985 1588 2075 1662 Ter-

906 1707 1049 1802 visium,
1082 1705 1257 1799 Feltrum,
1287 1705 1513 1800 Tridentum,
1547 1713 1584 1781 et
1617 1705 1747 1782 ultimo
1776 1706 1949 1782 Brixiam.
1979 1708 2072 1782 Cum

903 1835 1028 1904 autern
1043 1826 1242 1921 liccelinus,
1257 1826 1459 1901 medietatis
1473 1817 1511 1918 (²)
1528 1827 1745 1922 penetotius
1762 1828 1991 1904 Lombardiae
2007 1828 2073 1903 do-

904 1949 1036 2044 minus,
1063 1954 1156 2023 esset
1187 1947 1222 2020 iu
1254 1947 1441 2022 obsidione
1464 1949 1622 2022 llantuae
1654 1969 1740 2023 cum
1776 1949 1860 2023 torti
1894 1948 2072 2041 exercitu,

903 2069 1027 2145 audita
1052 2069 1247 2143 amissione
1272 2067 1408 2142 Paduae
1433 2074 1547 2163 captae
1573 2088 1639 2164 per
1657 2070 1820 2164 legatum
1843 2066 2019 2161 ecclesiae,
2037 2068 2073 2141 in

905 2187 1006 2265 rabie
1024 2187 1157 2262 luroris
1174 2207 1347 2262 reversus
1366 2186 1564 2282 Veronam,
1582 2209 1711 2263 omnes
1736 2189 1925 2285 paduanos
1950 2195 2074 2284 captos

902 2330 996 2406 quos
1013 2329 1139 2384 secum
1157 2307 1316 2382 habebat
1333 2328 1490 2382 numero
1506 2307 1699 2383 duodecim
1718 2309 1842 2404 millia,
1859 2309 1971 2402 lerro,
1988 2308 2074 2403 igne

902 2435 939 2506 et
969 2430 1067 2505 lame
1098 2427 1346 2523 consumpsit3
1380 2434 1418 2502 et
1451 2428 1480 2502 si
1514 2429 1598 2523 quis
1632 2430 1888 2505 inveniebatur
1919 2429 2072 2525 lugiens,

901 2551 1054 2648 pedibus
1085 2558 1122 2625 et
1152 2549 1320 2623 manibus
1355 2550 1605 2623 truncabatur.
1642 2550 1830 2625 Eccelinus
1854 2539 1890 2642 (³)
1918 2569 2073 2623 consan-

900 2671 1043 2772 gnineis
1074 2677 1111 2746 et
1143 2669 1271 2745 amicis
1309 2690 1383 2744 non
1415 2671 1585 2766 pepercit.
1617 2671 1780 2746 Tandem
1815 2672 1890 2744 bzo
1914 2671 1945 2742 ll
1976 2670 2071 2742 llar-

899 2793 982 2867 chio
1016 2789 1183 2884 Estensis,
1212 2791 1400 2865 mantuani
1427 2797 1465 2865 et
1489 2811 1749 2866 cremonenses
1780 2792 2070 2866 coniuraverunt

900 2919 1028 2988 centra
1054 2931 1152 2985 eum.
1179 2910 1368 2984 Eccelinus
1387 2918 1513 2986 autem
1533 2932 1683 3007 sperans
1708 2913 1876 2988 obtinere
1899 2911 2071 2986 llediola·

900 3053 991 3108 num
1018 3052 1039 3104 a
1066 3029 1285 3125 quibusdam
1321 3031 1564 3127 magnatibus,
1596 3032 1762 3106 transivit
1791 3033 1980 3124 Abduam3
2006 3030 2068 3105 sed

899 3152 1040 3227 detecta
1073 3147 1277 3244 proditione
1312 3149 1473 3244 rediens,
1506 3150 1643 3225 invenit
1679 3151 1818 3226 dumen
1849 3157 2069 3245 occupatum

899 3272 947 3347 ab
971 3270 1147 3363 hostibus,
1174 3275 1210 3343 et
1241 3269 1373 3344 timens
1399 3270 1666 3346 multitudinem
1695 3271 2021 3346 mediolanensium
2048 3290 2070 3343 a

899 3399 1004 3489 tergo
1035 3411 1122 3466 cum
1153 3390 1307 3466 Martino
1337 3391 1384 3465 de
1418 3392 1451 3465 la
1486 3392 1616 3486 Turre,
1644 3413 1710 3488 per
1744 3393 1907 3467 medium
1932 3393 2069 3466 vadum

898 3531 1068 3608 quaerens
1101 3510 1309 3585 evasionem
1343 3511 1473 3608 sagitta
1500 3513 1715 3586 vulneratus
1740 3520 1796 3587 est
1827 3511 1864 3586 in
1898 3511 1999 3608 pede.
2025 3511 2071 3584 lit
2196 3588 2209 3616 ⁶

898 3633 984 3727 quia
1010 3651 1122 3705 senex
1149 3635 1229 3705 erat
1254 3637 1291 3705 et
1315 3630 1535 3706 interclusus
1559 3633 1608 3706 ab
1633 3632 1798 3707 hostibus
1824 3653 1911 3706 cum
1937 3651 2070 3726 perve-

897 3752 1007 3827 nisset
1032 3751 1078 3826 ad
1103 3751 1257 3825 alteram
1286 3751 1414 3846 ripam,
1441 3752 1642 3826 debellatus
1659 3759 1714 3827 est
1734 3759 1771 3826 et
1788 3759 1916 3847 captus
1933 3772 1955 3825 a
1973 3753 2069 3826 llar-
2168 3851 2173 3856 ,

897 3871 1027 3947 chione
1061 3869 1200 3944 listensi
1232 3877 1268 3945 et
1299 3871 1389 3964 aliis,
1424 3876 1462 3946 et
1490 3872 1623 3946 ductus
1654 3871 1842 3946 Sulcinum
1858 3876 1869 3964 l
1885 3875 1910 3965 l,
1941 3871 2069 3945 nolens

896 3991 1060 4086 recipere
1084 3989 1326 4083 curationem,
1352 3989 1541 4065 infeliciter
1566 3998 1736 4065 mortuus
1761 3996 1827 4084 est,
1858 4012 1944 4065 cum
1971 3997 2067 4065 esset

893 4133 1078 4186 annorum
1104 4110 1207 4205 quasi
1235 4111 1463 4207 septuaginta
1488 4116 1526 4184 et
1550 4110 1629 4184 sine
1655 4110 1767 4204 prole.
1793 4111 1973 4206 Regnavit
1998 4109 2068 4183 Ve-

896 4253 996 4306 ronae
1022 4231 1126 4304 annis
1152 4231 1301 4327 triginta
1327 4237 1499 4325 quatuor,
1518 4232 1667 4305 excluso
1691 4231 1832 4306 Comite
1857 4232 1971 4306 sancti
1996 4231 2068 4304 Bo-

896 4351 1024 4426 nilacii.
1052 4351 1243 4426 Albericus
1268 4351 1382 4425 lrater
1407 4351 1498 4444 eius,
1525 4351 1607 4425 licet
1632 4350 1751 4446 impar
1776 4351 1948 4446 potentia,
1974 4356 2068 4424 atta-

896 4493 983 4546 men
1015 4471 1176 4566 nequitia
1207 4493 1285 4567 par,
1317 4471 1441 4546 audita
1475 4479 1595 4545 morte
1630 4470 1752 4545 fratris
1786 4472 1877 4567 eius,
1903 4472 1995 4568 lugit
2023 4471 2070 4544 de

897 4593 1072 4685 Tervisi0,
1099 4593 1161 4665 ubi
1193 4599 1273 4666 erat
1303 4591 1489 4667 crudelius
1515 4599 1707 4688 tyrannus,
1731 4591 1778 4666 ad
1803 4612 1928 4667 arcem
1955 4592 2067 4666 sancti

894 4713 1066 4805 Zenonis;
1081 4711 1128 4786 ibi
1145 4703 1180 4804 (⁵)
1196 4714 1343 4787 clausus
1361 4712 1500 4786 viribus
1514 4718 1745 4806 venetorum,
1761 4714 1964 4808 proditione
1980 4733 2067 4786 suo·

956 4899 983 4962 (¹)
1000 4899 1031 4948 E.
1048 4899 1196 4950 Turrisuna.
1517 4899 1547 4962 (¹)
1561 4900 1592 4951 E.
1609 4901 1754 4951 medietatis
1770 4902 1857 4951 totius.

956 4975 981 5040 (⁸)
998 4977 1029 5028 Ε.
1046 4977 1184 5028 Eccellnus
1199 4979 1247 5028 isle
1263 4977 1466 5041 consanguineis.
1517 4974 1543 5038 (⁸)
1561 4980 1584 5036 t,
1601 4977 1749 5026 Fulcinum.
1803 4975 1831 5038 (⁸)
1847 4977 1877 5026 E.
1893 4975 1938 5026 ubi
1955 4976 2064 5027 clausus.
