<?xml version="1.0" encoding="UTF-8"?>
<!DOCTYPE html PUBLIC "-//W3C//DTD XHTML 1.0 Transitional//EN"
    "http://www.w3.org/TR/xhtml1/DTD/xhtml1-transitional.dtd">
<html xmlns="http://www.w3.org/1999/xhtml" xml:lang="en" lang="en">
 <head>
  <title>
</title>
<meta http-equiv="Content-Type" content="text/html;charset=utf-8" />
  <meta name='ocr-system' content='tesseract 3.04.00' />
  <meta name='ocr-capabilities' content='ocr_page ocr_carea ocr_par ocr_line ocrx_word'/>
</head>
<body>
  <div class='ocr_page' id='page_1' title='image "./comentumsuperda02benvgoog_0279.png"; bbox 0 0 4842 6642; ppageno 0'>
   <div class='ocr_carea' id='block_1_1' title="bbox 882 869 1743 944">
    <p class='ocr_par' dir='ltr' id='par_1_1' title="bbox 882 869 1743 944">
     <span class='ocr_line' id='line_1_1' title="bbox 882 869 1743 944; baseline -0.002 -2"><span class='ocrx_word' id='word_1_1' title='bbox 882 869 1024 944; x_wconf 74' lang='lat' dir='ltr'><strong>caurus</strong></span> <span class='ocrx_word' id='word_1_2' title='bbox 1046 887 1250 942; x_wconf 79' lang='lat' dir='ltr'><strong>rrousruus.</strong></span> <span class='ocrx_word' id='word_1_3' title='bbox 1579 874 1649 941; x_wconf 79' lang='lat'><strong>259</strong></span> <span class='ocrx_word' id='word_1_4' title='bbox 1740 934 1743 940; x_wconf 84' lang='lat'>.</span> 
     </span>
    </p>
   </div>
   <div class='ocr_carea' id='block_1_2' title="bbox 477 1016 1675 5102">
    <p class='ocr_par' dir='ltr' id='par_1_2' title="bbox 477 1016 1675 5102">
     <span class='ocr_line' id='line_1_2' title="bbox 479 1016 1651 1130; baseline -0.003 -21"><span class='ocrx_word' id='word_1_5' title='bbox 479 1037 592 1130; x_wconf 77' lang='lat' dir='ltr'><strong>boris,</strong></span> <span class='ocrx_word' id='word_1_6' title='bbox 605 1037 748 1111; x_wconf 87' lang='lat' dir='ltr'><strong>diceus:</strong></span> <span class='ocrx_word' id='word_1_7' title='bbox 774 1055 844 1107; x_wconf 85' lang='lat' dir='ltr'><strong>oro</strong></span> <span class='ocrx_word' id='word_1_8' title='bbox 860 1037 1046 1108; x_wconf 82' lang='lat' dir='ltr'><strong>cunosocil</strong></span> <span class='ocrx_word' id='word_1_9' title='bbox 1066 1016 1176 1106; x_wconf 74' lang='lat' dir='ltr'><strong>merto</strong></span> <span class='ocrx_word' id='word_1_10' title='bbox 1193 1036 1251 1106; x_wconf 85' lang='lat' dir='ltr'><strong>dcl</strong></span> <span class='ocrx_word' id='word_1_11' title='bbox 1265 1054 1329 1106; x_wconf 88' lang='lat' dir='ltr'><strong>suo</strong></span> <span class='ocrx_word' id='word_1_12' title='bbox 1346 1041 1449 1106; x_wconf 87' lang='lat' dir='ltr'><strong>conto</strong></span> <span class='ocrx_word' id='word_1_13' title='bbox 1466 1037 1502 1106; x_wconf 87' lang='lat' dir='ltr'><strong>in</strong></span> <span class='ocrx_word' id='word_1_14' title='bbox 1521 1041 1651 1126; x_wconf 83' lang='lat' dir='ltr'><strong>quanto</strong></span> 
     </span>
     <span class='ocr_line' id='line_1_3' title="bbox 477 1153 1651 1251; baseline -0.003 -23"><span class='ocrx_word' id='word_1_15' title='bbox 477 1161 594 1250; x_wconf 76' lang='lat' dir='ltr'><strong>offctto</strong></span> <span class='ocrx_word' id='word_1_16' title='bbox 616 1162 670 1251; x_wconf 78' lang='lat' dir='ltr'><strong>su,</strong></span> <span class='ocrx_word' id='word_1_17' title='bbox 698 1156 801 1249; x_wconf 90' lang='lat' dir='ltr'><strong>idest,</strong></span> <span class='ocrx_word' id='word_1_18' title='bbox 828 1155 864 1227; x_wconf 92' lang='lat' dir='ltr'><strong>iu</strong></span> <span class='ocrx_word' id='word_1_19' title='bbox 890 1161 1026 1248; x_wconf 91' lang='lat' dir='ltr'><strong>quanta</strong></span> <span class='ocrx_word' id='word_1_20' title='bbox 1058 1154 1251 1228; x_wconf 88' lang='lat' dir='ltr'><strong>allectione</strong></span> <span class='ocrx_word' id='word_1_21' title='bbox 1281 1160 1318 1228; x_wconf 91' lang='lat' dir='ltr'><strong>et</strong></span> <span class='ocrx_word' id='word_1_22' title='bbox 1347 1175 1460 1247; x_wconf 88' lang='lat' dir='ltr'><strong>quam</strong></span> <span class='ocrx_word' id='word_1_23' title='bbox 1498 1153 1651 1228; x_wconf 88' lang='lat' dir='ltr'><strong>ferventi</strong></span> 
     </span>
     <span class='ocr_line' id='line_1_4' title="bbox 479 1273 1654 1370; baseline -0.005 -20"><span class='ocrx_word' id='word_1_24' title='bbox 479 1277 556 1370; x_wconf 87' lang='lat' dir='ltr'><strong>fuit,</strong></span> <span class='ocrx_word' id='word_1_25' title='bbox 583 1281 640 1350; x_wconf 87' lang='lat' dir='ltr'><strong>dcl</strong></span> <span class='ocrx_word' id='word_1_26' title='bbox 662 1299 726 1350; x_wconf 84' lang='lat' dir='ltr'><strong>sno</strong></span> <span class='ocrx_word' id='word_1_27' title='bbox 751 1279 933 1367; x_wconf 70' lang='lat' dir='ltr'><strong>occupito,</strong></span> <span class='ocrx_word' id='word_1_28' title='bbox 960 1275 1106 1368; x_wconf 80' lang='lat' dir='ltr'><strong>scilicet,</strong></span> <span class='ocrx_word' id='word_1_29' title='bbox 1132 1274 1259 1348; x_wconf 86' lang='lat' dir='ltr'><strong>aeterui</strong></span> <span class='ocrx_word' id='word_1_30' title='bbox 1284 1273 1434 1367; x_wconf 87' lang='lat' dir='ltr'><strong>consilii,</strong></span> <span class='ocrx_word' id='word_1_31' title='bbox 1449 1295 1516 1367; x_wconf 86' lang='lat' dir='ltr'><strong>per</strong></span> <span class='ocrx_word' id='word_1_32' title='bbox 1539 1277 1573 1347; x_wconf 91' lang='lat' dir='ltr'><strong>lo</strong></span> <span class='ocrx_word' id='word_1_33' title='bbox 1594 1295 1654 1346; x_wconf 86' lang='lat' dir='ltr'><strong>rc-</strong></span> 
     </span>
     <span class='ocr_line' id='line_1_5' title="bbox 480 1393 1654 1490; baseline -0.003 -20"><span class='ocrx_word' id='word_1_34' title='bbox 480 1417 649 1470; x_wconf 83' lang='lat' dir='ltr'><strong>muncrcr</strong></span> <span class='ocrx_word' id='word_1_35' title='bbox 673 1393 759 1471; x_wconf 76' lang='lat' dir='ltr'><strong>cll’d</strong></span> <span class='ocrx_word' id='word_1_36' title='bbox 781 1401 994 1490; x_wconf 84' lang='lat' dir='ltr'><strong>oltrctlunto,</strong></span> <span class='ocrx_word' id='word_1_37' title='bbox 1023 1395 1126 1489; x_wconf 80' lang='lat' dir='ltr'><strong>idest,</strong></span> <span class='ocrx_word' id='word_1_38' title='bbox 1147 1401 1296 1489; x_wconf 90' lang='lat' dir='ltr'><strong>propter</strong></span> <span class='ocrx_word' id='word_1_39' title='bbox 1314 1393 1534 1490; x_wconf 84' lang='lat' dir='ltr'><strong>condignum</strong></span> <span class='ocrx_word' id='word_1_40' title='bbox 1559 1413 1654 1488; x_wconf 82' lang='lat' dir='ltr'><strong>prae·</strong></span> 
     </span>
     <span class='ocr_line' id='line_1_6' title="bbox 483 1493 1654 1612; baseline -0.002 -22"><span class='ocrx_word' id='word_1_41' title='bbox 483 1493 598 1590; x_wconf 84' lang='lat' dir='ltr'><strong>mium</strong></span> <span class='ocrx_word' id='word_1_42' title='bbox 629 1518 727 1612; x_wconf 90' lang='lat' dir='ltr'><strong>quod</strong></span> <span class='ocrx_word' id='word_1_43' title='bbox 757 1516 1016 1610; x_wconf 80' lang='lat' dir='ltr'><strong>correspondet</strong></span> <span class='ocrx_word' id='word_1_44' title='bbox 1042 1515 1106 1610; x_wconf 87' lang='lat' dir='ltr'><strong>ipsi</strong></span> <span class='ocrx_word' id='word_1_45' title='bbox 1140 1513 1289 1607; x_wconf 88' lang='lat' dir='ltr'><strong>merito;</strong></span> <span class='ocrx_word' id='word_1_46' title='bbox 1316 1514 1420 1608; x_wconf 84' lang='lat' dir='ltr'>quasi</span> <span class='ocrx_word' id='word_1_47' title='bbox 1447 1515 1565 1588; x_wconf 91' lang='lat' dir='ltr'><strong>dicat:</strong></span> <span class='ocrx_word' id='word_1_48' title='bbox 1593 1533 1654 1588; x_wconf 88' lang='lat' dir='ltr'><strong>co-</strong></span> 
     </span>
     <span class='ocr_line' id='line_1_7' title="bbox 482 1634 1654 1733; baseline -0.003 -24"><span class='ocrx_word' id='word_1_49' title='bbox 482 1637 621 1733; x_wconf 83' lang='lat' dir='ltr'><strong>gnoscit</strong></span> <span class='ocrx_word' id='word_1_50' title='bbox 650 1637 891 1731; x_wconf 78' lang='lat' dir='ltr'><strong>quantitatem</strong></span> <span class='ocrx_word' id='word_1_51' title='bbox 918 1637 974 1709; x_wconf 92' lang='lat' dir='ltr'><strong>sui</strong></span> <span class='ocrx_word' id='word_1_52' title='bbox 1001 1634 1121 1710; x_wconf 88' lang='lat' dir='ltr'><strong>meriti</strong></span> <span class='ocrx_word' id='word_1_53' title='bbox 1146 1655 1212 1729; x_wconf 91' lang='lat' dir='ltr'><strong>per</strong></span> <span class='ocrx_word' id='word_1_54' title='bbox 1238 1634 1478 1728; x_wconf 79' lang='lat' dir='ltr'><strong>quantitatem</strong></span> <span class='ocrx_word' id='word_1_55' title='bbox 1515 1634 1654 1730; x_wconf 82' lang='lat' dir='ltr'><strong>praemii</strong></span> 
     </span>
     <span class='ocr_line' id='line_1_8' title="bbox 483 1755 1656 1850; baseline -0.001 -21"><span class='ocrx_word' id='word_1_56' title='bbox 483 1777 558 1850; x_wconf 87' lang='lat' dir='ltr'><strong>quo</strong></span> <span class='ocrx_word' id='word_1_57' title='bbox 584 1776 682 1830; x_wconf 92' lang='lat' dir='ltr'><strong>nuuc</strong></span> <span class='ocrx_word' id='word_1_58' title='bbox 708 1756 1137 1848; x_wconf 75' lang='lat' dir='ltr'><strong>fraitun-Dc&#39;ot&#39;npne.</strong></span> <span class='ocrx_word' id='word_1_59' title='bbox 1163 1755 1229 1829; x_wconf 87' lang='lat' dir='ltr'><strong>llio</strong></span> <span class='ocrx_word' id='word_1_60' title='bbox 1254 1755 1376 1849; x_wconf 88' lang='lat' dir='ltr'><strong>aquila</strong></span> <span class='ocrx_word' id='word_1_61' title='bbox 1403 1755 1566 1828; x_wconf 88' lang='lat' dir='ltr'><strong>nominat</strong></span> <span class='ocrx_word' id='word_1_62' title='bbox 1598 1774 1656 1829; x_wconf 83' lang='lat' dir='ltr'><strong>se·</strong></span> 
     </span>
     <span class='ocr_line' id='line_1_9' title="bbox 483 1876 1656 1973; baseline 0.002 -24"><span class='ocrx_word' id='word_1_63' title='bbox 483 1876 646 1950; x_wconf 92' lang='lat' dir='ltr'><strong>cundum</strong></span> <span class='ocrx_word' id='word_1_64' title='bbox 673 1877 840 1973; x_wconf 92' lang='lat' dir='ltr'><strong>spiritum</strong></span> <span class='ocrx_word' id='word_1_65' title='bbox 867 1877 944 1951; x_wconf 86' lang='lat' dir='ltr'><strong>sive</strong></span> <span class='ocrx_word' id='word_1_66' title='bbox 970 1877 1168 1972; x_wconf 79' lang='lat' dir='ltr'><strong>principem</strong></span> <span class='ocrx_word' id='word_1_67' title='bbox 1191 1878 1348 1971; x_wconf 90' lang='lat' dir='ltr'><strong>justum,</strong></span> <span class='ocrx_word' id='word_1_68' title='bbox 1369 1876 1505 1950; x_wconf 89' lang='lat' dir='ltr'><strong>scilicet</strong></span> <span class='ocrx_word' id='word_1_69' title='bbox 1530 1877 1656 1951; x_wconf 89' lang='lat' dir='ltr'><strong>Traia·</strong></span> 
     </span>
     <span class='ocr_line' id='line_1_10' title="bbox 486 1997 1657 2094; baseline 0.003 -25"><span class='ocrx_word' id='word_1_70' title='bbox 486 2018 575 2070; x_wconf 90' lang='lat' dir='ltr'><strong>uum</strong></span> <span class='ocrx_word' id='word_1_71' title='bbox 603 1998 876 2093; x_wconf 79' lang='lat' dir='ltr'><strong>imperatorem,</strong></span> <span class='ocrx_word' id='word_1_72' title='bbox 909 2019 1021 2092; x_wconf 86' lang='lat' dir='ltr'><strong>quem</strong></span> <span class='ocrx_word' id='word_1_73' title='bbox 1053 1998 1225 2072; x_wconf 87' lang='lat' dir='ltr'><strong>describit</strong></span> <span class='ocrx_word' id='word_1_74' title='bbox 1258 2018 1280 2070; x_wconf 93' lang='lat' dir='ltr'><strong>a</strong></span> <span class='ocrx_word' id='word_1_75' title='bbox 1315 1997 1490 2094; x_wconf 85' lang='lat' dir='ltr'><strong>singulari</strong></span> <span class='ocrx_word' id='word_1_76' title='bbox 1522 1999 1657 2073; x_wconf 88' lang='lat' dir='ltr'><strong>virtute</strong></span> 
     </span>
     <span class='ocr_line' id='line_1_11' title="bbox 479 2116 1657 2212; baseline 0.003 -24"><span class='ocrx_word' id='word_1_77' title='bbox 479 2116 641 2211; x_wconf 76' lang='lat' dir='ltr'><strong>justitiae,</strong></span> <span class='ocrx_word' id='word_1_78' title='bbox 667 2116 809 2192; x_wconf 87' lang='lat' dir='ltr'><strong>diceus:</strong></span> <span class='ocrx_word' id='word_1_79' title='bbox 837 2121 935 2190; x_wconf 78' lang='lat' dir='ltr'><strong>colui</strong></span> <span class='ocrx_word' id='word_1_80' title='bbox 957 2121 1010 2191; x_wconf 90' lang='lat' dir='ltr'><strong>de’</strong></span> <span class='ocrx_word' id='word_1_81' title='bbox 1024 2121 1145 2210; x_wconf 82' lang='lat' dir='ltr'><strong>ctnpuc</strong></span> <span class='ocrx_word' id='word_1_82' title='bbox 1169 2119 1228 2190; x_wconf 83' lang='lat' dir='ltr'><strong>clrc</strong></span> <span class='ocrx_word' id='word_1_83' title='bbox 1261 2120 1309 2188; x_wconf 86' lang='lat' dir='ltr'><strong>mi</strong></span> <span class='ocrx_word' id='word_1_84' title='bbox 1335 2121 1401 2211; x_wconf 81' lang='lat' dir='ltr'><strong>sun</strong></span> <span class='ocrx_word' id='word_1_85' title='bbox 1431 2122 1565 2192; x_wconf 73' lang='lat' dir='ltr'><strong>carcinio</strong></span> <span class='ocrx_word' id='word_1_86' title='bbox 1592 2140 1657 2212; x_wconf 88' lang='lat' dir='ltr'><strong>per</strong></span> 
     </span>
     <span class='ocr_line' id='line_1_12' title="bbox 484 2231 1657 2333; baseline 0.001 -21"><span class='ocrx_word' id='word_1_87' title='bbox 484 2241 599 2332; x_wconf 76' lang='lat' dir='ltr'><strong>ctptic,</strong></span> <span class='ocrx_word' id='word_1_88' title='bbox 638 2231 741 2332; x_wconf 89' lang='lat' dir='ltr'><strong>idest,</strong></span> <span class='ocrx_word' id='word_1_89' title='bbox 776 2239 840 2332; x_wconf 89' lang='lat' dir='ltr'><strong>qui</strong></span> <span class='ocrx_word' id='word_1_90' title='bbox 873 2239 1010 2313; x_wconf 90' lang='lat' dir='ltr'><strong>faciunt</strong></span> <span class='ocrx_word' id='word_1_91' title='bbox 1045 2238 1132 2312; x_wconf 91' lang='lat' dir='ltr'><strong>mibi</strong></span> <span class='ocrx_word' id='word_1_92' title='bbox 1164 2239 1344 2313; x_wconf 88' lang='lat' dir='ltr'><strong>circulum</strong></span> <span class='ocrx_word' id='word_1_93' title='bbox 1373 2239 1468 2313; x_wconf 90' lang='lat' dir='ltr'><strong>circa</strong></span> <span class='ocrx_word' id='word_1_94' title='bbox 1495 2241 1657 2333; x_wconf 87' lang='lat' dir='ltr'><strong>oculum,</strong></span> 
     </span>
     <span class='ocr_line' id='line_1_13' title="bbox 484 2356 1657 2456; baseline 0.001 -24"><span class='ocrx_word' id='word_1_95' title='bbox 484 2363 544 2432; x_wconf 85' lang='lat' dir='ltr'><strong>cte</strong></span> <span class='ocrx_word' id='word_1_96' title='bbox 563 2356 627 2452; x_wconf 79' lang='lat' dir='ltr'><strong>piri</strong></span> <span class='ocrx_word' id='word_1_97' title='bbox 652 2363 700 2433; x_wconf 85' lang='lat' dir='ltr'><strong>mi</strong></span> <span class='ocrx_word' id='word_1_98' title='bbox 723 2363 901 2434; x_wconf 81' lang='lat' dir='ltr'><strong>s’occosto</strong></span> <span class='ocrx_word' id='word_1_99' title='bbox 926 2363 965 2432; x_wconf 88' lang='lat' dir='ltr'><strong>ol</strong></span> <span class='ocrx_word' id='word_1_100' title='bbox 988 2361 1109 2453; x_wconf 87' lang='lat' dir='ltr'><strong>becco,·</strong></span> <span class='ocrx_word' id='word_1_101' title='bbox 1134 2360 1171 2432; x_wconf 95' lang='lat' dir='ltr'><strong>iu</strong></span> <span class='ocrx_word' id='word_1_102' title='bbox 1196 2367 1366 2433; x_wconf 84' lang='lat' dir='ltr'><strong>extremo</strong></span> <span class='ocrx_word' id='word_1_103' title='bbox 1386 2361 1523 2456; x_wconf 83' lang='lat' dir='ltr'><strong>angulo</strong></span> <span class='ocrx_word' id='word_1_104' title='bbox 1548 2360 1657 2452; x_wconf 84' lang='lat' dir='ltr'><strong>oculi,</strong></span> 
     </span>
     <span class='ocr_line' id='line_1_14' title="bbox 485 2472 1659 2575; baseline 0.001 -23"><span class='ocrx_word' id='word_1_105' title='bbox 485 2472 628 2553; x_wconf 81' lang='lat' dir='ltr'><strong>cmcsold</strong></span> <span class='ocrx_word' id='word_1_106' title='bbox 654 2483 690 2552; x_wconf 88' lang='lat' dir='ltr'><strong>lu</strong></span> <span class='ocrx_word' id='word_1_107' title='bbox 715 2483 892 2554; x_wconf 80' lang='lat' dir='ltr'><strong>uedouettn</strong></span> <span class='ocrx_word' id='word_1_108' title='bbox 918 2482 976 2553; x_wconf 82' lang='lat' dir='ltr'><strong>del</strong></span> <span class='ocrx_word' id='word_1_109' title='bbox 995 2483 1107 2572; x_wconf 80' lang='lat' dir='ltr'><strong>fiplio,</strong></span> <span class='ocrx_word' id='word_1_110' title='bbox 1128 2479 1175 2554; x_wconf 92' lang='lat' dir='ltr'><strong>de</strong></span> <span class='ocrx_word' id='word_1_111' title='bbox 1199 2480 1265 2552; x_wconf 89' lang='lat' dir='ltr'><strong>ista</strong></span> <span class='ocrx_word' id='word_1_112' title='bbox 1293 2479 1536 2554; x_wconf 78' lang='lat' dir='ltr'><strong>satisfactione</strong></span> <span class='ocrx_word' id='word_1_113' title='bbox 1549 2479 1659 2575; x_wconf 77' lang='lat' dir='ltr'><strong>iusti-</strong></span> 
     </span>
     <span class='ocr_line' id='line_1_15' title="bbox 488 2598 1660 2694; baseline -0.001 -22"><span class='ocrx_word' id='word_1_114' title='bbox 488 2599 548 2672; x_wconf 83' lang='lat' dir='ltr'><strong>tiae</strong></span> <span class='ocrx_word' id='word_1_115' title='bbox 581 2599 720 2674; x_wconf 90' lang='lat' dir='ltr'><strong>dictum</strong></span> <span class='ocrx_word' id='word_1_116' title='bbox 752 2609 808 2675; x_wconf 91' lang='lat' dir='ltr'><strong>est</strong></span> <span class='ocrx_word' id='word_1_117' title='bbox 836 2600 967 2674; x_wconf 89' lang='lat' dir='ltr'><strong>diffuse</strong></span> <span class='ocrx_word' id='word_1_118' title='bbox 996 2600 1156 2694; x_wconf 92' lang='lat' dir='ltr'><strong>capitulo</strong></span> <span class='ocrx_word' id='word_1_119' title='bbox 1188 2598 1331 2674; x_wconf 88' lang='lat' dir='ltr'><strong>decimo</strong></span> <span class='ocrx_word' id='word_1_120' title='bbox 1365 2599 1581 2694; x_wconf 83' lang='lat' dir='ltr'><strong>Purgatorii.</strong></span> <span class='ocrx_word' id='word_1_121' title='bbox 1617 2600 1660 2684; x_wconf 84' lang='lat' dir='ltr'><strong>Et</strong></span> 
     </span>
     <span class='ocr_line' id='line_1_16' title="bbox 488 2719 1660 2817; baseline 0.003 -26"><span class='ocrx_word' id='word_1_122' title='bbox 488 2719 575 2812; x_wconf 81' lang='lat' dir='ltr'><strong>quta</strong></span> <span class='ocrx_word' id='word_1_123' title='bbox 598 2720 777 2794; x_wconf 81' lang='lat' dir='ltr'><strong>Traianus</strong></span> <span class='ocrx_word' id='word_1_124' title='bbox 804 2720 870 2793; x_wconf 90' lang='lat' dir='ltr'><strong>fuit</strong></span> <span class='ocrx_word' id='word_1_125' title='bbox 896 2741 1070 2817; x_wconf 82' lang='lat' dir='ltr'><strong>paganus,</strong></span> <span class='ocrx_word' id='word_1_126' title='bbox 1097 2720 1178 2794; x_wconf 90' lang='lat' dir='ltr'><strong>ideo</strong></span> <span class='ocrx_word' id='word_1_127' title='bbox 1204 2719 1326 2792; x_wconf 87' lang='lat' dir='ltr'><strong>subdit</strong></span> <span class='ocrx_word' id='word_1_128' title='bbox 1355 2727 1536 2814; x_wconf 88' lang='lat' dir='ltr'><strong>quantum</strong></span> <span class='ocrx_word' id='word_1_129' title='bbox 1562 2722 1660 2815; x_wconf 90' lang='lat' dir='ltr'><strong>peri-</strong></span> 
     </span>
     <span class='ocr_line' id='line_1_17' title="bbox 490 2820 1662 2935; baseline 0 -21"><span class='ocrx_word' id='word_1_130' title='bbox 490 2839 614 2914; x_wconf 92' lang='lat' dir='ltr'><strong>culum</strong></span> <span class='ocrx_word' id='word_1_131' title='bbox 647 2840 691 2913; x_wconf 91' lang='lat' dir='ltr'><strong>sit</strong></span> <span class='ocrx_word' id='word_1_132' title='bbox 727 2820 861 2914; x_wconf 70' lang='lat' dir='ltr'><strong>anima}</strong></span> <span class='ocrx_word' id='word_1_133' title='bbox 899 2862 971 2916; x_wconf 92' lang='lat' dir='ltr'><strong>uon</strong></span> <span class='ocrx_word' id='word_1_134' title='bbox 1003 2841 1155 2916; x_wconf 87' lang='lat' dir='ltr'><strong>credere</strong></span> <span class='ocrx_word' id='word_1_135' title='bbox 1187 2841 1384 2935; x_wconf 83' lang='lat' dir='ltr'><strong>Christum,</strong></span> <span class='ocrx_word' id='word_1_136' title='bbox 1404 2841 1563 2920; x_wconf 90' lang='lat' dir='ltr'><strong>diceus:</strong></span> <span class='ocrx_word' id='word_1_137' title='bbox 1595 2863 1662 2914; x_wconf 86' lang='lat' dir='ltr'><strong>oro</strong></span> 
     </span>
     <span class='ocr_line' id='line_1_18' title="bbox 487 2963 1661 3055; baseline 0.003 -21"><span class='ocrx_word' id='word_1_138' title='bbox 487 2981 633 3034; x_wconf 84' lang='lat' dir='ltr'><strong>conoscc</strong></span> <span class='ocrx_word' id='word_1_139' title='bbox 658 2965 788 3053; x_wconf 84' lang='lat' dir='ltr'><strong>pncnto</strong></span> <span class='ocrx_word' id='word_1_140' title='bbox 813 2970 909 3035; x_wconf 85' lang='lat' dir='ltr'><strong>costo</strong></span> <span class='ocrx_word' id='word_1_141' title='bbox 938 2982 1026 3036; x_wconf 87' lang='lat' dir='ltr'><strong>coro</strong></span> <span class='ocrx_word' id='word_1_142' title='bbox 1057 2984 1130 3036; x_wconf 83' lang='lat' dir='ltr'><strong>uon</strong></span> <span class='ocrx_word' id='word_1_143' title='bbox 1160 2966 1278 3052; x_wconf 82' lang='lat' dir='ltr'><strong>sepuir</strong></span> <span class='ocrx_word' id='word_1_144' title='bbox 1312 2965 1437 3054; x_wconf 75' lang='lat' dir='ltr'><strong>cristo,</strong></span> <span class='ocrx_word' id='word_1_145' title='bbox 1472 2963 1559 3055; x_wconf 86' lang='lat' dir='ltr'><strong>quia</strong></span> <span class='ocrx_word' id='word_1_146' title='bbox 1592 2963 1661 3037; x_wconf 89' lang='lat' dir='ltr'><strong>sci·</strong></span> 
     </span>
     <span class='ocr_line' id='line_1_19' title="bbox 489 3081 1662 3178; baseline 0.001 -22"><span class='ocrx_word' id='word_1_147' title='bbox 489 3083 583 3176; x_wconf 87' lang='lat' dir='ltr'><strong>licet,</strong></span> <span class='ocrx_word' id='word_1_148' title='bbox 609 3083 709 3157; x_wconf 89' lang='lat' dir='ltr'><strong>stetit</strong></span> <span class='ocrx_word' id='word_1_149' title='bbox 733 3083 768 3156; x_wconf 94' lang='lat' dir='ltr'><strong>iu</strong></span> <span class='ocrx_word' id='word_1_150' title='bbox 798 3082 962 3157; x_wconf 76' lang='lat' dir='ltr'><strong>infernali</strong></span> <span class='ocrx_word' id='word_1_151' title='bbox 988 3081 1156 3178; x_wconf 82' lang='lat' dir='ltr'><strong>angustia</strong></span> <span class='ocrx_word' id='word_1_152' title='bbox 1186 3103 1252 3177; x_wconf 90' lang='lat' dir='ltr'><strong>per</strong></span> <span class='ocrx_word' id='word_1_153' title='bbox 1285 3082 1502 3178; x_wconf 83' lang='lat' dir='ltr'><strong>quingentos</strong></span> <span class='ocrx_word' id='word_1_154' title='bbox 1534 3103 1662 3176; x_wconf 90' lang='lat' dir='ltr'><strong>annus,</strong></span> 
     </span>
     <span class='ocr_line' id='line_1_20' title="bbox 489 3200 1663 3298; baseline 0.002 -22"><span class='ocrx_word' id='word_1_155' title='bbox 489 3201 636 3296; x_wconf 84' lang='lat' dir='ltr'><strong>scilicet,</strong></span> <span class='ocrx_word' id='word_1_156' title='bbox 660 3202 768 3276; x_wconf 92' lang='lat' dir='ltr'><strong>a-die</strong></span> <span class='ocrx_word' id='word_1_157' title='bbox 794 3203 923 3276; x_wconf 89' lang='lat' dir='ltr'><strong>mortis</strong></span> <span class='ocrx_word' id='word_1_158' title='bbox 948 3222 1069 3296; x_wconf 88' lang='lat' dir='ltr'><strong>usque</strong></span> <span class='ocrx_word' id='word_1_159' title='bbox 1101 3201 1147 3276; x_wconf 90' lang='lat' dir='ltr'><strong>ad</strong></span> <span class='ocrx_word' id='word_1_160' title='bbox 1180 3209 1324 3297; x_wconf 92' lang='lat' dir='ltr'><strong>tempus</strong></span> <span class='ocrx_word' id='word_1_161' title='bbox 1357 3200 1534 3298; x_wconf 82' lang='lat' dir='ltr'><strong>Gregorii.</strong></span> <span class='ocrx_word' id='word_1_162' title='bbox 1562 3203 1663 3278; x_wconf 88' lang='lat' dir='ltr'><strong>Unde</strong></span> 
     </span>
     <span class='ocr_line' id='line_1_21' title="bbox 488 3323 1663 3417; baseline -0.001 -20"><span class='ocrx_word' id='word_1_163' title='bbox 488 3323 594 3398; x_wconf 87' lang='lat' dir='ltr'><strong>dicit:</strong></span> <span class='ocrx_word' id='word_1_164' title='bbox 617 3344 685 3416; x_wconf 79' lang='lat' dir='ltr'><strong>per</strong></span> <span class='ocrx_word' id='word_1_165' title='bbox 708 3325 745 3395; x_wconf 86' lang='lat' dir='ltr'><strong>lu</strong></span> <span class='ocrx_word' id='word_1_166' title='bbox 770 3325 972 3415; x_wconf 68' lang='lat' dir='ltr'><strong>aspertum</strong></span> <span class='ocrx_word' id='word_1_167' title='bbox 997 3326 1035 3396; x_wconf 77' lang='lat' dir='ltr'><strong>dt</strong></span> <span class='ocrx_word' id='word_1_168' title='bbox 1058 3331 1180 3416; x_wconf 68' lang='lat' dir='ltr'><strong>pamla</strong></span> <span class='ocrx_word' id='word_1_169' title='bbox 1204 3325 1303 3396; x_wconf 84' lang='lat' dir='ltr'><strong>dolce</strong></span> <span class='ocrx_word' id='word_1_170' title='bbox 1328 3327 1411 3414; x_wconf 80' lang='lat' dir='ltr'><strong>ullu,</strong></span> <span class='ocrx_word' id='word_1_171' title='bbox 1436 3345 1456 3395; x_wconf 90' lang='lat' dir='ltr'><strong>c</strong></span> <span class='ocrx_word' id='word_1_172' title='bbox 1480 3327 1572 3397; x_wconf 84' lang='lat' dir='ltr'><strong>della</strong></span> <span class='ocrx_word' id='word_1_173' title='bbox 1599 3345 1663 3417; x_wconf 82' lang='lat' dir='ltr'><strong>op·</strong></span> 
     </span>
     <span class='ocr_line' id='line_1_22' title="bbox 487 3441 1663 3538; baseline 0.001 -23"><span class='ocrx_word' id='word_1_174' title='bbox 487 3450 604 3536; x_wconf 90' lang='lat' dir='ltr'><strong>posta,</strong></span> <span class='ocrx_word' id='word_1_175' title='bbox 634 3441 737 3536; x_wconf 87' lang='lat' dir='ltr'><strong>idest,</strong></span> <span class='ocrx_word' id='word_1_176' title='bbox 771 3443 966 3537; x_wconf 88' lang='lat' dir='ltr'><strong>contraria,</strong></span> <span class='ocrx_word' id='word_1_177' title='bbox 1001 3443 1147 3536; x_wconf 86' lang='lat' dir='ltr'><strong>scilicet,</strong></span> <span class='ocrx_word' id='word_1_178' title='bbox 1178 3443 1356 3535; x_wconf 77' lang='lat' dir='ltr'><strong>infernali,</strong></span> <span class='ocrx_word' id='word_1_179' title='bbox 1391 3443 1426 3516; x_wconf 93' lang='lat' dir='ltr'><strong>in</strong></span> <span class='ocrx_word' id='word_1_180' title='bbox 1459 3464 1532 3538; x_wconf 86' lang='lat' dir='ltr'><strong>qua</strong></span> <span class='ocrx_word' id='word_1_181' title='bbox 1566 3445 1663 3518; x_wconf 89' lang='lat' dir='ltr'><strong>stetit</strong></span> 
     </span>
     <span class='ocr_line' id='line_1_23' title="bbox 493 3562 1664 3660; baseline 0 -22"><span class='ocrx_word' id='word_1_182' title='bbox 493 3570 692 3658; x_wconf 87' lang='lat' dir='ltr'><strong>antequam</strong></span> <span class='ocrx_word' id='word_1_183' title='bbox 726 3571 957 3660; x_wconf 63' lang='lat' dir='ltr'><strong>resurgerem</strong></span> <span class='ocrx_word' id='word_1_184' title='bbox 990 3563 1076 3657; x_wconf 84' lang='lat' dir='ltr'><strong>quia</strong></span> <span class='ocrx_word' id='word_1_185' title='bbox 1110 3562 1287 3636; x_wconf 80' lang='lat' dir='ltr'><strong>Traianus</strong></span> <span class='ocrx_word' id='word_1_186' title='bbox 1322 3564 1447 3637; x_wconf 89' lang='lat' dir='ltr'><strong>babuit</strong></span> <span class='ocrx_word' id='word_1_187' title='bbox 1473 3565 1664 3659; x_wconf 86' lang='lat' dir='ltr'><strong>experien-</strong></span> 
     </span>
     <span class='ocr_line' id='line_1_24' title="bbox 492 3682 1665 3779; baseline 0 -22"><span class='ocrx_word' id='word_1_188' title='bbox 492 3685 582 3758; x_wconf 91' lang='lat' dir='ltr'><strong>tiam</strong></span> <span class='ocrx_word' id='word_1_189' title='bbox 609 3685 656 3759; x_wconf 95' lang='lat' dir='ltr'><strong>de</strong></span> <span class='ocrx_word' id='word_1_190' title='bbox 681 3684 856 3778; x_wconf 87' lang='lat' dir='ltr'><strong>qualitate</strong></span> <span class='ocrx_word' id='word_1_191' title='bbox 882 3682 1010 3759; x_wconf 90' lang='lat' dir='ltr'><strong>inferni</strong></span> <span class='ocrx_word' id='word_1_192' title='bbox 1038 3691 1074 3758; x_wconf 85' lang='lat' dir='ltr'><strong>et</strong></span> <span class='ocrx_word' id='word_1_193' title='bbox 1101 3684 1271 3760; x_wconf 87' lang='lat' dir='ltr'><strong>felicitate</strong></span> <span class='ocrx_word' id='word_1_194' title='bbox 1293 3683 1468 3779; x_wconf 91' lang='lat' dir='ltr'><strong>paradisi;</strong></span> <span class='ocrx_word' id='word_1_195' title='bbox 1487 3685 1591 3779; x_wconf 87' lang='lat' dir='ltr'><strong>quasi</strong></span> <span class='ocrx_word' id='word_1_196' title='bbox 1612 3685 1665 3758; x_wconf 92' lang='lat' dir='ltr'><strong>di·</strong></span> 
     </span>
     <span class='ocr_line' id='line_1_25' title="bbox 493 3803 1666 3901; baseline -0.003 -22"><span class='ocrx_word' id='word_1_197' title='bbox 493 3811 572 3879; x_wconf 89' lang='lat' dir='ltr'><strong>cat:</strong></span> <span class='ocrx_word' id='word_1_198' title='bbox 599 3824 697 3878; x_wconf 92' lang='lat' dir='ltr'><strong>nunc</strong></span> <span class='ocrx_word' id='word_1_199' title='bbox 722 3803 831 3898; x_wconf 85' lang='lat' dir='ltr'><strong>ridet,</strong></span> <span class='ocrx_word' id='word_1_200' title='bbox 858 3804 956 3898; x_wconf 86' lang='lat' dir='ltr'><strong>quod</strong></span> <span class='ocrx_word' id='word_1_201' title='bbox 983 3805 1050 3878; x_wconf 91' lang='lat' dir='ltr'><strong>nisi</strong></span> <span class='ocrx_word' id='word_1_202' title='bbox 1067 3804 1219 3878; x_wconf 90' lang='lat' dir='ltr'><strong>fuissent</strong></span> <span class='ocrx_word' id='word_1_203' title='bbox 1236 3823 1363 3898; x_wconf 90' lang='lat' dir='ltr'><strong>preces</strong></span> <span class='ocrx_word' id='word_1_204' title='bbox 1380 3803 1544 3901; x_wconf 82' lang='lat' dir='ltr'><strong>Gregorii</strong></span> <span class='ocrx_word' id='word_1_205' title='bbox 1572 3813 1666 3878; x_wconf 86' lang='lat' dir='ltr'><strong>esset</strong></span> 
     </span>
     <span class='ocr_line' id='line_1_26' title="bbox 493 3923 1666 4020; baseline -0.002 -22"><span class='ocrx_word' id='word_1_206' title='bbox 493 3923 578 3998; x_wconf 93' lang='lat' dir='ltr'><strong>alibi</strong></span> <span class='ocrx_word' id='word_1_207' title='bbox 608 3931 647 3999; x_wconf 91' lang='lat' dir='ltr'><strong>et</strong></span> <span class='ocrx_word' id='word_1_208' title='bbox 676 3932 782 3998; x_wconf 84' lang='lat' dir='ltr'><strong>extra</strong></span> <span class='ocrx_word' id='word_1_209' title='bbox 808 3929 945 3997; x_wconf 90' lang='lat' dir='ltr'><strong>tautam</strong></span> <span class='ocrx_word' id='word_1_210' title='bbox 981 3923 1157 4020; x_wconf 83' lang='lat' dir='ltr'><strong>gloriam3</strong></span> <span class='ocrx_word' id='word_1_211' title='bbox 1192 3943 1261 3997; x_wconf 91' lang='lat' dir='ltr'><strong>nec</strong></span> <span class='ocrx_word' id='word_1_212' title='bbox 1290 3923 1445 4018; x_wconf 88' lang='lat' dir='ltr'><strong>mireris,</strong></span> <span class='ocrx_word' id='word_1_213' title='bbox 1480 3925 1605 4017; x_wconf 83' lang='lat' dir='ltr'><strong>lector,</strong></span> <span class='ocrx_word' id='word_1_214' title='bbox 1638 3924 1666 3997; x_wconf 92' lang='lat' dir='ltr'><strong>si</strong></span> 
     </span>
     <span class='ocr_line' id='line_1_27' title="bbox 496 4043 1667 4140; baseline -0.001 -21"><span class='ocrx_word' id='word_1_215' title='bbox 496 4051 606 4120; x_wconf 90' lang='lat' dir='ltr'><strong>autur</strong></span> <span class='ocrx_word' id='word_1_216' title='bbox 631 4046 766 4119; x_wconf 92' lang='lat' dir='ltr'><strong>iterum</strong></span> <span class='ocrx_word' id='word_1_217' title='bbox 795 4045 924 4138; x_wconf 89' lang='lat' dir='ltr'><strong>repetit</strong></span> <span class='ocrx_word' id='word_1_218' title='bbox 950 4044 1076 4118; x_wconf 89' lang='lat' dir='ltr'><strong>laudes</strong></span> <span class='ocrx_word' id='word_1_219' title='bbox 1096 4044 1252 4137; x_wconf 88' lang='lat' dir='ltr'><strong>Traiani,</strong></span> <span class='ocrx_word' id='word_1_220' title='bbox 1274 4043 1412 4140; x_wconf 89' lang='lat' dir='ltr'><strong>dequo</strong></span> <span class='ocrx_word' id='word_1_221' title='bbox 1431 4053 1505 4120; x_wconf 87' lang='lat' dir='ltr'><strong>tam</strong></span> <span class='ocrx_word' id='word_1_222' title='bbox 1527 4044 1667 4139; x_wconf 83' lang='lat' dir='ltr'><strong>prolixe</strong></span> 
     </span>
     <span class='ocr_line' id='line_1_28' title="bbox 497 4151 1668 4259; baseline 0.002 -23"><span class='ocrx_word' id='word_1_223' title='bbox 497 4163 633 4239; x_wconf 88' lang='lat' dir='ltr'><strong>fecerat</strong></span> <span class='ocrx_word' id='word_1_224' title='bbox 649 4169 855 4238; x_wconf 88' lang='lat' dir='ltr'><strong>tractatum</strong></span> <span class='ocrx_word' id='word_1_225' title='bbox 883 4163 918 4235; x_wconf 91' lang='lat' dir='ltr'><strong>iu</strong></span> <span class='ocrx_word' id='word_1_226' title='bbox 945 4151 1175 4258; x_wconf 82' lang='lat' dir='ltr'><strong>Purgatorio,</strong></span> <span class='ocrx_word' id='word_1_227' title='bbox 1202 4163 1289 4256; x_wconf 87' lang='lat' dir='ltr'><strong>quia</strong></span> <span class='ocrx_word' id='word_1_228' title='bbox 1317 4164 1384 4239; x_wconf 86' lang='lat' dir='ltr'><strong>iste</strong></span> <span class='ocrx_word' id='word_1_229' title='bbox 1410 4165 1477 4238; x_wconf 91' lang='lat' dir='ltr'><strong>fuit</strong></span> <span class='ocrx_word' id='word_1_230' title='bbox 1508 4165 1668 4259; x_wconf 90' lang='lat' dir='ltr'><strong>optimus</strong></span> 
     </span>
     <span class='ocr_line' id='line_1_29' title="bbox 497 4283 1669 4380; baseline -0.003 -22"><span class='ocrx_word' id='word_1_231' title='bbox 497 4283 664 4358; x_wconf 90' lang='lat' dir='ltr'><strong>omnium</strong></span> <span class='ocrx_word' id='word_1_232' title='bbox 690 4284 942 4380; x_wconf 77' lang='lat' dir='ltr'><strong>Augustorum</strong></span> <span class='ocrx_word' id='word_1_233' title='bbox 969 4291 1037 4357; x_wconf 89' lang='lat' dir='ltr'><strong>etc.</strong></span> <span class='ocrx_word' id='word_1_234' title='bbox 1051 4288 1146 4356; x_wconf 82' lang='grc' dir='ltr'><strong>-Ε</strong></span> <span class='ocrx_word' id='word_1_235' title='bbox 1169 4286 1255 4376; x_wconf 84' lang='lat' dir='ltr'><strong>puel.</strong></span> <span class='ocrx_word' id='word_1_236' title='bbox 1278 4283 1342 4357; x_wconf 88' lang='lat' dir='ltr'><strong>llic</strong></span> <span class='ocrx_word' id='word_1_237' title='bbox 1364 4285 1486 4378; x_wconf 86' lang='lat' dir='ltr'><strong>aquila</strong></span> <span class='ocrx_word' id='word_1_238' title='bbox 1507 4284 1669 4358; x_wconf 89' lang='lat' dir='ltr'><strong>nominat</strong></span> 
     </span>
     <span class='ocr_line' id='line_1_30' title="bbox 497 4403 1670 4500; baseline 0.001 -24"><span class='ocrx_word' id='word_1_239' title='bbox 497 4403 611 4477; x_wconf 90' lang='lat' dir='ltr'><strong>alium</strong></span> <span class='ocrx_word' id='word_1_240' title='bbox 643 4423 769 4500; x_wconf 85' lang='lat' dir='ltr'><strong>regem</strong></span> <span class='ocrx_word' id='word_1_241' title='bbox 796 4404 953 4499; x_wconf 85' lang='lat' dir='ltr'><strong>justum,</strong></span> <span class='ocrx_word' id='word_1_242' title='bbox 978 4403 1114 4478; x_wconf 88' lang='lat' dir='ltr'><strong>scilicet</strong></span> <span class='ocrx_word' id='word_1_243' title='bbox 1146 4404 1337 4478; x_wconf 86' lang='lat' dir='ltr'><strong>Ezechiam</strong></span> <span class='ocrx_word' id='word_1_244' title='bbox 1370 4406 1598 4500; x_wconf 82' lang='lat' dir='ltr'><strong>prophetam,</strong></span> <span class='ocrx_word' id='word_1_245' title='bbox 1624 4404 1670 4478; x_wconf 92' lang='lat' dir='ltr'><strong>dc</strong></span> 
     </span>
     <span class='ocr_line' id='line_1_31' title="bbox 497 4524 1669 4621; baseline 0 -23"><span class='ocrx_word' id='word_1_246' title='bbox 497 4545 573 4618; x_wconf 87' lang='lat' dir='ltr'><strong>quo</strong></span> <span class='ocrx_word' id='word_1_247' title='bbox 599 4524 771 4598; x_wconf 83' lang='lat' dir='ltr'><strong>scribitur</strong></span> <span class='ocrx_word' id='word_1_248' title='bbox 804 4524 897 4599; x_wconf 92' lang='lat' dir='ltr'><strong>libro</strong></span> <span class='ocrx_word' id='word_1_249' title='bbox 921 4525 1023 4598; x_wconf 86' lang='lat' dir='ltr'><strong>lsaice</strong></span> <span class='ocrx_word' id='word_1_250' title='bbox 1048 4530 1085 4597; x_wconf 91' lang='lat' dir='ltr'><strong>et</strong></span> <span class='ocrx_word' id='word_1_251' title='bbox 1110 4524 1204 4598; x_wconf 92' lang='lat' dir='ltr'><strong>libro</strong></span> <span class='ocrx_word' id='word_1_252' title='bbox 1230 4524 1386 4621; x_wconf 82' lang='lat' dir='ltr'><strong>Regum,</strong></span> <span class='ocrx_word' id='word_1_253' title='bbox 1412 4525 1474 4618; x_wconf 88' lang='lat' dir='ltr'><strong>qui</strong></span> <span class='ocrx_word' id='word_1_254' title='bbox 1507 4525 1669 4600; x_wconf 89' lang='lat' dir='ltr'><strong>nuntiata</strong></span> 
     </span>
     <span class='ocr_line' id='line_1_32' title="bbox 496 4643 1671 4741; baseline 0.001 -24"><span class='ocrx_word' id='word_1_255' title='bbox 496 4643 562 4718; x_wconf 89' lang='lat' dir='ltr'><strong>sibi</strong></span> <span class='ocrx_word' id='word_1_256' title='bbox 585 4650 704 4718; x_wconf 90' lang='lat' dir='ltr'><strong>morte</strong></span> <span class='ocrx_word' id='word_1_257' title='bbox 728 4645 776 4718; x_wconf 91' lang='lat' dir='ltr'><strong>ab</strong></span> <span class='ocrx_word' id='word_1_258' title='bbox 799 4646 931 4740; x_wconf 84' lang='lat' dir='ltr'><strong>angelo</strong></span> <span class='ocrx_word' id='word_1_259' title='bbox 952 4643 1119 4740; x_wconf 89' lang='lat' dir='ltr'><strong>prorupit</strong></span> <span class='ocrx_word' id='word_1_260' title='bbox 1143 4644 1180 4717; x_wconf 91' lang='lat' dir='ltr'><strong>iu</strong></span> <span class='ocrx_word' id='word_1_261' title='bbox 1205 4644 1392 4738; x_wconf 90' lang='lat' dir='ltr'><strong>planctum</strong></span> <span class='ocrx_word' id='word_1_262' title='bbox 1415 4652 1453 4719; x_wconf 92' lang='lat' dir='ltr'><strong>et</strong></span> <span class='ocrx_word' id='word_1_263' title='bbox 1477 4643 1671 4741; x_wconf 84' lang='lat' dir='ltr'><strong>lacrymas,</strong></span> 
     </span>
     <span class='ocr_line' id='line_1_33' title="bbox 496 4763 1674 4855; baseline 0 -18"><span class='ocrx_word' id='word_1_264' title='bbox 496 4763 640 4838; x_wconf 90' lang='lat' dir='ltr'><strong>dicens:</strong></span> <span class='ocrx_word' id='word_1_265' title='bbox 667 4769 748 4855; x_wconf 79' lang='lat' dir='ltr'><strong>Epo</strong></span> <span class='ocrx_word' id='word_1_266' title='bbox 768 4767 864 4838; x_wconf 73' lang='lat' dir='ltr'><strong>dini:</strong></span> <span class='ocrx_word' id='word_1_267' title='bbox 888 4767 927 4838; x_wconf 83' lang='lat' dir='ltr'><strong>in</strong></span> <span class='ocrx_word' id='word_1_268' title='bbox 952 4767 1096 4839; x_wconf 82' lang='lat' dir='ltr'><strong>dimidio</strong></span> <span class='ocrx_word' id='word_1_269' title='bbox 1121 4767 1258 4838; x_wconf 66' lang='lat' dir='ltr'><strong>dmum</strong></span> <span class='ocrx_word' id='word_1_270' title='bbox 1283 4783 1440 4837; x_wconf 78' lang='lat' dir='ltr'><strong>nwomtm</strong></span> <span class='ocrx_word' id='word_1_271' title='bbox 1468 4766 1598 4838; x_wconf 85' lang='lat' dir='ltr'><strong>oudam</strong></span> <span class='ocrx_word' id='word_1_272' title='bbox 1623 4768 1674 4837; x_wconf 87' lang='lat' dir='ltr'><strong>ad</strong></span> 
     </span>
     <span class='ocr_line' id='line_1_34' title="bbox 497 4882 1674 4982; baseline 0.002 -25"><span class='ocrx_word' id='word_1_273' title='bbox 497 4893 622 4978; x_wconf 83' lang='lat' dir='ltr'><strong>portus</strong></span> <span class='ocrx_word' id='word_1_274' title='bbox 637 4887 767 4980; x_wconf 78' lang='lat' dir='ltr'><strong>inscri;</strong></span> <span class='ocrx_word' id='word_1_275' title='bbox 784 4885 891 4961; x_wconf 89' lang='lat' dir='ltr'><strong>cuius</strong></span> <span class='ocrx_word' id='word_1_276' title='bbox 916 4885 1087 4982; x_wconf 89' lang='lat' dir='ltr'><strong>lacrymis</strong></span> <span class='ocrx_word' id='word_1_277' title='bbox 1112 4889 1149 4959; x_wconf 92' lang='lat' dir='ltr'><strong>et</strong></span> <span class='ocrx_word' id='word_1_278' title='bbox 1174 4884 1344 4980; x_wconf 86' lang='lat' dir='ltr'><strong>precibus</strong></span> <span class='ocrx_word' id='word_1_279' title='bbox 1363 4885 1461 4960; x_wconf 83' lang='lat' dir='ltr'><strong>Deus</strong></span> <span class='ocrx_word' id='word_1_280' title='bbox 1479 4882 1674 4982; x_wconf 84' lang='lat' dir='ltr'><strong>prolonga·</strong></span> 
     </span>
     <span class='ocr_line' id='line_1_35' title="bbox 500 5001 1675 5102; baseline 0 -24"><span class='ocrx_word' id='word_1_281' title='bbox 500 5005 553 5078; x_wconf 85' lang='lat' dir='ltr'><strong>rit</strong></span> <span class='ocrx_word' id='word_1_282' title='bbox 577 5005 737 5100; x_wconf 88' lang='lat' dir='ltr'><strong>spatium</strong></span> <span class='ocrx_word' id='word_1_283' title='bbox 763 5005 969 5100; x_wconf 86' lang='lat' dir='ltr'><strong>quindecim</strong></span> <span class='ocrx_word' id='word_1_284' title='bbox 998 5001 1192 5079; x_wconf 83' lang='lat' dir='ltr'><strong>annorum.</strong></span> <span class='ocrx_word' id='word_1_285' title='bbox 1221 5005 1313 5079; x_wconf 81' lang='lat' dir='ltr'><strong>uicit</strong></span> <span class='ocrx_word' id='word_1_286' title='bbox 1337 5025 1447 5102; x_wconf 86' lang='lat' dir='ltr'><strong>ergo:</strong></span> <span class='ocrx_word' id='word_1_287' title='bbox 1473 5027 1492 5078; x_wconf 86' lang='lat' dir='ltr'><strong>c</strong></span> <span class='ocrx_word' id='word_1_288' title='bbox 1516 5006 1596 5098; x_wconf 83' lang='lat' dir='ltr'><strong>pact</strong></span> <span class='ocrx_word' id='word_1_289' title='bbox 1615 5009 1675 5088; x_wconf 82' lang='lat' dir='ltr'><strong>cte</strong></span> 
     </span>
    </p>
   </div>
   <div class='ocr_carea' id='block_1_3' title="bbox 0 0 2445 6642">
    <p class='ocr_par' dir='ltr' id='par_1_3' title="bbox 0 0 2445 6642">
     <span class='ocr_line' id='line_1_36' title="bbox 0 0 2445 6642; baseline 0 0"><span class='ocrx_word' id='word_1_290' title='bbox 0 0 2445 6642; x_wconf 95' lang='lat' dir='ltr'><strong> </strong></span> 
     </span>
    </p>
   </div>
  </div>
 </body>
</html>
