4842 6642
774 821 913 879 usurus
938 824 1097 882 necinus
1122 825 1268 880 snxrus.
1536 815 1606 882 tot)

432 967 626 1044 ostendens
651 989 692 1044 se
716 987 850 1065 capere
875 969 1093 1046 immensam
1112 969 1277 1044 laetitiam
1295 991 1342 1044 ex
1363 971 1485 1046 verbis
1504 972 1606 1064 etue

434 1088 531 1163 unde
552 1089 656 1165 dicit:
674 1093 712 1164 lo
736 1097 847 1164 mente
863 1093 936 1164 ma
951 1093 1012 1164 nie
1025 1095 1067 1186 [a
1084 1094 1201 1166 letiaio
1215 1093 1253 1165 di
1268 1088 1319 1181 sd,
1335 1094 1484 1186 dmpie
1503 1095 1538 1166 d’
1551 1097 1606 1168 ol·

433 1211 599 1300 tenena
621 1231 688 1304 per
713 1213 800 1302 tenti
822 1213 905 1301 mni,
930 1211 1038 1305 quasi
1061 1211 1176 1286 dicat:
1203 1210 1252 1286 ita
1283 1232 1330 1286 ex
1365 1213 1467 1286 omni
1500 1220 1606 1308 parte

435 1329 598 1423 repletur
623 1329 756 1424 letitia,
783 1351 872 1424 que.
894 1337 1017 1406 tamen
1044 1339 1126 1406 erat
1142 1331 1243 1426 prins
1268 1331 1305 1406 in
1330 1351 1374 1406 se
1387 1331 1482 1407 laeta.
1503 1333 1606 1408 Unde

434 1447 538 1523 dicit:
568 1447 697 1544 percle*
723 1445 795 1543 pud
827 1457 982 1526 sostemr
1015 1453 1075 1526 alte
1111 1473 1184 1526 nort
1216 1455 1248 1526 si
1279 1472 1426 1546 spezzu,
1459 1452 1606 1546 seilicet,

434 1577 582 1666 propter
613 1571 727 1668 ipsam
760 1571 1033 1667 plenitudinem,
1065 1573 1154 1667 quia
1186 1579 1305 1668 potest
1337 1573 1486 1649 aliunde
1518 1595 1607 1670 pro-

435 1711 611 1786 rumpere
624 1685 661 1785 (¹)
689 1691 861 1786 laetitiam,
883 1692 969 1786 quia
987 1693 1134 1786 seilicet,
1152 1714 1225 1768 non
1251 1699 1311 1768 est
1332 1693 1422 1771 dare
1442 1714 1605 1770 vacuum

435 1810 473 1884 in
501 1819 625 1887 mente
656 1815 961 1888 men—Ditem.
992 1812 1057 1888 llic
1089 1821 1198 1888 autor
1232 1813 1419 1908 praemisso
1454 1814 1607 1890 exordio

435 1953 534 2008 nuno
558 1933 642 2008 lacit
667 1955 774 2008 suam
792 1933 1016 2030 petitionem,
1037 1941 1078 2010 el.
1098 1935 1187 2030 petit
1204 1940 1382 2028 quatuor:
1401 1934 1520 2030 primo
1543 1937 1609 2030 qui

434 2051 570 2128 luerint
596 2053 883 2148 predecessores
908 2055 978 2148 sui,
1003 2054 1145 2130 dicens:
1177 2059 1207 2129 0
1232 2076 1323 2128 coru
1342 2058 1414 2129 mio
1427 2058 1610 2148 modain,

437 2171 538 2268 idest,
565 2194 588 2248 o
614 2193 711 2248 carae
736 2172 866 2270 primae
889 2173 1050 2268 antiquae
1077 2194 1184 2270 meae,
1208 2177 1325 2250 ditoni
1348 2177 1502 2267 dureque,
1525 2179 1610 2271 quoi

433 2295 520 2385 suro
543 2296 594 2386 pli
618 2296 746 2368 andeli
771 2298 892 2387 vestm,
918 2293 1053 2369 scilicet
1068 2286 1118 2389 (²),
1135 2301 1222 2370 ante
1239 2316 1315 2370 vos.
1335 2295 1503 2370 Secundo
1520 2296 1611 2392 petit

438 2414 502 2508 qui
526 2415 611 2488 anni
637 2415 837 2490 currebant
863 2417 898 2489 in
925 2415 1079 2510 pueritia
1104 2433 1193 2510 sua,
1221 2416 1318 2492 unde
1342 2416 1445 2492 dicit:
1476 2439 1495 2490 e
1524 2421 1609 2508 ormi

433 2537 495 2627 sur
519 2539 570 2627 pli
593 2529 692 2627 oeni,
717 2536 865 2628 scilicet,
891 2535 1152 2611 lnearnatiouis
1184 2536 1347 2630 Domini;
1382 2558 1466 2611 nam
1503 2538 1608 2611 Tusci

435 2654 585 2750 capiunt
613 2675 729 2730 annos
753 2654 897 2729 Domini
922 2655 970 2730 ab
995 2655 1259 2750 lnnarnatione,
1290 2657 1486 2732 lombardi
1518 2678 1608 2734 vero

435 2796 457 2848 a
481 2776 686 2870 Nativitate,
707 2779 766 2851 cle
782 2780 813 2850 sl
831 2798 986 2869 senuero
1001 2779 1039 2850 in
1056 2783 1177 2852 vostro
1192 2780 1369 2872 poetata,
1390 2779 1498 2873 idest,
1510 2787 1606 2854 tem-

437 2915 527 2990 pore
553 2897 748 2972 nativitatis
773 2908 920 2974 vestrae:
946 2897 1071 2973 omnia
1096 2898 1195 2973 enirn
1227 2899 1321 2975 laeta
1350 2900 1608 2976 describuntur

438 3015 534 3110 apud
552 3016 769 3092 christianos
784 3016 833 3092 ab
849 3017 953 3091 annis
965 3017 1121 3109 Domini,
1135 3018 1229 3093 sicut
1248 3018 1335 3092 olim
1353 3019 1609 3096 describeban-

436 3143 498 3210 tur
514 3156 538 3210 a
558 3136 779 3232 consulibus,
793 3159 814 3212 a
829 3138 1068 3233 principibus,
1082 3137 1197 3213 immo
1212 3139 1380 3233 usquein
1394 3140 1607 3216 hodiernam

436 3255 532 3332 diem
554 3257 700 3352 Hispani
725 3258 846 3332 adhue
871 3257 1021 3353 capiunt
1046 3257 1083 3332 ln
1107 3257 1183 3332 suis
1208 3259 1398 3354 seripturis
1425 3262 1553 3336 heram
1567 3251 1606 3354 (³)

435 3399 459 3452 a
485 3383 651 3473 ternpore
668 3378 833 3471 cesaris,
851 3377 1027 3454 dicentes:
1046 3380 1137 3454 hera
1154 3379 1307 3456 cesaris
1325 3380 1515 3457 millesima
1533 3389 1609 3458 ter·

436 3497 633 3572 centesima
659 3505 728 3572 ete.
755 3498 878 3572 Tertio
903 3497 992 3594 petit
1010 3499 1057 3574 de
1075 3499 1327 3596 magnitudine
1346 3521 1425 3575 suae
1442 3501 1607 3594 civitatis,

436 3617 578 3692 dicens:
604 3621 721 3692 ditemi
751 3621 830 3694 dell
844 3622 915 3693 oot'l
937 3622 975 3693 di
998 3639 1066 3693 son
1099 3622 1289 3708 Giouonm,
1313 3619 1415 3714 idest,
1444 3621 1491 3696 de
1524 3621 1609 3696 Flo·
1635 3701 1638 3704 ,

436 3737 564 3832 mutia,
591 3739 696 3814 ouius
717 3744 893 3834 petronus
918 3747 973 3814 est
998 3739 1182 3814 lohannes
1196 3727 1233 3830 (⁴)
1256 3739 1426 3834 Baptista,
1452 3741 1516 3834 qui
1540 3741 1608 3816 mu

436 3865 618 3954 aceeptus,
636 3865 779 3933 mutato
796 3861 921 3952 llarte
942 3859 1035 3934 sicut
1052 3860 1189 3946 dietum
1205 3865 1260 3936 est
1272 3860 1309 3934 in
1322 3860 1478 3936 lulerno.
1494 3862 1608 3936 Vocat

436 3984 564 4054 autem
588 3979 810 4054 Florentiam
828 3979 923 4054 ovile
939 3977 1244 4074 similitudinarie,
1269 3978 1356 4073 quia
1376 3981 1534 4075 populus
1551 3989 1607 4055 est

437 4107 630 4194 tamquam
652 4121 743 4197 grex
770 4099 895 4175 ovium
923 4099 1125 4174 multarum
1150 4099 1222 4174 sub
1249 4121 1323 4174 uno
1354 4107 1511 4196 pastore,
1537 4102 1608 4176 sub

436 4237 510 4294 una
535 4219 617 4315 lege
643 4219 855 4295 viventium.
881 4221 1021 4307 Quarto
1046 4219 1139 4314 petit
1159 4219 1206 4296 de
1232 4220 1375 4295 familiis
1390 4221 1610 4294 clarioribus

434 4339 592 4434 antiquis
624 4340 730 4416 dicte
761 4340 926 4434 civitatis,
952 4340 1095 4415 dicens:
1121 4363 1140 4414 e
1164 4344 1218 4415 edi
1241 4362 1331 4416 mart
1355 4345 1519 4441 teuperto,
1537 4344 1608 4418 sei»

436 4459 529 4552 lieet,
557 4460 713 4556 nobiles,
741 4461 839 4536 unde
863 4459 967 4536 dicit:
990 4462 1101 4552 denne
1125 4465 1164 4536 di
1182 4458 1246 4555 piri
1266 4465 1330 4537 olli
1350 4466 1488 4554 seuam,
1506 4463 1612 4557 idest,

436 4579 637 4656 maioribus
653 4581 828 4677 gradibus
845 4582 1041 4657 honorum.
1051 4622 1101 4636 —
1113 4587 1216 4656 Come
1234 4583 1609 4659 rosemundam

434 4701 592 4776 ostendit
616 4703 802 4796 quomodo
827 4702 948 4777 anima
976 4702 1036 4778 illa
1062 4723 1283 4798 responsura
1308 4704 1429 4779 autori
1464 4725 1608 4800 praepa·

498 4889 525 4949 l¹l
540 4889 571 4939 E.
588 4891 722 4954 percipere
737 4891 862 4942 lotitim.
1067 4893 1095 4953 (¹)
1111 4891 1142 4941 B.
1158 4891 1267 4951 scilieet,
1284 4905 1353 4944 aros.
1369 4891 1497 4944 Secundo.

498 4966 525 5030 (¹)
541 4966 572 5016 E.
589 4969 676 5018 omnin
693 4982 707 5018 a
724 4973 849 5034 tempore.
1068 4969 1095 5031 (¹)
1111 4968 1142 5020 Ε.
1159 4968 1250 5022 malus
1264 4968 1404 5021 totum
