4842 6642
775 843 913 898 clusus
936 845 1094 901 oucxuus
1119 847 1313 904 sncunous.
1581 835 1627 902 73

456 1006 585 1064 amore
601 987 671 1080 sui,
688 987 782 1061 sicut
802 987 938 1063 dictum
957 997 1012 1064 est
1030 990 1066 1064 in
1087 991 1228 1065 cantica
1249 991 1396 1085 Inferni,
1414 998 1451 1066 et
1468 991 1627 1067 Paradisi

457 1109 562 1184 tertio
579 1109 756 1204 capitulo;
769 1109 957 1185 Narcissus
969 1116 1095 1186 autem
1115 1111 1309 1207 spernebat
1318 1105 1355 1202 ι’)
1369 1111 1468 1185 Eobo
1482 1119 1550 1186 etc.
1564 1112 1627 1186 lll-

458 1229 614 1324 legorice
630 1229 676 1305 de
688 1231 828 1326 juvene
845 1252 941 1305 vano
965 1253 1038 1306 non
1056 1238 1224 1306 remanet
1240 1232 1339 1306 aliud
1361 1232 1427 1304 nisi
1446 1254 1519 1307 una
1542 1254 1624 1307 vox.

456 1351 560 1424 Nunc
585 1350 631 1425 ad
657 1351 818 1446 literam3
845 1351 930 1426 dicit
957 1360 1086 1427 autor:
1113 1375 1136 1426 α
1159 1356 1264 1445 pulsa
1288 1355 1346 1426 dei
1365 1357 1509 1446 partor,
1537 1353 1628 1428 idest
1686 1447 1690 1453 ι

457 1489 562 1546 more
587 1470 686 1544 vocis
713 1471 960 1566 respondentis
977 1478 1014 1547 ει
1032 1473 1302 1548 reverberantis
1319 1473 1365 1548 ad
1383 1492 1513 1548 vocem
1533 1493 1628 1567 prae-

456 1589 658 1684 cedentem,
676 1595 714 1666 di
732 1596 845 1684 puella
864 1614 970 1687 capo,
991 1593 1125 1668 scilicet
1144 1594 1256 1687 Ecbo,
1274 1614 1358 1688 quae
1380 1594 1449 1668 luit
1468 1593 1627 1668 amatrix

457 1711 622 1804 Narcissi,
649 1712 754 1786 cuius
778 1713 904 1788 dolore
931 1720 1077 1788 mortua
1103 1719 1177 1808 est,
1206 1714 1303 1789 unde
1327 1715 1431 1790 dicit:
1457 1718 1628 1788 ot'omor

458 1851 640 1923 ammonae,
658 1833 760 1927 idest,
777 1854 891 1926 quam
909 1855 1015 1909 amor
1033 1834 1234 1909 maceravit
1256 1841 1292 1909 ει
1317 1834 1587 1927 exterminavit,
1605 1855 1628 1907 a

457 1952 574 2046 simili,
592 1973 688 2025 come
703 1955 759 2026 sol
777 1957 916 2046 vapori,
937 1955 1066 2049 supple
1083 1954 1285 2048 consumit;
1304 1961 1342 2028 et
1359 1961 1413 2028 est
1431 1974 1626 2048 compara·

459 2073 508 2148 tio
523 2073 686 2168 propria:
697 2073 790 2149 siout
803 2073 901 2148 enim
916 2075 1139 2148 clarissimus
1152 2075 1205 2148 sol
1219 2095 1288 2148 suo
1301 2075 1425 2148 calore
1438 2074 1626 2168 paullatim

456 2195 638 2270 consumit
669 2201 706 2269 et
732 2195 952 2268 exterminat
978 2214 1145 2290 vapores,
1173 2195 1222 2269 ita
1255 2195 1446 2269 Narcissus
1480 2195 1628 2287 pulcer-

458 2315 572 2388 rimus
594 2313 741 2410 juvenis
766 2314 906 2389 ardenti
933 2335 1062 2389 amore
1092 2335 1160 2388 suo
1194 2314 1348 2388 extinxit
1382 2313 1480 2387 illam
1516 2313 1627 2406 Ecbo,

455 2453 540 2528 quae
572 2439 648 2508 tota
683 2434 843 2508 resoluta
876 2441 931 2508 est
964 2435 1087 2508 calore
1121 2434 1267 2507 amoris.
1283 2439 1378 2506 -Ε
1402 2437 1526 2527 sonno.
1562 2433 1627 2506 llic

457 2562 566 2630 autor
591 2560 672 2650 post
688 2554 899 2650 generalem
918 2555 1232 2649 comparationem
1250 2555 1384 2628 laetam
1401 2555 1447 2629 de
1465 2555 1627 2628 arcubus

458 2677 624 2768 nubium,
640 2696 736 2749 nunc
751 2675 848 2750 addit
861 2677 1121 2771 proprietatem
1137 2697 1250 2749 unam
1265 2676 1323 2750 vel
1336 2697 1627 2770 causam,quare

457 2803 607 2893 apparet
639 2797 721 2891 iris,
754 2802 790 2872 et
819 2796 915 2890 dicit,
948 2796 1045 2891 quod
1081 2796 1117 2870 in
1152 2797 1298 2892 signum
1335 2797 1432 2891 quod
1466 2797 1627 2870 mundus

458 2919 614 3013 amplius
648 2937 721 2991 non
755 2917 885 3012 peribit
922 2917 1070 3012 diluvio,
1105 2917 1199 2992 sient
1233 2917 1318 2992 lecit
1349 2924 1516 3012 tempore
1549 2917 1627 2991 Noe

456 3038 603 3134 quando
628 3037 761 3112 delevit
786 3058 935 3112 omnem
966 3058 1135 3131 carnem;
1167 3045 1256 3112 tnnc
1285 3038 1382 3112 enim
1413 3037 1503 3110 dixit
1527 3037 1626 3110 Dens
1696 3110 1699 3113 ,

456 3159 591 3255 Moysi:
619 3178 753 3250 ponam
785 3178 908 3230 arcum
942 3177 1053 3230 meum
1090 3161 1127 3230 in
1159 3158 1303 3230 nubibas
1334 3163 1403 3230 etc.
1439 3157 1544 3229 Nunc
1577 3155 1624 3229 ad

454 3279 599 3354 literam
625 3277 709 3351 dicit
734 3283 863 3350 autor:
891 3283 933 3368 E,
952 3276 1053 3369 idest,
1072 3284 1109 3352 et
1126 3277 1174 3350 illi
1192 3297 1303 3350 arcus
1320 3277 1495 3372 paralleli,
1511 3281 1626 3370 sonno

455 3403 525 3494 pul,
554 3399 690 3474 scilicet
715 3399 751 3470 in
779 3397 916 3471 mundo
942 3398 1021 3490 isto,
1048 3401 1085 3470 lo
1108 3407 1208 3489 pente
1224 3420 1318 3472 esser
1335 3419 1505 3490 prosopa,
1523 3397 1626 3491 idest,

455 3520 643 3616 praesciam
660 3511 696 3611 ι’)
724 3525 762 3592 ει
786 3518 957 3612 divinam,
984 3521 1042 3592 det
1065 3522 1194 3592 ntondo
1214 3521 1275 3591 cte
1294 3522 1465 3610 mammos·
1478 3515 1538 3610 ptri
1553 3539 1626 3592 non

454 3644 626 3734 s'oltopo,
650 3639 753 3734 idest,
775 3639 839 3734 qui
864 3639 1022 3734 amplius
1039 3659 1113 3713 non
1132 3639 1368 3713 inundabitur
1387 3639 1533 3713 diluvio.
1553 3638 1623 3712 Sed

457 3762 514 3836 bic
539 3761 658 3835 oritur
682 3761 811 3855 pulcra
829 3759 1024 3834 dubitatio:
1045 3760 1123 3855 jam
1146 3758 1285 3833 dictum
1311 3759 1449 3845 est‚bic
1474 3767 1511 3833 et
1536 3759 1620 3833 alibi

454 3903 576 3978 supra,
603 3881 701 3975 quod
728 3881 790 3954 iris
816 3887 871 3955 est
897 3880 1146 3955 reverberatio
1167 3885 1255 3974 etc,
1273 3880 1332 3954 alii
1359 3886 1483 3954 tamen
1508 3900 1624 3974 expo-

455 4007 559 4096 nunt,
585 4001 684 4095 quod
712 4022 782 4075 vox
810 4001 957 4075 dilatata
985 4000 1061 4075 visa
1087 4007 1141 4075 est
1166 4000 1269 4075 lacus
1293 4001 1442 4076 dilatato
1468 4000 1624 4092 lumine,

455 4121 517 4196 sed
544 4120 630 4194 nibil
656 4127 712 4195 est
735 4120 869 4194 dicore.

526 4236 655 4314 Porbbd
676 4244 702 4313 'l
725 4243 886 4332 tripudio.
914 4240 985 4314 lsta
1010 4247 1066 4314 ost
1093 4240 1255 4316 secunda
1272 4261 1356 4334 pars
1372 4240 1554 4335 generalis
1568 4228 1620 4333 ι’),

454 4363 490 4434 iu
516 4381 590 4454 qua
615 4367 725 4434 autor
745 4360 941 4435 introducit
958 4381 1072 4434 unam
1088 4349 1125 4454 (⁸)
1142 4361 1353 4436 animarum
1371 4361 1542 4436 secunde
1559 4380 1624 4436 co·

454 4501 554 4557 rone
579 4481 625 4556 ad
650 4480 888 4575 loquendum,
914 4501 999 4575 quae
1024 4488 1151 4578 narrat
1181 4487 1218 4556 et
1251 4479 1485 4555 commendat
1510 4482 1622 4556 vitam
1758 4542 1761 4557 .

452 4601 547 4676 beati
572 4601 766 4675 Dominioi:
793 4606 831 4674 et
855 4601 975 4696 primo
1000 4599 1171 4674 describit
1195 4619 1325 4676 vocem
1358 4600 1452 4675 illius
1476 4601 1629 4696 spiritus

438 4728 533 4818 ¹post
558 4721 820 4816 quietationem
847 4718 1092 4795 circulationis
1109 4719 1305 4813 utriusque
1321 4739 1479 4815 corooae,
1496 4729 1539 4796 ut
1555 4721 1623 4796 da·

512 4907 542 4972 (¹)
558 4909 588 4958 B.
605 4909 729 4960 terrebat.
1141 4903 1169 4966 ι’)
1186 4907 1217 4956 Ε.
1233 4907 1353 4970 promite
1369 4912 1396 4956 et
1411 4905 1536 4966 divinare,
1552 4909 1600 4960 dol.

513 4985 540 5047 ι’)
556 4985 586 5034 B.
602 4985 730 5048 pennalis
744 4985 822 5036 bulon
837 4983 995 5048 capuanus
1009 4997 1069 5047 qun
1141 4981 1168 5044 ι’)
1184 4987 1208 5044 t,
1225 4997 1304 5033 unam
1319 4982 1432 5032 animam
1448 4984 1577 5036 mundo.
