4842 6642
878 870 1016 926 CANTUS
1041 869 1170 926 NONUS·
1563 857 1608 924 21

440 1023 627 1100 libidinosa
651 1019 697 1094 sit
722 1020 837 1115 posita
863 1017 898 1091 in
932 1023 1007 1092 tam
1039 1017 1114 1092 alto
1142 1015 1261 1112 gradu
1291 1015 1541 1111 beatitudinis3
1573 1022 1611 1090 et

438 1144 523 1220 dicit
547 1139 647 1236 quod
672 1139 742 1214 hoo
758 1144 813 1214 est
830 1144 979 1233 propter
1003 1157 1096 1232 opus
1121 1136 1236 1232 pium,
1257 1136 1357 1230 quod
1373 1136 1450 1230 ipsa
1469 1136 1612 1211 miseri-

439 1262 598 1340 corditer
615 1259 699 1336 leoit
715 1277 805 1354 erga
822 1259 999 1354 populum
1018 1257 1094 1351 Dei,
1118 1256 1217 1330 unde
1238 1254 1342 1330 dicit:
1360 1258 1398 1330 et
1419 1255 1479 1330 illa
1498 1253 1612 1350 Raab,

437 1389 648 1480 sumunda,
661 1380 764 1474 idest,
779 1382 996 1474 receptantes
1009 1384 1127 1470 questo
1140 1379 1239 1469 eteto,
1252 1377 1387 1452 seilicet
1400 1378 1562 1473 Veneris,
1576 1381 1614 1452 in

440 1507 496 1578 out
511 1505 533 1576 l’
546 1503 672 1576 omdrn
688 1503 748 1574 ote
758 1503 784 1573 ’t
799 1503 928 1574 mondo
945 1507 1064 1573 nostro
1077 1503 1170 1594 sane,
1184 1498 1287 1592 idest,
1300 1499 1347 1574 ad
1364 1499 1464 1594 quod
1476 1500 1613 1576 ooelum

442 1624 663 1700 terminatur
689 1622 822 1696 umbra
848 1641 960 1716 quam
987 1620 1072 1696 lacit
1097 1627 1208 1714 terra,
1235 1620 1322 1715 quia
1347 1619 1480 1696 umbra
1501 1606 1615 1696 terre

438 1745 528 1842 jacit
556 1765 672 1820 oornu
702 1761 812 1816 suum
840 1741 1030 1835 usquead
1056 1761 1201 1835 speram
1236 1739 1397 1836 Veneris,
1428 1747 1470 1816 ut
1502 1741 1615 1836 aliqui

445 1867 590 1959 volunt;
608 1871 645 1938 et
664 1863 765 1939 dicit:
780 1868 866 1955 prio
891 1865 940 1936 et'
954 1865 1035 1936 ottr‘
1044 1865 1153 1956 mmo,
1174 1861 1276 1955 idest,
1302 1861 1516 1956 priusquam
1543 1863 1614 1936 alia

444 1985 579 2080 anima,
592 1988 649 2058 del
660 1987 790 2080 mnaso
803 1987 841 2058 di
855 1987 979 2078 emto,
993 1982 1096 2078 quasi
1110 1982 1217 2077 dieat,
1230 1981 1330 2077 quod
1342 1983 1410 2056 luit
1425 1984 1563 2058 salvata
1578 1991 1616 2060 ot

444 2105 649 2182 beatificata
666 2105 703 2178 in
724 2105 820 2179 ooelo
840 2103 1054 2198 priusquam
1075 2102 1147 2176 alia
1171 2104 1294 2176 anima
1315 2102 1362 2177 de
1386 2110 1485 2177 secta
1502 2123 1617 2178 rene-

445 2246 608 2320 reorum,
623 2225 771 2320 quando
782 2224 946 2300 Christus
959 2223 1197 2319 triumphavit
1208 2223 1256 2298 de
1270 2230 1389 2298 morte
1403 2231 1441 2298 et
1451 2224 1615 2319 diabol03

445 2345 507 2441 qui
526 2365 723 2442 resurgens
739 2344 924 2420 deseendit
940 2344 986 2419 ad
1005 2344 1149 2439 inleros,
1164 2351 1200 2418 et
1218 2345 1383 2439 spoliavit
1400 2344 1555 2419 limbum
1580 2353 1617 2422 et

447 2467 567 2562 rapuit
592 2467 764 2563 predam.
792 2467 835 2540 Et
861 2465 978 2542 reddit
1000 2465 1179 2540 rationem
1202 2487 1319 2560 quare
1336 2466 1453 2561 prima
1472 2465 1541 2540 luit
1557 2487 1617 2540 as-

446 2594 591 2682 sumpta
618 2588 653 2662 in
679 2588 815 2662 eoelum
842 2585 949 2680 istud,
971 2586 1110 2660 dicens:
1134 2587 1199 2660 den
1214 2590 1247 2659 si
1261 2607 1449 2682 convenae,
1468 2587 1615 2681 scilieet,

447 2711 579 2783 tamar
598 2712 642 2782 lei
657 2729 724 2801 per
738 2711 864 2800 palmo
888 2709 926 2781 in
951 2710 1054 2780 ouon
1074 2710 1172 2798 oieto,
1190 2707 1291 2801 idest,
1312 2709 1533 2784 conveniens
1550 2709 1618 2783 luit

449 2827 549 2923 quod
579 2827 834 2903 ostenderetur
868 2828 905 2901 in
940 2827 1007 2901 ista
1032 2847 1139 2922 spera
1166 2827 1328 2922 Veneris,
1354 2827 1401 2903 de
1424 2829 1531 2903 euius
1561 2829 1618 2904 in-

448 2949 597 3024 fluentia
624 2949 764 3025 lortiter
789 2949 966 3044 impressa
992 2956 1029 3023 et
1054 2947 1297 3023 conditionata
1330 2949 1368 3022 iu
1398 2950 1617 3025 memoriam

448 3069 538 3144 tanti
564 3067 747 3161 beneficii3
773 3076 810 3143 et
834 3068 941 3144 dioit:
968 3069 1046 3142 delt'
1059 3070 1134 3141 alto
1159 3070 1300 3142 etitem
1324 3071 1385 3142 ele
1407 3071 1440 3142 si
1463 3061 1619 3163 oequistd

448 3209 515 3264 oon
539 3190 646 3262 tuno
670 3209 689 3262 o
713 3189 844 3261 delira
863 3191 998 3280 polana
1025 3189 1069 3261 Et
1094 3187 1152 3262 hie
1179 3195 1263 3261 nota
1290 3187 1389 3282 quod
1414 3189 1527 3284 aliqui
1552 3209 1620 3264 en·

448 3315 588 3405 ponunt
606 3307 711 3382 istam
730 3307 873 3383 literam
892 3307 967 3386 sio:
986 3307 1145 3402 quando,
1163 3307 1310 3403 scilieet,
1330 3316 1489 3403 utraque
1506 3331 1618 3384 manu

448 3429 560 3504 traxit
584 3434 621 3502 et
645 3427 812 3523 deposuit
836 3447 902 3524 per
934 3429 1130 3503 fenestram
1158 3430 1410 3524 exploratores
1435 3431 1558 3525 Josue,
1583 3437 1622 3504 et

449 3551 500 3626 sio
525 3548 623 3624 dedit
648 3547 838 3623 uictoriam
855 3549 932 3622 sibi.
955 3549 1021 3622 dlii
1041 3556 1164 3624 umen
1183 3557 1372 3645 exponunt
1388 3551 1488 3645 quod
1505 3551 1621 3626 victo-

451 3671 504 3746 ria
530 3675 633 3766 parta
660 3669 726 3742 luit
751 3668 977 3745 orationibus
1002 3671 1113 3746 Josue
1138 3677 1175 3745 et
1201 3672 1371 3746 manibus
1397 3673 1530 3768 populi.
1549 3671 1620 3747 Sed

451 3797 552 3866 certe
568 3797 728 3884 utraque
744 3789 922 3884 expositio
940 3811 1170 3886 supervacua
1184 3797 1255 3886 est3
1274 3791 1360 3886 quia
1381 3793 1409 3866 si
1427 3793 1510 3888 quis
1527 3794 1623 3869 bene

452 3909 615 4005 inspiciat
640 3909 735 3987 istud
759 3909 897 3984 dietum
925 3931 998 3984 nou
1025 3910 1184 3986 relertur
1209 3911 1257 3986 ad
1282 3911 1472 3986 victoriam
1499 3912 1623 4006 Josuo,

452 4049 537 4124 quae
563 4035 688 4125 postea
713 4031 882 4135 sequitur
908 4031 943 4104 in
965 4031 1079 4126 litera,
1099 4031 1174 4107 imo
1184 4031 1352 4107 refertur
1368 4033 1414 4107 ad
1431 4035 1622 4109 victoriam

452 4150 583 4226 Christi
599 4145 635 4242 (¹)
649 4151 930 4246 praeoedentem,
951 4151 1036 4247 quia
1050 4153 1129 4247 jam
1146 4151 1260 4226 dixit:
1277 4155 1336 4226 del
1349 4156 1481 4248 oionso
1493 4158 1531 4229 dt
1545 4159 1625 4229 Cri·

451 4277 527 4364 stm-
552 4269 634 4344 ideo
658 4270 762 4346 litera
787 4278 993 4366 exponatur
1019 4273 1092 4346 sic:
1118 4275 1196 4346 dett
1209 4274 1283 4346 atta
1308 4276 1461 4364 etanta,
1478 4275 1623 4371 seilicet,

453 4389 582 4466 Christi
595 4381 631 4482 (¹)
645 4409 717 4482 qua
733 4377 832 4464 nulla
845 4411 1010 4483 unquam
1026 4391 1093 4465 luit
1106 4393 1225 4486 altior,
1239 4395 1299 4464 ote
1311 4387 1508 4485 s'aoquirtd,
1521 4393 1624 4490 idest,

453 4531 566 4606 quam
593 4508 783 4584 victoriam
810 4501 937 4605 ipse(³)
963 4511 1128 4585 Christus
1152 4512 1355 4607 aequisivit,
1380 4533 1447 4586 oon
1475 4517 1627 4590 lunae

454 4636 476 4706 l'
491 4635 586 4706 aura
609 4632 745 4724 palma,
763 4630 849 4725 quia
876 4637 1037 4726 utraque
1062 4653 1175 4706 manu
1202 4633 1270 4707 luit
1294 4635 1427 4708 allinus
1452 4634 1572 4732 oruci3
1589 4643 1628 4712 et

454 4772 541 4828 eoos
566 4771 684 4845 quare
698 4775 706 4825 :
722 4754 916 4844 pereit'ella
939 4745 1069 4846 sooord
1082 4756 1118 4826 lu
1138 4757 1259 4846 priano
1274 4757 1406 4845 porta,
1426 4754 1530 4849 idest,
1546 4757 1627 4851 glo·

518 4939 545 4999 (³)
561 4938 592 4988 E.
607 4938 669 4989 leon
685 4938 786 4991 Christi.
973 4939 1001 5005 (¹)
1018 4942 1236 4995 namucense
1253 4943 1358 4995 murini
1373 4944 1465 5004 nostri,
1481 4957 1542 5008 que.

517 5012 545 5076 (⁸)
561 5014 593 5064 E.
608 5014 662 5078 ipro
678 5016 805 5067 Minus
821 5023 908 5070 noster
922 5017 998 5070 detur
1012 5017 1138 5070 christus.
