4842 6642
803 876 942 933 maros
965 878 1157 933 vronsmos
1179 850 1312 931 'nonne
1572 864 1643 932 tat

471 1022 602 1097 cludit:
629 1013 760 1115 opero
786 1042 859 1096 non
891 1022 1039 1114 ltnopno
1064 1026 1299 1096 mnemorore
1318 1040 1386 1113 per
1410 1027 1562 1095 nonnette
1590 1024 1646 1097 di-

472 1146 559 1233 otm,
585 1142 679 1217 slent
704 1140 741 1217 ln
767 1142 883 1237 nobis,
909 1144 996 1239 qnia
1027 1142 1076 1217 ibi
1111 1142 1235 1217 vident
1263 1140 1387 1215 omnia
1420 1162 1577 1237 semper.
1595 1182 1645 1197 -

472 1255 509 1337 Sl
532 1265 602 1337 ote.
628 1262 694 1337 llio
718 1264 867 1339 Beatrix
893 1282 939 1339 ex
965 1262 1070 1337 dietis
1095 1261 1220 1359 arguit
1249 1280 1417 1336 errorem
1450 1261 1644 1361 doctorpm

472 1383 655 1479 interris,
682 1404 844 1479 quorum
870 1382 983 1479 aliqui
1009 1404 1056 1459 er
1082 1381 1300 1480 ignorantia,
1325 1380 1439 1477 aliqui
1468 1403 1516 1457 ex
1543 1389 1644 1458 certa

472 1505 622 1581 nolentia
648 1504 785 1580 laniunt
806 1504 948 1580 somnia
969 1526 1075 1581 vana.
1093 1504 1196 1579 Unde
1217 1502 1319 1578 dicit:
1337 1496 1375 1579 Sl
1391 1505 1452 1577 otte
1474 1506 1508 1577 ai
1530 1524 1645 1596 popm

473 1620 605 1720 lappil,
633 1624 780 1720 scillcet,
807 1626 844 1700 in
870 1625 990 1721 terris,
1014 1630 1087 1701 non
1116 1626 1325 1717 danmando,
1350 1627 1525 1699 medendo
1548 1627 1645 1699 dicer

473 1766 571 1841 nero,
599 1746 783 1843 peccando
809 1767 876 1843 per
901 1746 1158 1844 ignorantiam,
1176 1766 1195 1819 e
1215 1765 1289 1819 non
1312 1745 1645 1840 premonitione

475 1888 619 1963 ierom,
654 1868 839 1963 peccando
872 1868 1018 1963 scilieet,
1048 1887 1093 1942 ex
1130 1872 1231 1942 certa
1263 1866 1425 1959 seientia,
1459 1866 1558 1961 quod
1590 1872 1645 1941 est

474 1988 601 2084 peim3
629 1987 727 2065 unde
750 1987 854 2063 dicit:
881 2008 942 2061 ma
967 1983 1029 2081 pit
1059 1990 1163 2080 colpe
1194 1982 1297 2079 epti
1321 2006 1504 2077 verpopno
1527 1984 1550 2060 e*
1570 1988 1645 2060 net·

474 2110 593 2199 tono,
610 2106 759 2203 seilicet,
775 2108 812 2182 in
837 2128 884 2184 eo
908 2109 972 2203 qui
989 2108 1145 2183 solenter
1164 2114 1302 2203 pereat,
1320 2127 1394 2181 non
1411 2106 1643 2203 ignorantem

476 2246 562 2303 nam
588 2234 691 2304 certa
716 2228 866 2304 seientia
892 2230 973 2327 plns
997 2234 1176 2327 aggravat
1196 2234 1389 2323 peecatum
1407 2247 1521 2322 qoam
1540 2228 1646 2324 igno·

474 2348 603 2425 ranila.

557 2474 619 2544 Vol
642 2490 716 2545 non
740 2472 879 2543 andan.
898 2470 969 2545 ista
995 2475 1050 2546 est
1074 2468 1181 2543 tertia
1204 2488 1288 2565 pars
1305 2466 1497 2565 generalis,
1516 2466 1553 2540 in
1571 2486 1644 2561 qua

473 2588 620 2665 Boatrlx
642 2589 766 2687 arguit
783 2590 980 2665 modernos
996 2588 1177 2683 doctores,
1191 2588 1255 2683 qui
1272 2609 1345 2662 non
1363 2606 1410 2663 ex
1427 2585 1644 2684 ignorantia,

474 2710 537 2785 sed
562 2730 609 2786 ex
635 2716 735 2791 certa
762 2710 912 2788 scientia
935 2715 1153 2807 pervertunt
1170 2708 1338 2785 scientias
1358 2714 1509 2803 propter
1532 2726 1645 2801 appo·

475 2830 582 2905 titum
608 2830 842 2927 apparente,
875 2838 919 2905 ut
948 2830 1141 2905 videantur
1172 2828 1450 2904 excellentiores
1479 2826 1559 2901 aliis
1589 2826 1645 2901 ot·

475 2951 592 3029 nendo
617 2972 713 3028 nova
739 2958 777 3027 at
800 2951 982 3027 inusitata.
1002 2950 1094 3027 llicit
1118 2970 1230 3047 ergo:
1255 2953 1318 3023 Vot
1332 2970 1405 3023 non
1426 2951 1556 3022 andalo
1571 2943 1644 3041 pti,

474 3075 620 3171 scilieet,
637 3075 675 3151 in
697 3074 835 3151 mundo
862 3075 1019 3169 mortali,
1037 3076 1346 3167 panormitan,
1367 3071 1482 3145 immo
1498 3069 1645 3145 diverso

474 3196 565 3271 ealle
589 3214 656 3293 per
680 3195 843 3271 diversae
866 3194 1054 3290 opiniones
1078 3202 1117 3270 et
1145 3192 1391 3289 expositiones
1416 3193 1645 3286 motando,

474 3316 575 3412 idest,
602 3317 768 3415 legendo,
801 3316 1004 3409 scribendo,
1030 3315 1247 3412 disputando
1280 3314 1318 3389 ln
1352 3313 1578 3411 philosophia
1608 3320 1646 3389 at

474 3438 624 3513 artibus.
652 3440 694 3512 itt
720 3458 807 3515 ecoe
831 3458 968 3533 quare:
995 3444 1092 3513 tanto
1122 3440 1157 3511 ot
1188 3444 1383 3531 trmporto,
1412 3436 1514 3529 idest,
1540 3442 1646 3511 extra

474 3564 618 3633 rentum
640 3558 839 3652 tramitem,
853 3560 876 3631 t
888 3578 994 3631 amor
1013 3560 1092 3632 dell
1104 3574 1315 3653 apparenza
1330 3556 1390 3630 etl
1397 3577 1461 3629 nto
1469 3559 1645 3649 puniero,

474 3678 561 3773 quia
574 3678 691 3777 magis
704 3678 872 3775 cogitatis
881 3672 918 3771 (¹)
936 3698 1117 3775 apparere
1130 3698 1243 3773 qoam
1257 3690 1358 3753 esse:
1373 3674 1466 3752 sicot
1479 3675 1647 3751 videmos

474 3798 520 3875 de
545 3799 641 3873 laeto
666 3796 773 3875 hodie
800 3796 878 3873 lere
903 3796 939 3872 in
964 3796 1136 3872 omnibus
1157 3796 1391 3873 facultatibus
1410 3796 1509 3891 quod
1534 3794 1645 3890 aliqnl

475 3920 691 4017 impugnant
704 3918 944 4014 Priscianum‚
959 3918 1070 4014 aliqui
1086 3918 1258 4012 Tullium,
1271 3918 1384 4013 aliqui
1397 3917 1645 4011 Aristotelem5

475 4046 513 4115 et
536 4040 566 4115 si
592 4060 666 4115 non
691 4038 805 4115 verbo
831 4038 928 4115 laeto
948 4040 1135 4115 trahentes
1151 4038 1247 4115 dicta
1262 4028 1301 4131 (¹)
1325 4058 1457 4113 eorum
1475 4037 1522 4112 ati
1540 4056 1645 4112 suam

475 4160 682 4255 opinionem
711 4179 735 4233 a
765 4180 839 4254 qua
869 4165 956 4234 sunt
984 4178 1081 4256 sape
1110 4159 1318 4236 alienissimi
1333 4149 1384 4253 (⁸).
1401 4198 1452 4215 -··
1468 4164 1513 4233 m
1534 4179 1647 4232 aanor

475 4270 540 4355 llio
565 4280 713 4355 Beatrir
738 4279 838 4356 addit
860 4279 961 4354 aliod
987 4280 1107 4355 maius
1131 4279 1390 4356 inconveniens
1420 4299 1553 4355 eornm
1582 4276 1646 4373 qui

475 4405 693 4495 pervertunt
717 4399 877 4475 divinam
901 4400 1133 4496 scripturam,
1152 4401 1211 4476 vel
1230 4400 1431 4498 negligunt,
1449 4399 1548 4494 qood
1565 4418 1647 4474 ma·

475 4520 531 4617 gis
555 4520 718 4617 displicet
744 4523 831 4598 Deo.
859 4522 950 4597 nteit
983 4540 1092 4619 ergo:
1122 4527 1304 4615 liquente,
1333 4522 1480 4616 seilicet,
1507 4522 1646 4615 talium,

474 4662 588 4717 annor
612 4646 644 4717 ot
667 4650 851 4737 comporta
876 4638 1016 4735 pumat,
1042 4641 1190 4737 seilicet,
1207 4641 1244 4715 ln
1266 4642 1361 4717 ooelo
1385 4641 1423 4716 in
1447 4648 1646 4737 conspeetu

475 4763 603 4837 aeterni
628 4762 775 4859 tudinis,
800 4784 867 4838 oon
892 4784 970 4838 men
993 4765 1176 4855 dompno,
1194 4762 1280 4857 quia
1307 4768 1428 4859 portat
1453 4761 1576 4836 minus
1592 4760 1647 4835 ‹ll-

537 5026 563 5088 (¹)
581 5025 613 5077 a.
627 5027 787 5091 exeopitatlt.
974 5026 1002 5089 (¹)
1019 5026 1049 5077 E.
1065 5026 1152 5079 verba.
1341 5024 1369 5089 (n
1384 5024 1416 5077 Β.
1433 5023 1596 5077 allenium
