4842 6642
786 824 856 891 184
1174 831 1379 889 couuuruu
1404 834 1573 889 rtaamsr

783 980 830 1055 ad
842 972 880 1073 (⁴)
907 978 1034 1072 solem,
1059 998 1082 1053 a
1117 998 1192 1072 quo
1226 978 1352 1073 petivit
1381 985 1420 1054 et
1448 978 1657 1074 impetravit
1688 999 1794 1075 posse
1824 996 1957 1074 regere

782 1121 848 1195 per
872 1098 969 1173 diem
996 1119 1151 1173 currum
1179 1098 1338 1173 solarem
1356 1098 1394 1172 iu
1414 1099 1564 1174 evidens
1581 1098 1829 1174 testimouium
1856 1097 1955 1192 quod

783 1227 864 1297 erat
888 1241 978 1295 vere
1002 1219 1097 1292 lilius
1122 1217 1218 1312 solis,
1236 1219 1300 1293 sed
1328 1220 1424 1295 male
1451 1220 1555 1295 scivit
1574 1221 1797 1315 gubernare,
1815 1240 1861 1294 ex
1879 1238 1956 1330 quo

783 1347 980 1439 sequutum
999 1346 1055 1415 est
1072 1340 1278 1414 incendium
1303 1341 1447 1433 muudi;
1465 1341 1565 1434 quod
1583 1340 1810 1416 declaratum
1837 1345 1893 1414 est
1919 1338 1954 1410 iu

784 1462 923 1537 cantica
942 1460 1086 1535 lnlcrni.
1112 1460 1316 1557 allegorice
1340 1468 1466 1536 autem
1493 1462 1655 1536 Phaeton
1680 1466 1736 1536 est
1760 1466 1828 1535 etc.
1851 1458 1955 1533 Modo

783 1584 828 1658 ad
847 1582 1070 1679 propositum
1092 1581 1171 1655 vult
1189 1580 1314 1656 dicere
1330 1588 1459 1655 autor:
1473 1582 1567 1655 sicut
1579 1582 1741 1656 Phaetou
1758 1582 1853 1654 lilius
1870 1579 1956 1653 solis

785 1703 965 1795 turbatus
993 1722 1037 1776 eo
1064 1702 1163 1795 quod
1189 1701 1479 1797 improperatum
1507 1702 1627 1777 luerat
1652 1702 1719 1777 sibi
1747 1703 1795 1777 ab
1819 1701 1956 1775 aemulo

783 1843 862 1917 suo,
882 1821 1041 1897 recurrit
1060 1821 1106 1895 ad
1125 1822 1338 1916 Clymeuem
1358 1830 1514 1896 matrem
1537 1843 1656 1917 suam,
1675 1829 1718 1896 ut
1733 1821 1976 1898 certificare·'

783 1950 846 2016 tur
874 1941 921 2016 de
951 1962 993 2017 re
1019 1941 1196 2036 produbia
1224 1942 1384 2014 multum
1416 1950 1602 2037 pungente
1633 1943 1800 2017 animum
1832 1961 1956 2032 suum,

783 2070 819 2138 et
845 2063 904 2137 illa
932 2062 1070 2136 remisit
1097 2063 1257 2135 eumad
1292 2064 1427 2156 solem;
1460 2062 1507 2137 ita
1538 2064 1585 2138 ad
1620 2064 1844 2159 propositum
1871 2062 1957 2137 dicit

783 2193 903 2278 autor,
930 2184 1027 2278 quod
1046 2184 1121 2279 ipse
1138 2191 1331 2277 tamquam
1350 2204 1462 2258 verus
1484 2185 1578 2258 lilius
1596 2186 1691 2279 solis,
1709 2184 1795 2279 quia
1812 2183 1957 2278 sapien-

783 2307 953 2399 tissimus
981 2306 1151 2380 turbatus
1176 2326 1222 2380 eo
1248 2305 1346 2399 quod
1372 2304 1493 2380 luerat
1518 2305 1584 2379 sibi
1617 2307 1907 2401 improperatum
1933 2324 1955 2375 a

784 2427 907 2501 multis
932 2426 1161 2519 adversariis,
1189 2427 1347 2500 recurrit
1372 2447 1471 2500 nuuc
1495 2426 1541 2501 ad
1568 2426 1771 2501 Beatricem
1796 2433 1953 2500 matrem

783 2568 902 2640 suam,
929 2568 1013 2641 quac
1040 2548 1180 2620 remisit
1204 2568 1293 2622 eum
1318 2547 1365 2621 ad
1390 2548 1583 2642 antiquum
1606 2555 1748 2643 patrem
1773 2568 1896 2641 suum,
1914 2556 1956 2620 ut

783 2667 1036 2742 declararetur
1056 2667 1102 2741 de
1121 2688 1162 2743 re
1179 2667 1245 2741 sibi
1263 2668 1374 2741 dubia
1398 2676 1436 2741 et
1457 2674 1624 2764 suspecta
1644 2669 1751 2743 valde
1768 2668 1956 2742 cruciante

783 2788 948 2861 animum
967 2788 1057 2862 eius.
1075 2788 1119 2861 Et
1135 2788 1186 2861 sic
1204 2794 1306 2883 potes
1322 2788 1555 2863 considerare
1572 2795 1751 2883 quantum
1770 2788 1838 2861 ista
1854 2806 1957 2862 com·

785 2907 925 3001 paratio
951 2906 1197 3001 propriissime
1223 2908 1269 2979 sit
1292 2907 1514 3001 applicabilia
1530 2907 1576 2983 ad
1597 2929 1707 2981 suum
1729 2907 1955 3003 propositum

784 3027 1060 3101 ostendendum.
1089 3028 1193 3101 Nunc
1212 3028 1259 3101 ad
1279 3027 1422 3101 literam
1445 3028 1665 3103 veniendum
1688 3034 1754 3121 est,
1775 3049 1888 3122 quam
1906 3026 1956 3100 sic

784 3146 912 3220 ordina
938 3154 976 3219 et
1001 3167 1163 3241 expone:
1198 3152 1238 3220 lo
1269 3168 1335 3220 era
1366 3151 1428 3239 tol,
1455 3148 1556 3241 idest,
1588 3156 1662 3221 tam
1695 3147 1840 3241 dubius,
1874 3151 1959 3239 paul

785 3269 874 3358 quet,
899 3267 1046 3361 scilicet,
1073 3270 1246 3361 Phaetou,
1267 3271 1438 3342 ct'ancor
1451 3272 1494 3363 sa
1514 3272 1539 3341 lt
1554 3270 1666 3361 padri
1681 3272 1796 3341 scorsi
1814 3272 1852 3343 ui
1867 3271 1956 3362 fipli,

784 3387 870 3482 quia
888 3388 1023 3462 scilicet
1037 3390 1210 3480 Phaetou,
1227 3389 1415 3463 moraliter
1433 3389 1627 3483 loquendo,
1644 3390 1818 3463 admouet
1836 3396 1956 3483 patres

784 3528 830 3581 ue
846 3507 916 3580 siut
935 3508 1040 3580 nimis
1067 3510 1181 3582 teneri
1201 3530 1291 3603 erga
1309 3529 1478 3582 amorem
1500 3508 1671 3602 liliorum,
1690 3509 1956 3583 consentientes

784 3628 836 3702 eis
861 3628 1037 3702 damnosa
1063 3628 1129 3701 sibi
1155 3636 1192 3703 et
1217 3629 1315 3723 aliis3
1342 3650 1389 3703 err
1416 3649 1492 3722 quo
1522 3636 1647 3725 postea
1674 3630 1852 3723 recipiunt
1873 3648 1956 3702 ma·

783 3768 899 3843 guum
926 3747 1104 3843 dolorem,
1131 3771 1241 3823 venne
1264 3772 1289 3821 a
1317 3752 1477 3840 Glimerw,
1503 3750 1649 3841 scilicet,
1677 3757 1832 3824 matrem
1864 3749 1954 3843 eius,

780 3892 847 3962 per
871 3874 1064 3943 accerlursi
1087 3874 1124 3943 di
1148 3863 1201 3943 oid
1226 3873 1286 3952 clre
1311 3892 1400 3944 ovea
1425 3872 1520 3944 adito
1536 3874 1697 3943 incontra
1714 3892 1738 3942 u
1754 3892 1803 3962 se,
1821 3869 1955 3944 scilicet

784 3990 832 4065 ab
857 3992 1016 4085 Epapho,
1035 3990 1133 4083 quod
1147 3982 1183 4083 (²)
1205 4012 1276 4064 uon
1303 3997 1383 4064 erat
1409 3990 1504 4063 lilius
1523 3990 1619 4064 solis.
1646 3991 1689 4064 itt
1714 3991 1853 4064 subdit:
1871 4012 1890 4062 e
1907 3992 1959 4062 tul

784 4132 850 4185 eru
867 4115 1001 4200 sentito,
1019 4110 1120 4203 idest,
1149 4118 1223 4184 tam
1250 4111 1395 4203 dubius,
1420 4131 1467 4184 ex
1485 4131 1532 4184 eo
1549 4112 1647 4204 quod
1664 4111 1877 4185 audiveram
1896 4109 1957 4183 lu·

785 4240 912 4305 turum
943 4240 1070 4305 contra
1104 4250 1164 4304 me
1196 4251 1243 4303 ex
1274 4231 1395 4304 verbis
1426 4230 1629 4323 turbatius,
1658 4232 1753 4305 sicut
1784 4230 1958 4325 praelatus

785 4355 961 4446 Phaetou‚
990 4374 1009 4425 e
1042 4354 1091 4425 da
1120 4355 1292 4443 Baetice,
1317 4372 1403 4445 quae
1435 4352 1676 4448 cognoscebat
1710 4350 1955 4424 turbationem

785 4472 896 4547 animi
926 4473 997 4546 mei
1024 4472 1118 4546 sicut
1143 4478 1180 4546 et
1205 4492 1287 4568 ego,
1313 4494 1332 4545 e
1355 4473 1455 4543 dalla
1474 4480 1579 4544 sunto
1600 4475 1732 4563 lunrpa,
1750 4470 1852 4563 idest,
1869 4468 1960 4543 Cac-

788 4644 807 4649 ..
820 4643 932 4649 —--
942 4641 1401 4661 -—--„--„-'-,---
1417 4640 1630 4649 ——-.——.—..--
1643 4640 1780 4646 --.-.-----

849 4737 875 4797 (¹)
892 4736 922 4785 Ε.
938 4736 970 4785 ad
988 4734 1113 4785 Plumlmm
1131 4739 1232 4796 patrem
1247 4746 1325 4782 suum
1347 4747 1361 4783 a
1382 4748 1435 4797 quo
1456 4736 1604 4797 impetrarit
1619 4748 1666 4797 pro
1683 4734 1794 4783 evidenti
1810 4731 1960 4781 testimonio

784 4813 853 4878 quud
868 4817 934 4863 esset
950 4812 1005 4861 etus
1023 4812 1097 4865 rrum.
1109 4817 1139 4860 ut
1151 4815 1236 4873 prrsret
1251 4810 1337 4860 solum
1355 4824 1401 4873 per
1417 4825 1499 4861 uuum
1511 4812 1581 4861 diem
1597 4823 1688 4876 regere
1699 4823 1810 4861 currum
1824 4808 1958 4863 mmmm:

784 4904 838 4954 quo
853 4890 968 4949 obtento,
984 4888 1044 4951 quia
1061 4888 1130 4938 male
1145 4888 1220 4937 scirit
1237 4900 1337 4950 regere,
1354 4894 1496 4951 sequutum
1512 4893 1560 4939 est.

848 4964 876 5029 ι’)
893 4966 924 5016 Ε.
940 4965 1039 5016 scilicet
1055 4966 1133 5029 quud.
