4842 6642
515 1367 680 1437 CANTUS
703 1367 962 1436 TRIGESIMUS
985 1369 1157 1452 PRIMUS,
1180 1373 1217 1436 in
1238 1391 1297 1454 qno
1319 1371 1530 1438 introducitur

615 1505 723 1571 dectus
745 1501 937 1568 Bernartius
957 1501 1085 1586 mnam
1106 1503 1145 1569 de
1166 1505 1258 1571 decta
1286 1503 1428 1589 Virpine.

510 1851 588 2019 ΙΝ
607 1941 730 2032 [mmo
754 1942 893 2036 dunque
916 1942 955 2013 di
977 1943 1132 2014 ccndtdu
1150 1961 1249 2013 rosc.
1268 1940 1465 2034 Postquam
1486 1937 1524 2012 in
1540 1894 1604 2012 su,-

435 2060 569 2156 periori
595 2059 754 2154 capitulo
780 2060 947 2156 proxime
963 2059 1182 2155 praecedenti
1198 2065 1308 2134 autor
1327 2065 1451 2133 noster
1468 2057 1605 2133 descri-

376 2169 381 2176 ’
435 2181 504 2276 psit
528 2179 738 2275 paradisum
765 2180 803 2254 in
834 2180 1011 2277 generali,
1037 2201 1136 2255 nunc
1167 2185 1436 2274 consequenter
1468 2178 1506 2252 in
1537 2179 1605 2252 isto

434 2301 549 2374 XXXI
567 2298 726 2394 capitulo
743 2299 907 2376 declarat
925 2299 1060 2375 dictam
1078 2299 1236 2375 formam
1251 2300 1476 2396 generalem,
1494 2304 1531 2372 et
1548 2297 1606 2371 in-

433 2420 594 2495 troducit
618 2420 655 2494 in
680 2421 826 2516 speciali
852 2421 1082 2496 Bernardum
1109 2422 1172 2516 qui
1201 2421 1357 2496 ostendit
1386 2419 1453 2495 sibi
1480 2420 1605 2494 Domi-

433 2561 532 2615 nam.
558 2539 603 2614 ut
626 2546 746 2615 totum
774 2561 935 2636 praesens
959 2541 1158 2636 capitulum
1176 2547 1294 2636 potest
1316 2539 1476 2616 breviter
1492 2537 1600 2614 dividi

433 2662 470 2736 in
496 2667 661 2756 quatuor
694 2667 818 2757 partes
848 2661 1056 2758 generales:
1083 2661 1120 2735 in
1155 2662 1273 2758 prima
1303 2681 1462 2756 quarum
1494 2666 1604 2752 autor

432 2781 608 2858 describit
629 2788 755 2856 aetum
781 2788 819 2858 et
843 2781 1009 2857 habitum
1030 2783 1248 2879 angelorum
1268 2781 1475 2858 aulicorum
1494 2781 1604 2856 huius

435 2901 591 2976 excelse
615 2901 740 2976 curiae.
766 2901 809 2976 ln
832 2901 993 2978 secunda
1019 2901 1102 2977 lacit
1128 2923 1235 2976 suam
1265 2901 1531 2991 invocationem
1558 2899 1603 2976 ad

434 3022 565 3116 Deum,
590 3027 627 3097 et
651 3021 822 3098 describit
847 3043 954 3097 suam
980 3021 1222 3098 felicissimam
1241 3022 1602 3117 contemplationem,

434 3141 501 3216 ibi:
532 3145 563 3216 0
588 3145 684 3216 tatu
708 3145 792 3217 tuce.
819 3144 859 3216 ln
884 3142 992 3218 tertia
1012 3141 1209 3218 introducit
1230 3142 1352 3218 virum
1373 3141 1601 3238 contempla-

432 3262 550 3337 tivum
576 3263 806 3338 Beruardum
833 3264 870 3337 in
894 3283 1005 3338 suum
1032 3261 1264 3359 advocatum,
1286 3271 1322 3340 et
1346 3263 1602 3338 ascensionem

433 3383 669 3466 Beatrieisad
686 3383 812 3460 sedem
826 3405 945 3479 suam,
959 3385 1026 3459 ibi:
1040 3389 1093 3458 Lu
1105 3389 1228 3480 formo
1243 3387 1398 3477 perorat.
1413 3384 1453 3457 ln
1468 3390 1600 3479 quarta
1633 3473 1636 3480 ,

432 3511 470 3579 et
493 3503 623 3578 ultima
647 3501 765 3579 dictus
789 3505 999 3580 Beruardus
1019 3505 1174 3582 ostendit
1194 3505 1315 3581 autori
1335 3503 1544 3602 paradisum
1565 3511 1603 3578 et

431 3623 469 3698 iu
493 3622 639 3718 speciali
653 3617 690 3716 (¹)
718 3630 882 3700 nostram
907 3625 1113 3719 Dominam,
1130 3624 1198 3700 ibi:
1218 3627 1285 3698 n’t
1307 3632 1410 3698 santo
1431 3629 1527 3698 Serre.
1546 3622 1599 3696 Ad

433 3743 593 3840 primum
620 3763 711 3840 ergo
734 3743 817 3819 dieo
841 3744 940 3839 quod
964 3751 1074 3819 autor
1099 3745 1136 3818 in
1162 3743 1281 3841 prima
1307 3751 1411 3839 parte
1434 3743 1599 3841 generali

432 3863 604 3940 describit
627 3871 751 3939 actum
777 3870 816 3940 et
840 3863 1005 3940 habitum
1033 3865 1168 3940 militie
1192 3865 1386 3961 angelicae:
1415 3872 1453 3939 et
1479 3862 1598 3958 primo

433 3983 621 4060 continuat
644 4003 686 4058 se
709 3983 757 4058 ad
782 3983 1033 4079 praecedentia.
1060 3985 1105 4059 Et
1129 3985 1175 4059 ad
1200 3983 1471 4082 intelligendam
1499 3981 1599 4058 clare

432 4105 539 4180 istam
572 4103 716 4180 literam
750 4103 1036 4179 continuativam
1072 4110 1128 4180 est
1163 4105 1459 4200 praeuotandum,
1500 4101 1599 4197 quod

433 4225 526 4301 sicut
546 4224 662 4321 patuit
679 4224 716 4298 in
734 4223 951 4320 precedenti
969 4224 1128 4320 capitulo
1144 4230 1254 4299 autor
1272 4230 1397 4298 noster
1414 4221 1501 4298 vidit
1521 4221 1603 4318 glo·

434 4345 527 4421 rium
552 4345 708 4442 paradisi
733 4365 780 4421 eu
805 4346 915 4444 longa
940 4345 1019 4421 lieri
1045 4346 1253 4440 rotundam,
1280 4365 1353 4419 non
1385 4343 1472 4439 quia
1497 4341 1603 4438 prius

432 4473 528 4542 esset
551 4465 658 4541 aliter
682 4486 795 4561 quam
821 4471 958 4562 postea,
979 4465 1043 4541 sed
1060 4465 1145 4560 quia
1167 4466 1275 4562 longa
1294 4463 1412 4561 figura
1432 4460 1600 4559 pluribus

431 4591 487 4661 ast
512 4592 611 4680 uota,
627 4585 690 4660 sed
716 4585 816 4661 nulla
832 4591 888 4662 est
905 4592 980 4661 mm
998 4585 1159 4681 perlecta
1177 4603 1245 4659 nec
1261 4583 1354 4660 adeo
1372 4602 1488 4678 capax
1506 4581 1603 4655 sicut

432 4706 607 4800 rotunda3
639 4706 720 4782 ideo
749 4713 858 4781 autor
887 4706 1137 4802 descripturus
1170 4703 1378 4802 paradisum
1407 4701 1602 4798 increpita

492 4973 520 5034 (¹)
536 4971 563 5022 S.
577 4971 732 5035 specialiter.

564 5079 591 5124 i.
1440 5081 1468 5126 8⁰
