4842 6642
810 836 948 897 murus
973 840 1163 897 vreusmus
1188 842 1318 897 nonus.
1577 833 1648 902 too

478 981 733 1061 contradicunt
757 984 900 1059 Christo
920 992 959 1061 et
974 986 1158 1084 discipulis
1178 986 1269 1080 eius,
1292 987 1400 1063 cuius
1424 996 1651 1085 preceptum

479 1106 597 1201 primo
622 1103 723 1201 ponit
748 1104 847 1181 circa
872 1112 998 1181 actum
1025 1106 1256 1202 predicandi,
1282 1107 1426 1184 diceus:
1455 1114 1536 1183 Non
1559 1112 1653 1185 disse
1769 1169 1773 1175 .

481 1228 594 1301 Gn'sto
619 1229 658 1300 ol
678 1246 743 1299 ruo
757 1228 875 1319 ptimo
891 1234 1071 1320 conuento,
1092 1226 1195 1322 idest,
1214 1228 1369 1325 collegio
1386 1229 1651 1325 apostolorum,

478 1350 607 1422 mrdute
630 1371 650 1422 e
670 1350 849 1441 preducta
874 1350 913 1421 al
936 1350 1066 1423 mondo
1083 1351 1215 1439 monce,
1232 1350 1326 1424 sicut
1351 1349 1408 1423 isti
1434 1350 1649 1446 praedicant,

478 1490 591 1560 nme
615 1469 871 1560 contruditur
887 1470 967 1543 toro
992 1490 1115 1543 verace
1130 1471 1373 1563 fundannum,
1392 1470 1493 1565 qnod
1509 1470 1578 1546 tuit
1589 1463 1649 1562 (¹):

478 1591 528 1665 ito
552 1594 589 1665 et
614 1588 809 1685 predicate
834 1589 1068 1685 evangelium
1095 1588 1194 1664 omni
1227 1597 1421 1665 creaturos.
1452 1592 1497 1665 Et
1526 1591 1650 1667 subdit

479 1710 666 1807 quomodo
690 1710 843 1805 apostoli
868 1710 1111 1786 obediverunt
1138 1712 1310 1786 mandato
1336 1712 1478 1805 Christi,
1504 1712 1647 1787 diceus:

477 1835 618 1925 emoet,
652 1830 799 1925 scilicet,
834 1830 1083 1928 evangelium,
1119 1838 1229 1926 moto,
1265 1832 1369 1926 idest,
1402 1833 1646 1928 solummodo,

476 1948 565 2029 cond
581 1956 744 2028 uelletne
759 1974 907 2045 ouante,
924 1952 1028 2046 idest,
1046 1952 1084 2027 in
1100 1954 1228 2028 oribus
1245 1953 1429 2048 ipsorum3
1443 1954 1542 2049 qnod
1560 1976 1648 2049 pro·

476 2074 538 2149 bnt
565 2094 631 2169 per
656 2073 842 2167 effectum,
865 2073 952 2166 quta
977 2092 1083 2149 armo
1109 2073 1244 2167 quibus
1269 2073 1512 2149 detonderunt
1536 2073 1646 2149 tidem

476 2200 715 2291 sumpserunt
741 2216 787 2271 ex
811 2195 898 2269 solis
925 2193 1047 2269 verbis
1073 2195 1274 2292 evaugelii3
1295 2195 1392 2271 uode
1412 2189 1566 2269 dicitzsi
1588 2198 1647 2269 cle

475 2338 500 2391 o
510 2336 690 2411 cuonone,
709 2316 856 2409 scilicet,
873 2322 1003 2390 contra
1022 2314 1195 2409 infideles,
1214 2337 1283 2409 per
1300 2320 1470 2391 accmder
1483 2315 1532 2391 'u
1555 2320 1647 2412 sede,

476 2436 623 2531 scilicet,
650 2436 685 2511 iu
710 2435 883 2511 cordibus
908 2456 1038 2512 eorum
1059 2436 1238 2512 induratis
1260 2444 1298 2513 et
1314 2438 1453 2535 frigidis
1478 2439 1648 2535 pestilera

475 2556 723 2651 assuetudine,
739 2558 856 2650 senno
871 2560 971 2631 crudi
993 2580 1012 2631 e
1038 2558 1150 2648 lance,
1168 2556 1271 2652 idest,
1287 2566 1510 2655 argumento
1531 2566 1568 2634 et
1585 2580 1648 2633 ru-

476 2679 593 2754 tiones
617 2678 663 2753 ad
689 2678 947 2774 opponendum
973 2686 1011 2755 et
1036 2679 1305 2755 defendendum
1338 2679 1460 2775 tidem,
1486 2685 1524 2755 et
1550 2701 1647 2774 puu-

475 2799 638 2897 gendum
657 2803 693 2874 et
711 2798 981 2874 vulnerandum
999 2800 1230 2875 adversarios
1248 2800 1343 2895 fidei,
1360 2803 1438 2874 deti
1452 2802 1645 2892 coonyetto,

474 2919 703 3015 simpliciter3
719 2920 767 2993 uh
785 2918 953 3013 quotiens
978 2919 1102 2994 etrdivi
1128 2921 1318 3016 praedicari
1344 2922 1504 3018 physica,
1524 2928 1645 2996 astro·

474 3038 592 3137 logica
609 3045 648 3114 ct
665 3038 892 3115 medicinalia
910 3039 1151 3115 mulierculis!
1167 3040 1248 3117 ideo
1266 3062 1341 3116 non
1354 3041 1470 3116 miror
1488 3042 1518 3115 si
1534 3048 1644 3116 autor

474 3161 572 3237 luvet
590 3160 640 3235 ito
658 3160 711 3235 eis
727 3166 847 3255 ceput
862 3200 912 3215 -·
929 3166 1014 3237 Oro.
1037 3160 1103 3237 llic
1120 3162 1268 3237 Beetrix
1285 3162 1441 3238 ostendit
1457 3162 1644 3257 quomodo

474 3280 642 3356 moderni
668 3281 906 3375 predicantes
931 3281 1069 3357 iaciunt
1093 3282 1302 3377 oppositum
1328 3282 1566 3377 antiquorum
1588 3282 1644 3357 di·

470 3402 712 3499 scipulorum,
733 3401 879 3478 dicens:
911 3406 988 3477 Oro
1007 3406 1039 3477 si
1058 3424 1117 3497 ro,
1138 3401 1241 3497 idest,
1259 3404 1368 3478 hodie
1387 3402 1463 3476 itur
1484 3402 1531 3477 ad
1548 3422 1642 3497 prte-

472 3522 681 3617 trandum,
705 3544 773 3597 ooo
798 3525 895 3597 motti
917 3544 938 3596 e
961 3544 1028 3597 con
1053 3526 1175 3617 iscede,
1205 3524 1307 3618 idest,
1334 3523 1474 3616 truffis5
1494 3528 1532 3598 et
1556 3543 1644 3599 ecoe

469 3664 610 3739 quaro:
637 3649 680 3717 ut
703 3644 764 3721 det
790 3644 906 3718 risum
932 3645 1078 3740 populo,
1104 3644 1243 3739 etipse
1274 3642 1425 3739 recipiat
1451 3650 1642 3719 ventosam

471 3764 640 3862 glorium.
666 3764 768 3839 Unde
792 3764 897 3841 dicit:
914 3772 949 3839 et
970 3768 998 3838 il
1020 3764 1381 3859 momenmentum,
1403 3763 1526 3837 fratris
1545 3782 1643 3857 pro·

470 3884 635 3979 dicentis,
659 3887 793 3979 consto,
819 3884 920 3979 idest,
947 3884 1096 3961 indatur
1127 3892 1238 3961 vento
1267 3884 1384 3960 inanis
1408 3885 1546 3982 gloriae,
1567 3904 1642 3979 pur

468 4008 531 4080 ue
550 4006 615 4079 ten
638 4008 671 4081 si
693 4007 790 4096 n'du,
805 4004 954 4101 seilicet,
973 4027 997 4081 a
1016 4006 1154 4102 populo
1171 4006 1354 4101 audienti3
1371 4013 1410 4082 et
1425 4004 1530 4082 dicit:
1548 4027 1567 4079 e
1577 4000 1642 4099 piu*

468 4148 543 4203 non
567 4129 764 4219 onmem,
780 4126 926 4219 scilicet,
945 4146 1011 4222 por
1031 4127 1427 4223 momentorumque
1445 4146 1519 4201 non
1537 4146 1642 4222 qnae·

472 4251 519 4325 rit
544 4250 666 4325 tacere
691 4248 806 4323 alium
833 4249 996 4323 fructum
1030 4248 1253 4343 animarum,
1279 4249 1344 4324 sed
1368 4248 1508 4325 lubere
1530 4268 1642 4343 copo

467 4390 568 4465 nour,
586 4370 740 4464 lucium,
758 4368 887 4459 viuum
913 4370 973 4444 vel
989 4374 1142 4464 turtum,
1161 4376 1198 4443 et
1215 4388 1314 4464 saepe
1330 4368 1525 4464 perunum
1543 4366 1643 4441 mul-

470 4498 546 4567 tem
571 4514 595 4567 u
619 4490 744 4587 pingui
771 4497 992 4586 mercatore,
1009 4489 1122 4565 diuite
1147 4490 1316 4584 muliere,
1342 4496 1381 4564 et
1405 4489 1547 4565 lomoso
1570 4488 1642 4567 lm·

468 4616 791 4689 nemore-tta
824 4612 903 4685 tute.
936 4611 1002 4687 llic
1031 4611 1179 4688 Beetrix
1213 4611 1370 4687 ostendit
1402 4610 1504 4705 quod
1532 4630 1644 4706 poem

467 4740 526 4811 ost
550 4739 677 4830 parata
702 4732 822 4807 stntim
842 4732 972 4829 culpae,
990 4732 1075 4808 licet
1099 4732 1144 4807 sit
1168 4732 1325 4827 occulta,
1345 4731 1487 4807 diceus:
1504 4736 1569 4805 lta
1591 4733 1643 4805 tu

533 4998 996 5064 (omno-mmmmm
