4842 6642
775 846 913 903 cunnus
939 851 1129 907 vronsruus
1153 851 1283 907 nouus.
1543 842 1614 912 tan

443 994 537 1069 sicut
558 1000 656 1089 patet
682 994 718 1067 in
744 995 814 1069 bac
840 995 958 1092 figura
985 1018 1007 1071 a
1035 999 1151 1073 tatere
1176 1000 1290 1094 posita
1305 991 1352 1089 (¹).
1379 1000 1423 1073 Et
1448 1000 1506 1075 bic
1531 1006 1615 1077 nota

444 1113 542 1207 qnod
567 1115 795 1210 comparatio
820 1122 875 1190 est
899 1117 1026 1210 puicra
1061 1123 1098 1193 et
1131 1118 1290 1214 propria.
1318 1120 1419 1193 Sicut
1449 1120 1547 1195 enim
1580 1121 1616 1195 in

445 1233 561 1329 posito
574 1226 612 1327 (²)
639 1255 726 1309 casu
755 1235 843 1311 iuna
869 1256 954 1331 quae
982 1237 1108 1332 recipit
1129 1238 1256 1315 iumen
1280 1260 1303 1313 a
1329 1240 1405 1314 soie
1430 1241 1613 1315 modicum

444 1360 514 1429 stat
539 1355 604 1428 sibi
630 1355 796 1450 opposita
823 1356 859 1430 in
886 1367 987 1432 recta
1013 1358 1119 1452 tinea,
1140 1358 1188 1433 ita
1210 1359 1353 1435 Beatrir
1377 1381 1462 1455 quae
1487 1360 1616 1455 recipit

443 1475 569 1552 lumen
595 1497 617 1550 a
643 1477 720 1551 soie
738 1497 839 1572 vero,
859 1478 995 1553 scilicet
1018 1478 1106 1572 Deo,
1126 1479 1311 1553 modicum
1331 1480 1490 1575 respexit
1514 1488 1615 1556 recte

445 1598 564 1691 ipsum
582 1605 760 1692 punctum
780 1598 910 1692 Deum,
930 1599 992 1673 sed
1012 1599 1134 1673 statim
1152 1599 1346 1675 declinavit
1362 1601 1408 1676 ad
1431 1608 1613 1677 autorem.

444 1722 565 1792 -Poi
576 1712 754 1793 comiado.
770 1720 835 1793 Hic
847 1725 957 1794 autor
971 1719 1071 1815 ponit
1085 1720 1290 1796 orationem
1308 1722 1482 1797 Beatricis
1499 1721 1545 1797 ad
1561 1742 1613 1816 se,

445 1860 530 1935 qnae
553 1840 637 1914 dicit
662 1840 782 1914 autori
810 1860 927 1934 quare
951 1840 1135 1936 praevenit·
1162 1841 1282 1937 ipsum
1315 1864 1388 1916 non
1422 1849 1613 1938 expectata

445 1959 617 2055 petitione
642 1959 732 2033 eius.
752 1959 854 2034 Unde
874 1959 978 2035 dicit:
997 1963 1064 2035 Poi
1082 1954 1261 2053 comtnctd,
1281 1962 1428 2057 scilicet,
1445 1963 1504 2038 iiia
1521 1962 1615 2038 Bea-

446 2080 517 2153 trix
542 2080 684 2156 dicere:
711 2084 747 2154 io
772 2084 863 2175 dico,
882 2102 954 2155 non
971 2084 1140 2157 dimando
1165 2086 1245 2175 quet
1266 2085 1326 2157 cde
1342 2091 1378 2156 tu
1395 2086 1475 2157 vuoi
1490 2088 1614 2179 udtre5

444 2208 482 2275 et
507 2201 666 2297 assignat
693 2200 886 2295 rationem,
910 2201 1052 2277 dicens:
1076 2205 1243 2295 percit'io
1272 2206 1295 2277 t
1308 2206 1353 2276 do
1378 2208 1465 2278 cisto
1489 2194 1526 2277 td
1551 2224 1615 2277 nne

443 2324 638 2415 suppa-nto
663 2323 747 2412 opat
771 2322 830 2394 obi
845 2329 878 2395 et
896 2326 981 2413 opat
1004 2326 1160 2415 quoodo,
1179 2323 1283 2417 quasi
1301 2323 1416 2398 dicat:
1438 2324 1525 2418 quia
1544 2324 1615 2399 vidi
1677 2393 1684 2405 .

445 2441 515 2515 boc
539 2440 576 2513 in
601 2448 738 2535 puncto
764 2441 937 2535 praedicto
962 2426 1155 2517 divinitatis
1172 2443 1207 2517 in
1227 2464 1302 2536 quo
1323 2444 1446 2517 omnia
1464 2444 1615 2518 firman-

445 2568 518 2652 tur,
544 2566 581 2635 et
604 2582 628 2636 a
654 2582 729 2656 quo
757 2562 880 2637 omnia
905 2562 1316 2658 disponuntur—Non
1337 2586 1404 2657 per
1429 2586 1525 2639 over.
1550 2566 1615 2640 iiic

444 2680 589 2756 Beatrix
617 2681 736 2777 primo
763 2680 957 2778 respondet
982 2682 1110 2777 primae
1137 2684 1339 2778 quaestioni,
1366 2706 1477 2779 quarn
1504 2692 1615 2761 autor

444 2808 663 2897 conceperat
689 2802 812 2877 iacere
830 2803 867 2877 in
889 2810 1012 2879 mente
1037 2824 1124 2897 sua3
1152 2810 1189 2881 et
1206 2805 1360 2899 questio
1384 2812 1457 2881 est:
1479 2806 1508 2879 si
1528 2813 1615 2882 ante

444 2923 668 2998 creationem
695 2923 823 2997 mundi
849 2931 886 2998 et
910 2925 1127 3021 angelorum
1155 2925 1224 2999 init
1248 2933 1403 3022 tempus.
1434 2926 1488 3001 dd
1515 2926 1614 3020 quod

446 3042 640 3139 respondet
654 3042 798 3119 Beatrir
822 3043 919 3139 qood
937 3045 1036 3119 solus
1054 3044 1153 3119 Deus
1170 3055 1226 3122 est
1242 3051 1414 3138 aeurnns,
1434 3052 1472 3120 et
1488 3046 1612 3121 omnia

444 3162 583 3238 creavit
606 3169 693 3238 ante
719 3169 875 3259 tempus,
901 3170 1036 3239 caetera
1066 3185 1157 3239 vero
1189 3165 1325 3240 babent
1350 3165 1491 3239 initium
1519 3174 1614 3241 tern-

444 3284 551 3379 poris.
586 3284 722 3359 Ordine
756 3291 794 3359 et
828 3304 970 3379 expone
1004 3284 1055 3359 sic
1082 3284 1246 3361 literam:
1276 3288 1442 3359 L'etcmo
1476 3306 1612 3380 umore,

444 3402 545 3497 idest,
566 3404 663 3479 Deus
681 3424 833 3479 rnanens
850 3412 1011 3479 aeternus
1036 3404 1073 3477 in
1093 3424 1235 3499 amore,
1255 3408 1284 3478 s'
1298 3426 1422 3498 opcrse
1445 3410 1484 3480 ia
1508 3411 1616 3481 nunni

443 3528 574 3617 amori,
600 3524 703 3620 idest,
735 3524 979 3600 manifestavit
1010 3545 1051 3600 se
1084 3524 1122 3598 in
1154 3545 1268 3599 novas
1303 3532 1614 3621 creaturaeque

444 3666 516 3719 noo
542 3651 627 3720 sont
651 3645 731 3721 sine
752 3666 899 3740 amore,
915 3644 1012 3719 unde
1029 3650 1139 3720 autor
1156 3645 1193 3719 in
1210 3645 1420 3746 Purgatorii
1436 3646 1612 3741 capitulo:

442 3764 489 3841 ad
510 3774 651 3843 creator
674 3762 721 3841 nd
742 3774 908 3841 creowo
925 3769 998 3839 mni
1011 3769 1052 3861 su
1069 3787 1179 3841 scazo
1196 3787 1328 3839 aurore.
1347 3765 1466 3860 Aliqui
1489 3777 1612 3843 tamen

444 3884 568 3962 dicunt
592 3888 691 3982 quod
719 3887 841 3963 verius
867 3886 1024 3979 videtur,
1042 3886 1140 3981 quod
1159 3892 1271 3961 autor
1290 3888 1464 3979 loquatur
1480 3885 1527 3961 de
1546 3906 1613 3961 no-

444 4026 527 4081 vem
563 4006 750 4081 ordinibus
788 4008 1018 4102 angelorum,
1045 4006 1108 4100 qui
1143 4007 1446 4082 excellentissime
1481 4005 1612 4083 ardent

444 4146 573 4203 amore
589 4126 722 4222 divino,
741 4127 828 4222 quia
844 4128 914 4202 aiia
932 4127 1082 4201 inerunt
1099 4133 1223 4201 creata
1239 4127 1446 4203 successive
1461 4127 1499 4201 in
1516 4134 1612 4203 ten·

444 4268 533 4343 pore
559 4268 622 4323 sex
649 4248 815 4342 diernm3
841 4247 905 4323 sed
936 4252 1037 4323 certe
1068 4248 1137 4322 boc
1167 4268 1240 4321 non
1270 4248 1401 4341 obstat,
1422 4247 1523 4342 -quia
1548 4248 1612 4342 qni

445 4373 568 4442 manet
594 4367 630 4441 in
655 4374 835 4443 aeternum
864 4366 948 4442 iecit
973 4366 1097 4442 omnia
1122 4366 1252 4459 sinrn13
1269 4367 1350 4442 ideo
1368 4374 1487 4461 potest
1506 4368 1612 4445 intei-

444 4486 504 4583 trgi
531 4494 606 4563 tam
633 4487 679 4563 de
704 4486 808 4563 novis
833 4487 1024 4581 creaturis,
1052 4508 1164 4581 quam
1191 4488 1238 4563 de
1263 4507 1396 4562 novero
1424 4487 1613 4564 ordinibus

442 4610 682 4707 angelorum,
701 4609 783 4683 ideo
800 4608 894 4683 bene
912 4612 1031 4703 potest
1055 4607 1191 4702 dicere,
1217 4612 1256 4682 in
1279 4612 1391 4683 οοουι·
1405 4612 1535 4699 emon,
1555 4610 1614 4685 rei

442 4734 480 4805 in
498 4752 587 4805 noue
604 4732 734 4821 mori,
752 4735 876 4805 tamen
893 4728 1054 4803 secunda
1071 4727 1177 4803 iitera
1202 4735 1257 4804 est
1283 4730 1425 4824 melior,
1446 4728 1533 4824 quia
1558 4736 1614 4804 est

507 4986 535 5052 ι’)
550 4988 587 5039 La
603 4988 686 5053 figura
702 5002 792 5039 manca
808 4990 851 5039 nei
866 4990 949 5041 nostri
963 4988 1061 5041 codici.
1247 4988 1276 5055 (²)
1292 4989 1324 5040 E.
1340 4990 1368 5040 in
1382 4988 1525 5054 proposito.
