4842 6642
762 861 901 918 murus
926 836 1118 920 vrousmus
1143 864 1322 931 ausurus.
1560 853 1631 922 345

458 1015 536 1085 cat:
562 1009 637 1084 tale
662 1007 853 1104 eloquium
879 1007 991 1084 exivit
1015 1008 1064 1083 ab
1089 1008 1150 1082 illo
1183 1007 1311 1104 spiritu
1343 1008 1440 1084 Petri
1473 1010 1635 1086 ardentis

458 1150 589 1205 amore
613 1129 759 1222 divino;
786 1135 824 1203 et
848 1127 953 1204 dicit:
977 1131 1054 1203 aaut
1076 1132 1280 1221 sopptume:
1297 1132 1333 1203 tn
1359 1131 1437 1221 lepu
1462 1151 1481 1203 c
1504 1132 1635 1224 tlpcso

458 1252 573 1324 d’cstu
598 1256 739 1322 moneta
764 1244 785 1324 ὀ
806 1239 868 1344 (fid
885 1250 983 1322 assui
1002 1249 1066 1322 ten
1083 1256 1279 1341 trascorsu,
1297 1249 1400 1354 quasi
1419 1249 1530 1324 dicat:
1548 1269 1635 1346 per·

459 1368 567 1444 lectio
591 1368 675 1444 lidei
701 1367 789 1443 satis
805 1368 900 1443 bene
917 1374 954 1442 et
970 1369 1132 1444 breviter
1149 1375 1203 1444 ast
1220 1375 1425 1465 perstructa
1446 1369 1482 1443 in
1504 1369 1631 1467 paucis

459 1489 592 1566 verbis.
620 1490 665 1563 Et
697 1489 755 1563 hic
787 1496 873 1564 nota
905 1489 1004 1583 quod
1034 1495 1144 1564 autor
1174 1490 1423 1588 metaphorice
1455 1489 1630 1564 assimilat
1773 1562 1776 1570 .

458 1609 569 1686 iidem
592 1608 758 1705 pecumae
782 1608 940 1685 cunialm
957 1609 994 1682 iu
1011 1629 1117 1704 auro,
1136 1630 1221 1704 quae
1241 1611 1373 1684 habeat
1393 1629 1521 1685 omnes
1541 1629 1628 1684 suas

460 1738 583 1826 partes
607 1731 645 1804 in
670 1731 755 1827 liga,
781 1728 944 1825 pondera
968 1736 1006 1804 et
1031 1729 1151 1804 cunio.
1177 1731 1270 1804 Nota
1296 1729 1405 1805 etiam
1437 1729 1536 1826 quod
1567 1749 1631 1825 pe-

459 1853 568 1928 cunia
594 1851 663 1926 luit
686 1851 834 1926 inventa
861 1859 929 1924 etc.

532 1978 596 2048 Mc
619 1974 751 2046 dimna.
778 1972 848 2046 lsta
875 1978 931 2045 est
961 1970 1068 2046 tertia
1100 1990 1185 2066 pars
1215 1969 1396 2067 generalis
1409 1961 1460 2065 (¹),
1491 1970 1528 2045 in
1558 1990 1633 2064 qua

459 2094 591 2169 Petrus
608 2097 807 2188 pertractat
824 2090 993 2185 quaedam
1011 2075 1135 2184 dubia,
1154 2090 1211 2164 vel
1229 2089 1329 2185 ponit
1346 2088 1524 2185 quasdam
1545 2089 1634 2166 alias

459 2212 651 2309 petitiones
676 2212 775 2286 circa
799 2210 992 2286 materiam
1019 2209 1123 2305 lidei3
1141 2218 1180 2286 et
1195 2210 1314 2306 primo
1332 2211 1421 2307 petit
1437 2211 1484 2285 ab
1501 2216 1634 2286 autore

459 2335 490 2409 si
516 2334 627 2408 habet
650 2331 750 2407 illam
776 2331 813 2404 in
839 2331 950 2406 corde
969 2331 1065 2406 sicut
1081 2331 1118 2404 in
1136 2331 1272 2428 lingua.
1291 2331 1334 2404 Et
1352 2331 1513 2407 breviter
1529 2329 1633 2404 dicit:

459 2453 602 2530 deiide
626 2451 763 2528 dictum
791 2457 847 2526 est
871 2450 962 2546 quid
987 2450 1064 2546 ipsa
1090 2450 1148 2544 sit,
1168 2456 1206 2526 et
1226 2457 1406 2545 quantum
1433 2451 1549 2544 valet3
1570 2448 1633 2524 sed

459 2576 544 2652 volo
569 2572 663 2648 scire
687 2572 717 2646 si
743 2577 800 2646 est
823 2571 921 2667 apud
947 2577 986 2645 te
1011 2578 1086 2645 lam
1113 2592 1200 2647 cara
1226 2580 1264 2648 et
1290 2580 1363 2646 tam
1394 2570 1566 2668 pretiosa,
1590 2577 1635 2644 ut

460 2703 499 2771 tu
527 2692 780 2790 pronuntiasti.
807 2691 899 2767 Dicit
924 2712 1032 2789 ergo:
1060 2697 1122 2766 Mu
1144 2695 1266 2766 dimmi
1295 2707 1332 2766 se
1362 2699 1397 2766 tu
1429 2695 1451 2764 t
1463 2693 1536 2782 tui,
1562 2689 1633 2764 sci-

458 2816 553 2910 licet,
579 2816 674 2890 hanc
699 2819 899 2909 monetam,
925 2813 1177 2909 idest-fidem,
1198 2818 1291 2890 uela
1313 2823 1373 2890 tua
1389 2816 1509 2905 torsa,
1528 2813 1631 2907 idest,

458 2937 496 3010 in
522 2935 647 3011 anima
672 2942 736 3010 tua
761 2935 936 3010 clausam.
963 2935 1008 3008 Et
1036 2935 1211 3010 continuo
1245 2935 1413 3030 sequitur
1447 2934 1632 3031 respomio

457 3055 597 3132 autoris
616 3054 782 3132 dicentis:
803 3059 847 3129 ecl
861 3059 911 3145 io,
930 3057 1069 3152 supple,
1092 3057 1272 3152 respondi,
1292 3050 1335 3151 sl,
1358 3048 1630 3156 tuccitanae,

457 3178 539 3252 sine
574 3177 697 3271 aliqua
737 3176 917 3272 rubigine,
943 3199 962 3249 c
993 3169 1025 3249 si
1057 3179 1179 3270 mado,
1214 3176 1317 3271 idest,
1350 3183 1427 3252 tam
1459 3177 1631 3273 perlecta,

456 3300 518 3371 elic
540 3299 639 3372 nullu
664 3301 714 3370 mi
736 3299 766 3370 ε’
777 3298 930 3389 insursu,
956 3296 1059 3391 idest,
1090 3297 1176 3370 uilril
1206 3305 1279 3372 stat
1311 3298 1398 3372 milri
1437 3298 1473 3372 in
1508 3297 1631 3394 dubio,

457 3421 516 3492 uel
529 3439 594 3492 mo
611 3421 727 3508 coum,
741 3416 844 3511 idest,
857 3417 894 3491 in
911 3417 992 3492 eius
1008 3416 1157 3493 fabrica.
1171 3459 1222 3473 -
1234 3425 1421 3513 appresso.
1440 3419 1506 3494 llic
1522 3426 1633 3494 autor

457 3538 559 3635 punit
575 3539 776 3614 smundam
793 3538 1006 3634 petitionem
1020 3538 1118 3613 Petri
1128 3529 1179 3634 (²),
1189 3538 1252 3633 qui
1270 3538 1420 3633 inquirit
1437 3539 1484 3612 ab
1500 3545 1633 3614 autore

453 3659 557 3736 unde
583 3657 755 3732 habuerit
780 3658 885 3733 istam
916 3656 1045 3751 fldem3
1073 3657 1171 3733 unde
1200 3657 1306 3733 dicit:
1342 3665 1379 3733 et
1410 3658 1476 3732 ista
1509 3659 1633 3754 petitio

456 3779 672 3874 subscripta,
689 3771 761 3853 ascl
778 3798 963 3872 oppresso,
979 3777 1126 3873 scilicet,
1144 3784 1225 3874 post
1245 3777 1403 3873 primam
1422 3777 1630 3873 petitionem

417 3912 420 3916 “
458 3901 603 3995 iactam,
620 3903 715 3974 dcta
732 3903 806 3974 luce
819 3901 1013 3995 prosotldu,
1030 3898 1178 3994 scilicet,
1191 3898 1302 3993 Petri,
1315 3901 1376 3972 clue
1392 3892 1416 3974 tt
1431 3902 1632 3994 mundove,

459 4020 562 4115 idest,
589 4019 638 4095 ibi
663 4027 778 4117 prope
804 4040 873 4094 me.
890 4026 1059 4115 separata
1075 4017 1126 4094 ab
1145 4018 1390 4108 aliis:.0uestu
1415 4040 1505 4094 curu
1523 4024 1632 4116 piola,

458 4141 606 4233 scilicet,
633 4141 750 4215 virtus
775 4139 870 4234 lidei,
894 4160 1006 4233 sopra
1031 4143 1068 4214 lu
1096 4142 1182 4234 qual
1209 4143 1294 4232 opat
1326 4135 1416 4214 oirtrl
1446 4143 1479 4214 si
1504 4143 1631 4236 sunda,

457 4267 494 4336 et
518 4261 597 4336 sine
622 4283 697 4355 qua
723 4261 824 4335 nulla
850 4260 967 4334 virtus
991 4269 1047 4335 est
1071 4259 1200 4355 uirtus,
1227 4261 1317 4334 ende
1349 4263 1375 4334 tt
1401 4267 1538 4335 venne?
1563 4259 1634 4336 sci-

457 4381 553 4475 licet,
578 4381 615 4454 in
644 4387 807 4456 mentem
830 4387 932 4454 tuam
952 4388 1141 4474 tamquam
1160 4379 1197 4452 in
1216 4380 1380 4454 bursam.
1399 4380 1443 4454 Et
1460 4380 1634 4456 continuo

456 4500 626 4595 sequitur
653 4501 842 4596 responsio
872 4501 1012 4577 autoris
1046 4498 1209 4594 dicentis,
1248 4501 1293 4573 cd
1321 4501 1370 4591 io,
1400 4499 1539 4595 supple,
1573 4519 1634 4574 re·

456 4620 596 4716 spondi,
623 4623 660 4695 lu
685 4623 791 4712 torpa
806 4623 921 4714 plaia,
945 4620 1048 4714 idest,
1074 4620 1210 4716 pluvia,
1229 4618 1332 4713 idest,
1353 4618 1501 4694 scientia
1527 4619 1632 4694 theo·

455 4740 573 4839 logiae,
591 4743 682 4815 delto
698 4743 830 4833 Spiritu
844 4747 948 4814 sunto
965 4736 1047 4815 cl'l
1060 4742 1204 4832 difflua,
1222 4737 1324 4831 idest,
1337 4736 1468 4814 diffuse
1484 4737 1633 4834 scripta,

517 4928 593 4992 (¹113.
609 4929 736 4992 generalis
752 4929 830 4979 lrnins
845 4925 961 4992 capituli,
977 4927 1005 4976 ln
1020 4939 1080 4990 qua.

519 5004 547 5068 θ)
562 5004 594 5056 Ε.
610 5004 680 5056 Petri
696 5004 816 5069 aposloli,
831 5006 886 5069 pul.
