<?xml version="1.0" encoding="UTF-8"?>
<!DOCTYPE html PUBLIC "-//W3C//DTD XHTML 1.0 Transitional//EN"
    "http://www.w3.org/TR/xhtml1/DTD/xhtml1-transitional.dtd">
<html xmlns="http://www.w3.org/1999/xhtml" xml:lang="en" lang="en">
 <head>
  <title>
</title>
<meta http-equiv="Content-Type" content="text/html;charset=utf-8" />
  <meta name='ocr-system' content='tesseract 3.04.00' />
  <meta name='ocr-capabilities' content='ocr_page ocr_carea ocr_par ocr_line ocrx_word'/>
</head>
<body>
  <div class='ocr_page' id='page_1' title='image "./comentumsuperda02benvgoog_0150.png"; bbox 0 0 4842 6642; ppageno 0'>
   <div class='ocr_carea' id='block_1_1' title="bbox 1003 775 1787 846">
    <p class='ocr_par' dir='ltr' id='par_1_1' title="bbox 1003 775 1787 846">
     <span class='ocr_line' id='line_1_1' title="bbox 1003 775 1787 846; baseline 0 -2"><span class='ocrx_word' id='word_1_1' title='bbox 1003 775 1072 844; x_wconf 81' lang='lat'>1‘38</span> <span class='ocrx_word' id='word_1_2' title='bbox 1392 789 1596 846; x_wconf 68' lang='lat' dir='ltr'>conuscat</span> <span class='ocrx_word' id='word_1_3' title='bbox 1620 792 1787 845; x_wconf 78' lang='lat' dir='ltr'>ruuanrsr</span> 
     </span>
    </p>
   </div>
   <div class='ocr_carea' id='block_1_2' title="bbox 915 928 2170 1511">
    <p class='ocr_par' dir='ltr' id='par_1_2' title="bbox 915 928 2170 1511">
     <span class='ocr_line' id='line_1_2' title="bbox 997 928 2170 1033; baseline 0 -23"><span class='ocrx_word' id='word_1_4' title='bbox 997 935 1188 1010; x_wconf 86' lang='lat' dir='ltr'>erroribus</span> <span class='ocrx_word' id='word_1_5' title='bbox 1215 933 1339 1008; x_wconf 90' lang='lat' dir='ltr'>multis</span> <span class='ocrx_word' id='word_1_6' title='bbox 1354 928 1404 1025; x_wconf 81' lang='lat'><strong>(¹).</strong></span> <span class='ocrx_word' id='word_1_7' title='bbox 1430 935 1474 1009; x_wconf 81' lang='lat' dir='ltr'>Et</span> <span class='ocrx_word' id='word_1_8' title='bbox 1509 935 1545 1010; x_wconf 94' lang='lat' dir='ltr'>in</span> <span class='ocrx_word' id='word_1_9' title='bbox 1580 937 1650 1010; x_wconf 87' lang='lat' dir='ltr'>boc</span> <span class='ocrx_word' id='word_1_10' title='bbox 1677 936 1850 1033; x_wconf 80' lang='lat' dir='ltr'>arguitur</span> <span class='ocrx_word' id='word_1_11' title='bbox 1878 935 2083 1032; x_wconf 80' lang='lat' dir='ltr'>ignorantia</span> <span class='ocrx_word' id='word_1_12' title='bbox 2113 936 2170 1010; x_wconf 92' lang='lat' dir='ltr'>di-</span> 
     </span>
     <span class='ocr_line' id='line_1_3' title="bbox 915 1041 2170 1151; baseline 0.003 -23"><span class='ocrx_word' id='word_1_13' title='bbox 915 1041 917 1046; x_wconf 69' lang='grc'><strong>’</strong></span> <span class='ocrx_word' id='word_1_14' title='bbox 998 1055 1159 1129; x_wconf 89' lang='lat' dir='ltr'>centium</span> <span class='ocrx_word' id='word_1_15' title='bbox 1186 1054 1286 1151; x_wconf 86' lang='lat' dir='ltr'>quod</span> <span class='ocrx_word' id='word_1_16' title='bbox 1311 1053 1347 1128; x_wconf 94' lang='lat' dir='ltr'>in</span> <span class='ocrx_word' id='word_1_17' title='bbox 1373 1055 1554 1149; x_wconf 87' lang='lat' dir='ltr'>scriptura</span> <span class='ocrx_word' id='word_1_18' title='bbox 1580 1056 1759 1130; x_wconf 90' lang='lat' dir='ltr'>librorum</span> <span class='ocrx_word' id='word_1_19' title='bbox 1788 1062 1931 1130; x_wconf 90' lang='lat' dir='ltr'>tantum</span> <span class='ocrx_word' id='word_1_20' title='bbox 1955 1055 2064 1131; x_wconf 90' lang='lat' dir='ltr'>debet</span> <span class='ocrx_word' id='word_1_21' title='bbox 2088 1075 2170 1132; x_wconf 75' lang='lat' dir='ltr'>esse</span> 
     </span>
     <span class='ocr_line' id='line_1_4' title="bbox 997 1175 2167 1273; baseline 0 -24"><span class='ocrx_word' id='word_1_22' title='bbox 997 1175 1044 1251; x_wconf 91' lang='lat' dir='ltr'>de</span> <span class='ocrx_word' id='word_1_23' title='bbox 1077 1177 1161 1251; x_wconf 90' lang='lat' dir='ltr'>albo</span> <span class='ocrx_word' id='word_1_24' title='bbox 1197 1180 1376 1270; x_wconf 88' lang='lat' dir='ltr'>quantum</span> <span class='ocrx_word' id='word_1_25' title='bbox 1410 1175 1458 1250; x_wconf 91' lang='lat' dir='ltr'>de</span> <span class='ocrx_word' id='word_1_26' title='bbox 1487 1175 1606 1273; x_wconf 87' lang='lat' dir='ltr'>nigro,</span> <span class='ocrx_word' id='word_1_27' title='bbox 1637 1177 1724 1271; x_wconf 91' lang='lat' dir='ltr'>quia</span> <span class='ocrx_word' id='word_1_28' title='bbox 1757 1177 1827 1250; x_wconf 88' lang='lat' dir='ltr'>boe</span> <span class='ocrx_word' id='word_1_29' title='bbox 1862 1197 1935 1250; x_wconf 90' lang='lat' dir='ltr'>non</span> <span class='ocrx_word' id='word_1_30' title='bbox 1970 1177 2081 1251; x_wconf 88' lang='lat' dir='ltr'>babet</span> <span class='ocrx_word' id='word_1_31' title='bbox 2112 1178 2167 1250; x_wconf 95' lang='lat' dir='ltr'>lo-</span> 
     </span>
     <span class='ocr_line' id='line_1_5' title="bbox 999 1294 2168 1389; baseline -0.001 -19"><span class='ocrx_word' id='word_1_32' title='bbox 999 1317 1085 1370; x_wconf 87' lang='lat' dir='ltr'>cum</span> <span class='ocrx_word' id='word_1_33' title='bbox 1114 1297 1171 1370; x_wconf 91' lang='lat' dir='ltr'>tric</span> <span class='ocrx_word' id='word_1_34' title='bbox 1199 1296 1260 1369; x_wconf 91' lang='lat' dir='ltr'>ubi</span> <span class='ocrx_word' id='word_1_35' title='bbox 1291 1305 1400 1371; x_wconf 91' lang='lat' dir='ltr'>autor</span> <span class='ocrx_word' id='word_1_36' title='bbox 1425 1296 1589 1389; x_wconf 89' lang='lat' dir='ltr'>loquitur</span> <span class='ocrx_word' id='word_1_37' title='bbox 1613 1297 1661 1372; x_wconf 92' lang='lat' dir='ltr'>de</span> <span class='ocrx_word' id='word_1_38' title='bbox 1685 1306 1825 1372; x_wconf 83' lang='lat' dir='ltr'>aetemo</span> <span class='ocrx_word' id='word_1_39' title='bbox 1849 1297 2000 1372; x_wconf 88' lang='lat' dir='ltr'>consilio</span> <span class='ocrx_word' id='word_1_40' title='bbox 2025 1294 2168 1372; x_wconf 80' lang='lat' dir='ltr'>[tellit</span> 
     </span>
     <span class='ocr_line' id='line_1_6' title="bbox 999 1416 2163 1511; baseline -0.003 -19"><span class='ocrx_word' id='word_1_41' title='bbox 999 1417 1107 1492; x_wconf 89' lang='lat' dir='ltr'>dicit:</span> <span class='ocrx_word' id='word_1_42' title='bbox 1122 1421 1246 1490; x_wconf 80' lang='lat' dir='ltr'>deatro</span> <span class='ocrx_word' id='word_1_43' title='bbox 1262 1438 1287 1489; x_wconf 84' lang='lat' dir='ltr'>o</span> <span class='ocrx_word' id='word_1_44' title='bbox 1304 1425 1420 1509; x_wconf 81' lang='lat' dir='ltr'>questo</span> <span class='ocrx_word' id='word_1_45' title='bbox 1437 1420 1527 1490; x_wconf 81' lang='lat' dir='ltr'>lame</span> <span class='ocrx_word' id='word_1_46' title='bbox 1541 1421 1579 1490; x_wconf 85' lang='lat' dir='ltr'>in</span> <span class='ocrx_word' id='word_1_47' title='bbox 1597 1419 1693 1491; x_wconf 76' lang='lat' dir='ltr'>cit&#39;to</span> <span class='ocrx_word' id='word_1_48' title='bbox 1712 1419 1881 1510; x_wconf 60' lang='lat' dir='ltr'>apartm-</span> <span class='ocrx_word' id='word_1_49' title='bbox 1897 1417 2023 1492; x_wconf 88' lang='lat' dir='ltr'>dicunt</span> <span class='ocrx_word' id='word_1_50' title='bbox 2039 1416 2163 1511; x_wconf 86' lang='lat' dir='ltr'>aliqui,</span> 
     </span>
    </p>
   </div>
   <div class='ocr_carea' id='block_1_3' title="bbox 874 1537 2169 1632">
    <p class='ocr_par' dir='ltr' id='par_1_3' title="bbox 874 1537 2169 1632">
     <span class='ocr_line' id='line_1_7' title="bbox 874 1537 2169 1632; baseline -0.001 -21"><span class='ocrx_word' id='word_1_51' title='bbox 874 1588 876 1594; x_wconf 86' lang='lat'>-</span> <span class='ocrx_word' id='word_1_52' title='bbox 999 1537 1101 1631; x_wconf 89' lang='lat' dir='ltr'>idest,</span> <span class='ocrx_word' id='word_1_53' title='bbox 1121 1537 1215 1610; x_wconf 91' lang='lat' dir='ltr'>intra</span> <span class='ocrx_word' id='word_1_54' title='bbox 1236 1537 1418 1631; x_wconf 78' lang='lat' dir='ltr'>planetam</span> <span class='ocrx_word' id='word_1_55' title='bbox 1445 1537 1568 1611; x_wconf 83' lang='lat' dir='ltr'>Martis</span> <span class='ocrx_word' id='word_1_56' title='bbox 1592 1537 1657 1630; x_wconf 82' lang='lat' dir='ltr'>qui</span> <span class='ocrx_word' id='word_1_57' title='bbox 1682 1545 1739 1612; x_wconf 90' lang='lat' dir='ltr'>est</span> <span class='ocrx_word' id='word_1_58' title='bbox 1763 1557 1898 1632; x_wconf 90' lang='lat' dir='ltr'>corpus</span> <span class='ocrx_word' id='word_1_59' title='bbox 1924 1537 2088 1631; x_wconf 88' lang='lat' dir='ltr'>rutilum,</span> <span class='ocrx_word' id='word_1_60' title='bbox 2110 1537 2169 1610; x_wconf 93' lang='lat' dir='ltr'>lu·</span> 
     </span>
    </p>
   </div>
   <div class='ocr_carea' id='block_1_4' title="bbox 997 1657 2227 3919">
    <p class='ocr_par' dir='ltr' id='par_1_4' title="bbox 997 1657 2227 3919">
     <span class='ocr_line' id='line_1_8' title="bbox 1000 1657 2169 1751; baseline 0.001 -22"><span class='ocrx_word' id='word_1_61' title='bbox 1000 1658 1202 1750; x_wconf 91' lang='lat' dir='ltr'>minosum;</span> <span class='ocrx_word' id='word_1_62' title='bbox 1229 1657 1294 1731; x_wconf 92' lang='lat' dir='ltr'>sed</span> <span class='ocrx_word' id='word_1_63' title='bbox 1320 1657 1404 1732; x_wconf 91' lang='lat' dir='ltr'>licet</span> <span class='ocrx_word' id='word_1_64' title='bbox 1429 1657 1495 1731; x_wconf 89' lang='lat' dir='ltr'>ista</span> <span class='ocrx_word' id='word_1_65' title='bbox 1522 1657 1699 1751; x_wconf 82' lang='lat' dir='ltr'>expositio</span> <span class='ocrx_word' id='word_1_66' title='bbox 1724 1657 1893 1732; x_wconf 84' lang='lat' dir='ltr'>videatur</span> <span class='ocrx_word' id='word_1_67' title='bbox 1913 1677 2002 1732; x_wconf 86' lang='lat' dir='ltr'>vera</span> <span class='ocrx_word' id='word_1_68' title='bbox 2020 1665 2059 1732; x_wconf 90' lang='lat' dir='ltr'>et</span> <span class='ocrx_word' id='word_1_69' title='bbox 2083 1658 2169 1730; x_wconf 83' lang='lat' dir='ltr'>satis</span> 
     </span>
     <span class='ocr_line' id='line_1_9' title="bbox 997 1777 2170 1875; baseline 0.003 -25"><span class='ocrx_word' id='word_1_70' title='bbox 997 1798 1169 1873; x_wconf 88' lang='lat' dir='ltr'>consona,</span> <span class='ocrx_word' id='word_1_71' title='bbox 1195 1786 1251 1852; x_wconf 91' lang='lat' dir='ltr'>est</span> <span class='ocrx_word' id='word_1_72' title='bbox 1277 1785 1401 1852; x_wconf 88' lang='lat' dir='ltr'>tamen</span> <span class='ocrx_word' id='word_1_73' title='bbox 1426 1777 1533 1852; x_wconf 91' lang='lat' dir='ltr'>nimis</span> <span class='ocrx_word' id='word_1_74' title='bbox 1559 1780 1678 1875; x_wconf 81' lang='lat' dir='ltr'>larga3</span> <span class='ocrx_word' id='word_1_75' title='bbox 1708 1778 1790 1852; x_wconf 92' lang='lat' dir='ltr'>ideo</span> <span class='ocrx_word' id='word_1_76' title='bbox 1815 1777 1956 1853; x_wconf 86' lang='lat' dir='ltr'>dicatur</span> <span class='ocrx_word' id='word_1_77' title='bbox 1983 1779 2107 1852; x_wconf 89' lang='lat' dir='ltr'>verius</span> <span class='ocrx_word' id='word_1_78' title='bbox 2132 1787 2170 1854; x_wconf 90' lang='lat' dir='ltr'>et</span> 
     </span>
     <span class='ocr_line' id='line_1_10' title="bbox 997 1898 2168 1994; baseline 0.003 -22"><span class='ocrx_word' id='word_1_79' title='bbox 997 1899 1182 1994; x_wconf 83' lang='lat' dir='ltr'>proprius3</span> <span class='ocrx_word' id='word_1_80' title='bbox 1207 1901 1332 1972; x_wconf 78' lang='lat' dir='ltr'>dentre</span> <span class='ocrx_word' id='word_1_81' title='bbox 1358 1921 1382 1970; x_wconf 89' lang='lat' dir='ltr'>u</span> <span class='ocrx_word' id='word_1_82' title='bbox 1407 1907 1524 1990; x_wconf 77' lang='lat' dir='ltr'>quest)</span> <span class='ocrx_word' id='word_1_83' title='bbox 1548 1903 1651 1988; x_wconf 84' lang='lat' dir='ltr'>turne,</span> <span class='ocrx_word' id='word_1_84' title='bbox 1676 1898 1779 1991; x_wconf 87' lang='lat' dir='ltr'>idest,</span> <span class='ocrx_word' id='word_1_85' title='bbox 1804 1898 1900 1972; x_wconf 86' lang='lat' dir='ltr'>intra</span> <span class='ocrx_word' id='word_1_86' title='bbox 1926 1900 2051 1973; x_wconf 89' lang='lat' dir='ltr'>lumen</span> <span class='ocrx_word' id='word_1_87' title='bbox 2069 1901 2168 1994; x_wconf 79' lang='lat' dir='ltr'>quod</span> 
     </span>
     <span class='ocr_line' id='line_1_11' title="bbox 998 2017 2227 2114; baseline 0.002 -22"><span class='ocrx_word' id='word_1_88' title='bbox 998 2039 1059 2093; x_wconf 91' lang='lat' dir='ltr'>me</span> <span class='ocrx_word' id='word_1_89' title='bbox 1085 2017 1300 2109; x_wconf 87' lang='lat' dir='ltr'>circumdat,</span> <span class='ocrx_word' id='word_1_90' title='bbox 1328 2019 1432 2111; x_wconf 87' lang='lat' dir='ltr'>quasi</span> <span class='ocrx_word' id='word_1_91' title='bbox 1463 2019 1571 2113; x_wconf 84' lang='lat' dir='ltr'>dicat,</span> <span class='ocrx_word' id='word_1_92' title='bbox 1596 2020 1632 2092; x_wconf 93' lang='lat' dir='ltr'>in</span> <span class='ocrx_word' id='word_1_93' title='bbox 1658 2019 1781 2093; x_wconf 92' lang='lat' dir='ltr'>anima</span> <span class='ocrx_word' id='word_1_94' title='bbox 1808 2039 1902 2113; x_wconf 84' lang='lat' dir='ltr'>mea,</span> <span class='ocrx_word' id='word_1_95' title='bbox 1930 2020 1966 2093; x_wconf 92' lang='lat' dir='ltr'>in</span> <span class='ocrx_word' id='word_1_96' title='bbox 2001 2041 2075 2114; x_wconf 82' lang='lat' dir='ltr'>qua</span> <span class='ocrx_word' id='word_1_97' title='bbox 2104 2018 2187 2097; x_wconf 86' lang='lat' dir='ltr'>diu¹</span> <span class='ocrx_word' id='word_1_98' title='bbox 2221 2045 2227 2057; x_wconf 93' lang='lat'><strong>·</strong></span> 
     </span>
     <span class='ocr_line' id='line_1_12' title="bbox 998 2137 2169 2233; baseline 0.002 -21"><span class='ocrx_word' id='word_1_99' title='bbox 998 2141 1066 2214; x_wconf 87' lang='lat' dir='ltr'>luit</span> <span class='ocrx_word' id='word_1_100' title='bbox 1090 2139 1311 2214; x_wconf 90' lang='lat' dir='ltr'>desiderium</span> <span class='ocrx_word' id='word_1_101' title='bbox 1348 2139 1573 2233; x_wconf 72' lang='lat' dir='ltr'>pradictum.</span> <span class='ocrx_word' id='word_1_102' title='bbox 1607 2141 1651 2212; x_wconf 81' lang='lat' dir='ltr'>ut</span> <span class='ocrx_word' id='word_1_103' title='bbox 1682 2139 1825 2214; x_wconf 86' lang='lat' dir='ltr'>subdit:</span> <span class='ocrx_word' id='word_1_104' title='bbox 1858 2137 1973 2214; x_wconf 77' lang='lat' dir='ltr'>merod</span> <span class='ocrx_word' id='word_1_105' title='bbox 2003 2143 2042 2213; x_wconf 87' lang='lat' dir='ltr'>di</span> <span class='ocrx_word' id='word_1_106' title='bbox 2069 2143 2169 2231; x_wconf 84' lang='lat' dir='ltr'>colei,</span> 
     </span>
     <span class='ocr_line' id='line_1_13' title="bbox 998 2253 2170 2353; baseline 0.002 -20"><span class='ocrx_word' id='word_1_107' title='bbox 998 2259 1100 2353; x_wconf 89' lang='lat' dir='ltr'>idest,</span> <span class='ocrx_word' id='word_1_108' title='bbox 1129 2259 1312 2333; x_wconf 88' lang='lat' dir='ltr'>mediante</span> <span class='ocrx_word' id='word_1_109' title='bbox 1337 2257 1475 2333; x_wconf 80' lang='lat' dir='ltr'>auxilio</span> <span class='ocrx_word' id='word_1_110' title='bbox 1500 2259 1686 2353; x_wconf 79' lang='lat' dir='ltr'>beatricis,</span> <span class='ocrx_word' id='word_1_111' title='bbox 1712 2261 1772 2332; x_wconf 84' lang='lat' dir='ltr'>cite</span> <span class='ocrx_word' id='word_1_112' title='bbox 1790 2263 1816 2332; x_wconf 76' lang='lat' dir='ltr'>a·</span> <span class='ocrx_word' id='word_1_113' title='bbox 1832 2253 1915 2333; x_wconf 77' lang='lat' dir='ltr'>vesti</span> <span class='ocrx_word' id='word_1_114' title='bbox 1934 2263 2097 2352; x_wconf 83' lang='lat' dir='ltr'>iepiumc</span> <span class='ocrx_word' id='word_1_115' title='bbox 2115 2265 2170 2335; x_wconf 81' lang='lat' dir='ltr'>at-</span> 
     </span>
     <span class='ocr_line' id='line_1_14' title="bbox 998 2379 2170 2475; baseline 0.001 -21"><span class='ocrx_word' id='word_1_116' title='bbox 998 2384 1106 2455; x_wconf 87' lang='lat' dir='ltr'>l’oito</span> <span class='ocrx_word' id='word_1_117' title='bbox 1132 2384 1224 2473; x_wconf 86' lang='lat' dir='ltr'>voto,</span> <span class='ocrx_word' id='word_1_118' title='bbox 1253 2379 1356 2473; x_wconf 86' lang='lat' dir='ltr'>idest,</span> <span class='ocrx_word' id='word_1_119' title='bbox 1375 2400 1459 2473; x_wconf 84' lang='lat' dir='ltr'>quae</span> <span class='ocrx_word' id='word_1_120' title='bbox 1477 2381 1592 2453; x_wconf 91' lang='lat' dir='ltr'>induit</span> <span class='ocrx_word' id='word_1_121' title='bbox 1609 2388 1646 2454; x_wconf 88' lang='lat' dir='ltr'>te</span> <span class='ocrx_word' id='word_1_122' title='bbox 1661 2381 1738 2454; x_wconf 91' lang='lat' dir='ltr'>alas</span> <span class='ocrx_word' id='word_1_123' title='bbox 1755 2381 2010 2475; x_wconf 82' lang='lat' dir='ltr'>speculationis</span> <span class='ocrx_word' id='word_1_124' title='bbox 2027 2389 2064 2455; x_wconf 92' lang='lat' dir='ltr'>et</span> <span class='ocrx_word' id='word_1_125' title='bbox 2081 2401 2170 2455; x_wconf 91' lang='lat' dir='ltr'>cou-</span> 
     </span>
     <span class='ocr_line' id='line_1_15' title="bbox 1000 2500 2169 2596; baseline -0.001 -21"><span class='ocrx_word' id='word_1_126' title='bbox 1000 2500 1244 2596; x_wconf 88' lang='lat' dir='ltr'>templationis</span> <span class='ocrx_word' id='word_1_127' title='bbox 1269 2500 1316 2574; x_wconf 88' lang='lat' dir='ltr'>ad</span> <span class='ocrx_word' id='word_1_128' title='bbox 1342 2501 1457 2574; x_wconf 92' lang='lat' dir='ltr'>altum</span> <span class='ocrx_word' id='word_1_129' title='bbox 1485 2502 1649 2574; x_wconf 85' lang='lat' dir='ltr'>volatum</span> <span class='ocrx_word' id='word_1_130' title='bbox 1676 2501 1770 2594; x_wconf 86' lang='lat' dir='ltr'>coeli,</span> <span class='ocrx_word' id='word_1_131' title='bbox 1801 2501 1906 2595; x_wconf 86' lang='lat' dir='ltr'>quasi</span> <span class='ocrx_word' id='word_1_132' title='bbox 1940 2501 2058 2575; x_wconf 86' lang='lat' dir='ltr'>dicat:</span> <span class='ocrx_word' id='word_1_133' title='bbox 2084 2520 2169 2596; x_wconf 81' lang='lat' dir='ltr'>quae</span> 
     </span>
     <span class='ocr_line' id='line_1_16' title="bbox 997 2619 2169 2717; baseline 0 -23"><span class='ocrx_word' id='word_1_134' title='bbox 997 2621 1082 2696; x_wconf 90' lang='lat' dir='ltr'>lecit</span> <span class='ocrx_word' id='word_1_135' title='bbox 1107 2627 1143 2694; x_wconf 91' lang='lat' dir='ltr'>te</span> <span class='ocrx_word' id='word_1_136' title='bbox 1168 2620 1328 2695; x_wconf 91' lang='lat' dir='ltr'>habilem</span> <span class='ocrx_word' id='word_1_137' title='bbox 1355 2629 1392 2695; x_wconf 90' lang='lat' dir='ltr'>et</span> <span class='ocrx_word' id='word_1_138' title='bbox 1417 2627 1602 2716; x_wconf 87' lang='lat' dir='ltr'>potentem</span> <span class='ocrx_word' id='word_1_139' title='bbox 1637 2620 1683 2693; x_wconf 94' lang='lat' dir='ltr'>ad</span> <span class='ocrx_word' id='word_1_140' title='bbox 1714 2620 1944 2717; x_wconf 89' lang='lat' dir='ltr'>intelligenda</span> <span class='ocrx_word' id='word_1_141' title='bbox 1975 2619 2169 2694; x_wconf 70' lang='lat' dir='ltr'>divina.-</span> 
     </span>
     <span class='ocr_line' id='line_1_17' title="bbox 1004 2739 2169 2836; baseline 0 -22"><span class='ocrx_word' id='word_1_142' title='bbox 1004 2741 1252 2814; x_wconf 71' lang='lat' dir='ltr'>moreccia</span> <span class='ocrx_word' id='word_1_143' title='bbox 1282 2742 1352 2814; x_wconf 89' lang='lat' dir='ltr'>hae</span> <span class='ocrx_word' id='word_1_144' title='bbox 1386 2748 1491 2835; x_wconf 91' lang='lat' dir='ltr'>parte</span> <span class='ocrx_word' id='word_1_145' title='bbox 1524 2739 1765 2836; x_wconf 85' lang='lat' dir='ltr'>Caeciaguida</span> <span class='ocrx_word' id='word_1_146' title='bbox 1795 2740 1945 2815; x_wconf 78' lang='lat' dir='ltr'>intendit</span> <span class='ocrx_word' id='word_1_147' title='bbox 1977 2740 2169 2814; x_wconf 88' lang='lat' dir='ltr'>ostendere</span> 
     </span>
     <span class='ocr_line' id='line_1_18' title="bbox 998 2859 2168 2957; baseline -0.001 -22"><span class='ocrx_word' id='word_1_148' title='bbox 998 2861 1131 2954; x_wconf 87' lang='lat' dir='ltr'>autori,</span> <span class='ocrx_word' id='word_1_149' title='bbox 1159 2860 1345 2954; x_wconf 87' lang='lat' dir='ltr'>quomodo</span> <span class='ocrx_word' id='word_1_150' title='bbox 1378 2860 1572 2957; x_wconf 89' lang='lat' dir='ltr'>singularis</span> <span class='ocrx_word' id='word_1_151' title='bbox 1608 2881 1716 2934; x_wconf 90' lang='lat' dir='ltr'>amor</span> <span class='ocrx_word' id='word_1_152' title='bbox 1753 2867 1878 2934; x_wconf 86' lang='lat' dir='ltr'>movet</span> <span class='ocrx_word' id='word_1_153' title='bbox 1915 2881 2000 2934; x_wconf 89' lang='lat' dir='ltr'>eum</span> <span class='ocrx_word' id='word_1_154' title='bbox 2037 2859 2084 2934; x_wconf 91' lang='lat' dir='ltr'>ad</span> <span class='ocrx_word' id='word_1_155' title='bbox 2114 2859 2168 2934; x_wconf 87' lang='lat' dir='ltr'>ia·</span> 
     </span>
     <span class='ocr_line' id='line_1_19' title="bbox 999 2979 2169 3078; baseline 0.001 -24"><span class='ocrx_word' id='word_1_156' title='bbox 999 2979 1169 3055; x_wconf 91' lang='lat' dir='ltr'>ciendum</span> <span class='ocrx_word' id='word_1_157' title='bbox 1201 2981 1267 3054; x_wconf 91' lang='lat' dir='ltr'>sibi</span> <span class='ocrx_word' id='word_1_158' title='bbox 1301 2982 1524 3078; x_wconf 83' lang='lat' dir='ltr'>singularem</span> <span class='ocrx_word' id='word_1_159' title='bbox 1558 2981 1716 3054; x_wconf 85' lang='lat' dir='ltr'>laetitiam</span> <span class='ocrx_word' id='word_1_160' title='bbox 1752 2980 1979 3058; x_wconf 88' lang='lat' dir='ltr'>dillereutem</span> <span class='ocrx_word' id='word_1_161' title='bbox 2013 2982 2062 3054; x_wconf 91' lang='lat' dir='ltr'>ab</span> <span class='ocrx_word' id='word_1_162' title='bbox 2090 2981 2169 3055; x_wconf 91' lang='lat' dir='ltr'>aliis</span> 
     </span>
     <span class='ocr_line' id='line_1_20' title="bbox 998 3101 2169 3198; baseline 0.002 -22"><span class='ocrx_word' id='word_1_163' title='bbox 998 3101 1192 3176; x_wconf 86' lang='lat' dir='ltr'>animabus</span> <span class='ocrx_word' id='word_1_164' title='bbox 1217 3123 1302 3195; x_wconf 81' lang='lat' dir='ltr'>quau</span> <span class='ocrx_word' id='word_1_165' title='bbox 1327 3110 1413 3175; x_wconf 89' lang='lat' dir='ltr'>sunt</span> <span class='ocrx_word' id='word_1_166' title='bbox 1443 3103 1479 3174; x_wconf 94' lang='lat' dir='ltr'>in</span> <span class='ocrx_word' id='word_1_167' title='bbox 1505 3102 1612 3174; x_wconf 89' lang='lat' dir='ltr'>simili</span> <span class='ocrx_word' id='word_1_168' title='bbox 1638 3102 1772 3198; x_wconf 86' lang='lat' dir='ltr'>gloria:</span> <span class='ocrx_word' id='word_1_169' title='bbox 1798 3109 1836 3176; x_wconf 90' lang='lat' dir='ltr'>et</span> <span class='ocrx_word' id='word_1_170' title='bbox 1870 3103 1988 3196; x_wconf 92' lang='lat' dir='ltr'>primo</span> <span class='ocrx_word' id='word_1_171' title='bbox 2017 3113 2169 3178; x_wconf 85' lang='lat' dir='ltr'>excusat</span> 
     </span>
     <span class='ocr_line' id='line_1_21' title="bbox 998 3223 2168 3318; baseline -0.001 -21"><span class='ocrx_word' id='word_1_172' title='bbox 998 3230 1169 3297; x_wconf 90' lang='lat' dir='ltr'>autorem</span> <span class='ocrx_word' id='word_1_173' title='bbox 1196 3223 1259 3316; x_wconf 90' lang='lat' dir='ltr'>qui</span> <span class='ocrx_word' id='word_1_174' title='bbox 1286 3244 1358 3298; x_wconf 95' lang='lat' dir='ltr'>non</span> <span class='ocrx_word' id='word_1_175' title='bbox 1385 3223 1573 3318; x_wconf 86' lang='lat' dir='ltr'>perpendit</span> <span class='ocrx_word' id='word_1_176' title='bbox 1593 3224 1639 3297; x_wconf 93' lang='lat' dir='ltr'>de</span> <span class='ocrx_word' id='word_1_177' title='bbox 1665 3225 1744 3297; x_wconf 86' lang='lat' dir='ltr'>boc.</span> <span class='ocrx_word' id='word_1_178' title='bbox 1763 3223 1816 3296; x_wconf 79' lang='lat' dir='ltr'>Ad</span> <span class='ocrx_word' id='word_1_179' title='bbox 1842 3223 1952 3298; x_wconf 88' lang='lat' dir='ltr'>huius</span> <span class='ocrx_word' id='word_1_180' title='bbox 1976 3224 2090 3298; x_wconf 82' lang='lat' dir='ltr'>literae</span> <span class='ocrx_word' id='word_1_181' title='bbox 2113 3225 2168 3296; x_wconf 91' lang='lat' dir='ltr'>in-</span> 
     </span>
     <span class='ocr_line' id='line_1_22' title="bbox 999 3341 2168 3438; baseline 0.003 -24"><span class='ocrx_word' id='word_1_182' title='bbox 999 3341 1248 3438; x_wconf 88' lang='lat' dir='ltr'>telligentiam,</span> <span class='ocrx_word' id='word_1_183' title='bbox 1275 3341 1361 3436; x_wconf 87' lang='lat' dir='ltr'>quia</span> <span class='ocrx_word' id='word_1_184' title='bbox 1387 3343 1489 3432; x_wconf 87' lang='lat' dir='ltr'>lortis</span> <span class='ocrx_word' id='word_1_185' title='bbox 1510 3343 1665 3434; x_wconf 88' lang='lat' dir='ltr'>videtur,</span> <span class='ocrx_word' id='word_1_186' title='bbox 1687 3350 1742 3418; x_wconf 91' lang='lat' dir='ltr'>est</span> <span class='ocrx_word' id='word_1_187' title='bbox 1760 3343 2049 3438; x_wconf 84' lang='lat' dir='ltr'>praenotandum‚</span> <span class='ocrx_word' id='word_1_188' title='bbox 2070 3343 2168 3438; x_wconf 89' lang='lat' dir='ltr'>quod</span> 
     </span>
     <span class='ocr_line' id='line_1_23' title="bbox 997 3462 2170 3558; baseline -0.001 -20"><span class='ocrx_word' id='word_1_189' title='bbox 997 3463 1146 3558; x_wconf 85' lang='lat' dir='ltr'>spiritus</span> <span class='ocrx_word' id='word_1_190' title='bbox 1172 3463 1239 3536; x_wconf 88' lang='lat' dir='ltr'>iste</span> <span class='ocrx_word' id='word_1_191' title='bbox 1260 3463 1421 3537; x_wconf 88' lang='lat' dir='ltr'>breviter</span> <span class='ocrx_word' id='word_1_192' title='bbox 1438 3468 1475 3538; x_wconf 89' lang='lat' dir='ltr'>et</span> <span class='ocrx_word' id='word_1_193' title='bbox 1493 3462 1704 3536; x_wconf 89' lang='lat' dir='ltr'>summatim</span> <span class='ocrx_word' id='word_1_194' title='bbox 1723 3463 1858 3558; x_wconf 82' lang='lat' dir='ltr'>colligit</span> <span class='ocrx_word' id='word_1_195' title='bbox 1876 3464 2083 3558; x_wconf 90' lang='lat' dir='ltr'>opinionem</span> <span class='ocrx_word' id='word_1_196' title='bbox 2101 3484 2170 3537; x_wconf 87' lang='lat' dir='ltr'>au-</span> 
     </span>
     <span class='ocr_line' id='line_1_24' title="bbox 998 3584 2167 3680; baseline 0.003 -24"><span class='ocrx_word' id='word_1_197' title='bbox 998 3585 1087 3658; x_wconf 90' lang='lat' dir='ltr'>toris</span> <span class='ocrx_word' id='word_1_198' title='bbox 1113 3604 1225 3678; x_wconf 89' lang='lat' dir='ltr'>quam</span> <span class='ocrx_word' id='word_1_199' title='bbox 1254 3584 1364 3658; x_wconf 89' lang='lat' dir='ltr'>habet</span> <span class='ocrx_word' id='word_1_200' title='bbox 1390 3584 1437 3658; x_wconf 93' lang='lat' dir='ltr'>de</span> <span class='ocrx_word' id='word_1_201' title='bbox 1461 3584 1636 3658; x_wconf 91' lang='lat' dir='ltr'>omnibus</span> <span class='ocrx_word' id='word_1_202' title='bbox 1660 3584 1854 3658; x_wconf 89' lang='lat' dir='ltr'>animabus</span> <span class='ocrx_word' id='word_1_203' title='bbox 1874 3584 1953 3678; x_wconf 79' lang='lat' dir='ltr'>iltis,</span> <span class='ocrx_word' id='word_1_204' title='bbox 1970 3606 2037 3679; x_wconf 90' lang='lat' dir='ltr'>per</span> <span class='ocrx_word' id='word_1_205' title='bbox 2056 3606 2167 3680; x_wconf 87' lang='lat' dir='ltr'>quam</span> 
     </span>
     <span class='ocr_line' id='line_1_25' title="bbox 998 3705 2169 3801; baseline 0.002 -23"><span class='ocrx_word' id='word_1_206' title='bbox 998 3710 1199 3779; x_wconf 83' lang='lat' dir='ltr'>excusatur</span> <span class='ocrx_word' id='word_1_207' title='bbox 1232 3705 1261 3778; x_wconf 95' lang='lat' dir='ltr'>si</span> <span class='ocrx_word' id='word_1_208' title='bbox 1292 3705 1438 3801; x_wconf 90' lang='lat' dir='ltr'>ignorat</span> <span class='ocrx_word' id='word_1_209' title='bbox 1464 3705 1688 3800; x_wconf 87' lang='lat' dir='ltr'>spiritualem</span> <span class='ocrx_word' id='word_1_210' title='bbox 1724 3725 1874 3778; x_wconf 85' lang='lat' dir='ltr'>causam</span> <span class='ocrx_word' id='word_1_211' title='bbox 1910 3706 2059 3780; x_wconf 89' lang='lat' dir='ltr'>maioris</span> <span class='ocrx_word' id='word_1_212' title='bbox 2092 3725 2169 3780; x_wconf 80' lang='lat' dir='ltr'>suae</span> 
     </span>
     <span class='ocr_line' id='line_1_26' title="bbox 997 3823 2167 3919; baseline 0.002 -22"><span class='ocrx_word' id='word_1_213' title='bbox 997 3823 1141 3898; x_wconf 79' lang='lat' dir='ltr'>loetitiae.</span> <span class='ocrx_word' id='word_1_214' title='bbox 1161 3825 1313 3898; x_wconf 90' lang='lat' dir='ltr'>Summa</span> <span class='ocrx_word' id='word_1_215' title='bbox 1334 3825 1459 3917; x_wconf 84' lang='lat' dir='ltr'>itaque</span> <span class='ocrx_word' id='word_1_216' title='bbox 1479 3825 1686 3899; x_wconf 89' lang='lat' dir='ltr'>intentionis</span> <span class='ocrx_word' id='word_1_217' title='bbox 1702 3832 1758 3899; x_wconf 91' lang='lat' dir='ltr'>est</span> <span class='ocrx_word' id='word_1_218' title='bbox 1775 3825 1860 3898; x_wconf 89' lang='lat' dir='ltr'>ista:</span> <span class='ocrx_word' id='word_1_219' title='bbox 1878 3831 1918 3897; x_wconf 89' lang='lat' dir='ltr'>tu</span> <span class='ocrx_word' id='word_1_220' title='bbox 1936 3825 2054 3898; x_wconf 87' lang='lat' dir='ltr'>credis</span> <span class='ocrx_word' id='word_1_221' title='bbox 2070 3826 2167 3919; x_wconf 88' lang='lat' dir='ltr'>quod</span> 
     </span>
    </p>
   </div>
   <div class='ocr_carea' id='block_1_5' title="bbox 775 3943 2166 4046">
    <p class='ocr_par' dir='ltr' id='par_1_5' title="bbox 775 3943 2166 4046">
     <span class='ocr_line' id='line_1_27' title="bbox 775 3943 2166 4046; baseline 0.003 -30"><span class='ocrx_word' id='word_1_222' title='bbox 775 3959 778 3966; x_wconf 91' lang='grc'>·</span> <span class='ocrx_word' id='word_1_223' title='bbox 901 4037 906 4046; x_wconf 35' lang='grc'><em>,</em></span> <span class='ocrx_word' id='word_1_224' title='bbox 996 3943 1130 4019; x_wconf 82' lang='lat' dir='ltr'>animae</span> <span class='ocrx_word' id='word_1_225' title='bbox 1148 3944 1343 4019; x_wconf 89' lang='lat' dir='ltr'>beatorum</span> <span class='ocrx_word' id='word_1_226' title='bbox 1359 3945 1506 4019; x_wconf 84' lang='lat' dir='ltr'>rideant</span> <span class='ocrx_word' id='word_1_227' title='bbox 1518 3945 1748 4020; x_wconf 86' lang='lat' dir='ltr'>allectionem</span> <span class='ocrx_word' id='word_1_228' title='bbox 1763 3945 1954 4019; x_wconf 86' lang='lat' dir='ltr'>bominum</span> <span class='ocrx_word' id='word_1_229' title='bbox 1969 3953 2166 4040; x_wconf 88' lang='lat' dir='ltr'>autequam</span> 
     </span>
    </p>
   </div>
   <div class='ocr_carea' id='block_1_6' title="bbox 996 4063 2168 4642">
    <p class='ocr_par' dir='ltr' id='par_1_6' title="bbox 996 4063 2168 4642">
     <span class='ocr_line' id='line_1_28' title="bbox 997 4063 2166 4168; baseline 0.003 -31"><span class='ocrx_word' id='word_1_230' title='bbox 997 4063 1203 4159; x_wconf 87' lang='lat' dir='ltr'>exprimant</span> <span class='ocrx_word' id='word_1_231' title='bbox 1229 4085 1316 4138; x_wconf 88' lang='lat' dir='ltr'>eum</span> <span class='ocrx_word' id='word_1_232' title='bbox 1342 4065 1479 4161; x_wconf 86' lang='lat' dir='ltr'>lingua,</span> <span class='ocrx_word' id='word_1_233' title='bbox 1506 4086 1590 4159; x_wconf 87' lang='lat' dir='ltr'>quae</span> <span class='ocrx_word' id='word_1_234' title='bbox 1621 4065 1780 4161; x_wconf 85' lang='lat' dir='ltr'>cognitio</span> <span class='ocrx_word' id='word_1_235' title='bbox 1812 4071 1867 4139; x_wconf 85' lang='lat' dir='ltr'>est</span> <span class='ocrx_word' id='word_1_236' title='bbox 1896 4065 1980 4168; x_wconf 89' lang='lat' dir='ltr'>data</span> <span class='ocrx_word' id='word_1_237' title='bbox 2012 4067 2166 4141; x_wconf 88' lang='lat' dir='ltr'>noblsa</span> 
     </span>
     <span class='ocr_line' id='line_1_29' title="bbox 997 4185 2166 4281; baseline 0.003 -23"><span class='ocrx_word' id='word_1_238' title='bbox 997 4185 1086 4278; x_wconf 83' lang='lat' dir='ltr'>Deo,</span> <span class='ocrx_word' id='word_1_239' title='bbox 1111 4185 1174 4279; x_wconf 85' lang='lat' dir='ltr'>qui</span> <span class='ocrx_word' id='word_1_240' title='bbox 1202 4191 1257 4260; x_wconf 93' lang='lat' dir='ltr'>est</span> <span class='ocrx_word' id='word_1_241' title='bbox 1281 4186 1499 4281; x_wconf 83' lang='lat' dir='ltr'>principium</span> <span class='ocrx_word' id='word_1_242' title='bbox 1526 4193 1661 4261; x_wconf 76' lang='lat' dir='ltr'>nostrae</span> <span class='ocrx_word' id='word_1_243' title='bbox 1687 4187 1858 4280; x_wconf 81' lang='lat' dir='ltr'>scientiae,</span> <span class='ocrx_word' id='word_1_244' title='bbox 1880 4194 1918 4260; x_wconf 92' lang='lat' dir='ltr'>et</span> <span class='ocrx_word' id='word_1_245' title='bbox 1941 4206 1963 4260; x_wconf 93' lang='lat' dir='ltr'>a</span> <span class='ocrx_word' id='word_1_246' title='bbox 1990 4206 2066 4279; x_wconf 87' lang='lat' dir='ltr'>quo</span> <span class='ocrx_word' id='word_1_247' title='bbox 2091 4187 2166 4281; x_wconf 87' lang='lat' dir='ltr'>ipsa</span> 
     </span>
     <span class='ocr_line' id='line_1_30' title="bbox 996 4303 2168 4402; baseline 0.002 -23"><span class='ocrx_word' id='word_1_248' title='bbox 996 4303 1186 4398; x_wconf 72' lang='lat' dir='ltr'>*derivat</span> <span class='ocrx_word' id='word_1_249' title='bbox 1212 4307 1307 4380; x_wconf 88' lang='lat' dir='ltr'>sicut</span> <span class='ocrx_word' id='word_1_250' title='bbox 1333 4327 1449 4381; x_wconf 90' lang='lat' dir='ltr'>uuum</span> <span class='ocrx_word' id='word_1_251' title='bbox 1477 4313 1532 4381; x_wconf 90' lang='lat' dir='ltr'>est</span> <span class='ocrx_word' id='word_1_252' title='bbox 1557 4306 1773 4402; x_wconf 90' lang='lat' dir='ltr'>principium</span> <span class='ocrx_word' id='word_1_253' title='bbox 1792 4326 2049 4400; x_wconf 86' lang='lat' dir='ltr'>numerorum,</span> <span class='ocrx_word' id='word_1_254' title='bbox 2067 4316 2105 4380; x_wconf 89' lang='lat' dir='ltr'>et</span> <span class='ocrx_word' id='word_1_255' title='bbox 2120 4309 2168 4381; x_wconf 92' lang='lat' dir='ltr'>ab</span> 
     </span>
     <span class='ocr_line' id='line_1_31' title="bbox 996 4418 2168 4524; baseline 0.004 -26"><span class='ocrx_word' id='word_1_256' title='bbox 996 4427 1073 4521; x_wconf 92' lang='lat' dir='ltr'>ipso</span> <span class='ocrx_word' id='word_1_257' title='bbox 1093 4418 1165 4519; x_wconf 59' lang='lat' dir='ltr'>*dt</span> <span class='ocrx_word' id='word_1_258' title='bbox 1192 4427 1360 4503; x_wconf 89' lang='lat' dir='ltr'>derivant</span> <span class='ocrx_word' id='word_1_259' title='bbox 1390 4428 1555 4522; x_wconf 87' lang='lat' dir='ltr'>quinque</span> <span class='ocrx_word' id='word_1_260' title='bbox 1581 4434 1617 4502; x_wconf 88' lang='lat' dir='ltr'>et</span> <span class='ocrx_word' id='word_1_261' title='bbox 1641 4449 1718 4522; x_wconf 83' lang='lat' dir='ltr'>sen,</span> <span class='ocrx_word' id='word_1_262' title='bbox 1749 4428 1851 4522; x_wconf 81' lang='lat' dir='ltr'>idest,</span> <span class='ocrx_word' id='word_1_263' title='bbox 1878 4419 2029 4502; x_wconf 82' lang='lat' dir='ltr'>&#39;numeri</span> <span class='ocrx_word' id='word_1_264' title='bbox 2061 4449 2168 4524; x_wconf 89' lang='lat' dir='ltr'>pares</span> 
     </span>
     <span class='ocr_line' id='line_1_32' title="bbox 996 4538 2167 4642; baseline 0.007 -25"><span class='ocrx_word' id='word_1_265' title='bbox 996 4551 1032 4618; x_wconf 91' lang='lat' dir='ltr'>et</span> <span class='ocrx_word' id='word_1_266' title='bbox 1058 4545 1239 4642; x_wconf 82' lang='lat' dir='ltr'>dispares3</span> <span class='ocrx_word' id='word_1_267' title='bbox 1266 4555 1303 4622; x_wconf 89' lang='lat' dir='ltr'>et</span> <span class='ocrx_word' id='word_1_268' title='bbox 1329 4549 1376 4623; x_wconf 91' lang='lat' dir='ltr'>ita</span> <span class='ocrx_word' id='word_1_269' title='bbox 1403 4557 1459 4624; x_wconf 92' lang='lat' dir='ltr'>est</span> <span class='ocrx_word' id='word_1_270' title='bbox 1491 4569 1600 4623; x_wconf 90' lang='lat' dir='ltr'>causa</span> <span class='ocrx_word' id='word_1_271' title='bbox 1632 4569 1750 4642; x_wconf 86' lang='lat' dir='ltr'>quare</span> <span class='ocrx_word' id='word_1_272' title='bbox 1780 4569 1851 4622; x_wconf 95' lang='lat' dir='ltr'>non</span> <span class='ocrx_word' id='word_1_273' title='bbox 1884 4549 1975 4642; x_wconf 88' lang='lat' dir='ltr'>petis</span> <span class='ocrx_word' id='word_1_274' title='bbox 1988 4538 2025 4641; x_wconf 73' lang='lat'>(³)</span> <span class='ocrx_word' id='word_1_275' title='bbox 2052 4571 2075 4623; x_wconf 91' lang='lat' dir='ltr'>a</span> <span class='ocrx_word' id='word_1_276' title='bbox 2107 4569 2167 4625; x_wconf 92' lang='lat' dir='ltr'>me</span> 
     </span>
    </p>
   </div>
   <div class='ocr_carea' id='block_1_7' title="bbox 1056 4779 2174 4996">
    <p class='ocr_par' dir='ltr' id='par_1_7' title="bbox 1056 4779 2174 4996">
     <span class='ocr_line' id='line_1_33' title="bbox 1056 4779 1708 4846; baseline -0.002 -14"><span class='ocrx_word' id='word_1_277' title='bbox 1056 4779 1084 4842; x_wconf 77' lang='lat'>(¹)</span> <span class='ocrx_word' id='word_1_278' title='bbox 1101 4783 1131 4831; x_wconf 84' lang='lat' dir='ltr'>E.</span> <span class='ocrx_word' id='word_1_279' title='bbox 1149 4783 1239 4832; x_wconf 82' lang='lat' dir='ltr'>multis</span> <span class='ocrx_word' id='word_1_280' title='bbox 1253 4784 1369 4846; x_wconf 82' lang='lat' dir='ltr'>quotidie</span> <span class='ocrx_word' id='word_1_281' title='bbox 1384 4783 1539 4833; x_wconf 77' lang='lat' dir='ltr'>detrahitur.</span> <span class='ocrx_word' id='word_1_282' title='bbox 1559 4783 1590 4831; x_wconf 82' lang='lat' dir='ltr'>Et</span> <span class='ocrx_word' id='word_1_283' title='bbox 1605 4783 1632 4831; x_wconf 87' lang='lat' dir='ltr'>iu</span> <span class='ocrx_word' id='word_1_284' title='bbox 1649 4783 1708 4832; x_wconf 85' lang='lat' dir='ltr'>boo.</span> 
     </span>
     <span class='ocr_line' id='line_1_34' title="bbox 1057 4855 2174 4996; baseline 0.002 -89"><span class='ocrx_word' id='word_1_285' title='bbox 1057 4855 1085 4993; x_wconf 44' lang='grc' dir='ltr'>ἓξ</span> <span class='ocrx_word' id='word_1_286' title='bbox 1101 4857 1137 4982; x_wconf 44' lang='lat' dir='ltr'>ifle</span> <span class='ocrx_word' id='word_1_287' title='bbox 1149 4857 1238 4996; x_wconf 48' lang='lat' dir='ltr'>gaggi?</span> <span class='ocrx_word' id='word_1_288' title='bbox 1249 4858 1288 4909; x_wconf 74' lang='lat' dir='ltr'>ira</span> <span class='ocrx_word' id='word_1_289' title='bbox 1300 4859 1368 4908; x_wconf 86' lang='lat' dir='ltr'>idue</span> <span class='ocrx_word' id='word_1_290' title='bbox 1379 4858 1512 4908; x_wconf 80' lang='lat' dir='ltr'>asteriscbi</span> <span class='ocrx_word' id='word_1_291' title='bbox 1522 4872 1570 4909; x_wconf 82' lang='lat' dir='ltr'>sou</span> <span class='ocrx_word' id='word_1_292' title='bbox 1581 4859 1693 4923; x_wconf 85' lang='lat' dir='ltr'>supplite</span> <span class='ocrx_word' id='word_1_293' title='bbox 1703 4861 1743 4911; x_wconf 81' lang='lat' dir='ltr'>dai</span> <span class='ocrx_word' id='word_1_294' title='bbox 1752 4859 1838 4910; x_wconf 80' lang='lat' dir='ltr'>Codici</span> <span class='ocrx_word' id='word_1_295' title='bbox 1848 4859 1998 4910; x_wconf 72' lang='lat' dir='ltr'>Strozziauo</span> <span class='ocrx_word' id='word_1_296' title='bbox 2008 4869 2024 4906; x_wconf 86' lang='lat' dir='ltr'>e</span> <span class='ocrx_word' id='word_1_297' title='bbox 2035 4857 2149 4910; x_wconf 79' lang='lat' dir='ltr'>Estensc.</span> <span class='ocrx_word' id='word_1_298' title='bbox 2168 4951 2174 4961; x_wconf 32' lang='grc' dir='ltr'>Ι</span> 
     </span>
    </p>
   </div>
   <div class='ocr_carea' id='block_1_8' title="bbox 0 0 2426 6642">
    <p class='ocr_par' dir='ltr' id='par_1_8' title="bbox 0 0 2426 6642">
     <span class='ocr_line' id='line_1_35' title="bbox 0 0 2426 6642; baseline 0 0"><span class='ocrx_word' id='word_1_299' title='bbox 0 0 2426 6642; x_wconf 95' lang='lat' dir='ltr'> </span> 
     </span>
    </p>
   </div>
  </div>
 </body>
</html>
