4842 6642
652 847 653 852 ‘
799 857 869 925 tet
1189 869 1394 927 sonnerunt
1419 871 1585 926 rananur

797 1014 856 1090 hic
872 1013 961 1090 dixit
979 1021 1148 1090 notanter
1167 1022 1317 1112 propter
1334 1015 1533 1110 quemdam
1550 1014 1743 1091 dominum
1756 1017 1922 1092 mium
1931 1011 1971 1110 (¹)

795 1135 843 1210 de
867 1135 1018 1233 Fighine
1044 1134 1209 1212 similiter
1238 1137 1413 1232 juristam
1449 1135 1653 1231 ribaldum3
1678 1157 1700 1211 c
1722 1140 1761 1212 di
1788 1139 1973 1212 comeo:

797 1256 894 1333 istud
920 1264 976 1331 est
1000 1255 1330 1332 nobileoastellum
1348 1257 1579 1332 incomitata
1600 1258 1795 1335 Florentiae
1814 1257 1853 1333 in
1870 1259 1972 1334 Valle

796 1377 898 1452 Elsae.
925 1379 970 1452 lit
993 1377 1040 1452 de
1065 1377 1135 1452 hoc
1156 1378 1246 1452 dixit
1261 1384 1372 1454 autor
1390 1384 1542 1474 propter
1559 1378 1759 1472 quemdam
1775 1378 1967 1455 dominum

797 1499 974 1576 Iacobum
1004 1499 1051 1573 de
1080 1499 1261 1594 Certaldo,
1286 1499 1350 1594 qui
1376 1499 1444 1574 luit
1472 1504 1585 1574 tantae
1616 1498 1845 1596 temeritatis,
1870 1501 1970 1596 quod

796 1642 884 1698 cum
905 1623 1069 1696 Potestas
1093 1621 1286 1698 Florentia
1311 1642 1358 1697 ex
1384 1628 1487 1698 certo
1513 1642 1602 1697 casu
1623 1621 1830 1698 minaretur
1849 1641 1891 1698 se
1905 1620 1970 1696 de-

795 1741 1000 1837 positurum
1027 1749 1227 1837 sceptrum,
1248 1743 1317 1817 iste
1342 1742 1406 1838 qui
1428 1749 1517 1817 tuuc
1534 1749 1614 1818 erat
1630 1743 1678 1818 de
1693 1742 1891 1838 prioribus,
1908 1763 1970 1817 ar·

797 1866 970 1959 roganter
987 1862 1190 1956 respondit:
1208 1853 1381 1955 Nonnel¹l
1400 1861 1543 1958 credas,
1560 1862 1660 1957 quod
1677 1863 1723 1938 sit
1739 1863 1834 1939 alius
1851 1863 1969 1939 sciens

796 2001 927 2080 regere
952 1987 1091 2057 terram
1118 1982 1252 2056 istam?
1270 1984 1315 2056 Et
1339 1982 1515 2058 continuo
1530 1989 1718 2079 assumpta
1736 1983 1842 2082 virga
1859 1983 1970 2058 Pote-

794 2105 908 2200 statis,
932 2103 1084 2180 accessit
1108 2104 1153 2178 ad
1180 2103 1355 2199 palatium
1382 2103 1573 2181 intestatis
1589 2112 1627 2178 et
1643 2103 1755 2200 coepit
1774 2103 1905 2180 sedere
1920 2103 1967 2179 ad

794 2227 955 2301 bancam
980 2223 1027 2298 ad
1046 2224 1135 2319 jura
1161 2222 1364 2318 reddenda3
1390 2230 1428 2299 et
1452 2225 1523 2299 hoc
1546 2223 1631 2299 iecit
1660 2223 1801 2318 aliquot
1825 2222 1966 2298 diebus.

793 2347 864 2422 Sed
889 2345 948 2420 hic
973 2350 1060 2419 nota
1085 2343 1184 2439 quod
1209 2343 1293 2419 licet
1317 2343 1513 2440 predictus
1538 2365 1607 2420 sua
1630 2343 1841 2421 temeritate
1861 2343 1968 2420 cedat

792 2466 840 2542 ad
857 2465 1042 2540 infamiam
1064 2464 1233 2559 Certaldi,
1251 2471 1378 2541 tamen
1395 2465 1622 2560 temporibus
1639 2465 1825 2541 modernis
1839 2463 1964 2540 lloruit

792 2585 992 2662 Boceacius
1016 2584 1063 2659 de
1087 2584 1268 2678 Certaldo,
1286 2583 1351 2679 qni
1374 2605 1443 2659 sna
1467 2584 1649 2660 suavitate
1673 2583 1859 2680 sapientiae
1872 2574 1911 2677 (³)
1927 2588 1966 2657 et

792 2704 1011 2800 eloquentiae
1037 2702 1190 2778 reddidit
1215 2703 1335 2799 ipsum
1363 2704 1487 2780 locum
1506 2704 1692 2780 celebrem
1712 2711 1749 2779 et
1769 2703 1963 2780 famosum.

790 2827 856 2902 Hic
886 2825 1065 2920 siquidem
1093 2825 1277 2900 lohannes
1308 2825 1517 2920 Boccacius,
1543 2824 1669 2900 verius
1693 2825 1811 2901 bucca
1836 2843 1964 2918 aurea,

791 2946 1009 3023 venerabilis
1047 2952 1251 3042 praeceptor
1285 2967 1403 3042 meus,
1438 2944 1733 3043 diligentissimus
1767 2945 1889 3021 cultor
1926 2950 1965 3020 et

790 3067 1093 3145 familiarissimus
1106 3067 1219 3141 nostri
1233 3068 1384 3162 autoris,
1397 3066 1447 3142 ibi
1460 3067 1588 3163 pulcra
1601 3088 1713 3164 opera
1726 3066 1856 3160 edidit3
1870 3084 1964 3162 prte-

791 3189 899 3285 cipue
925 3187 1034 3262 edidit
1060 3207 1177 3260 unum
1204 3186 1341 3261 librum
1363 3208 1542 3284 magnum
1564 3193 1602 3264 et
1622 3188 1751 3264 utilem
1768 3187 1815 3262 ad
1832 3184 1962 3261 intelli·

791 3307 953 3407 gentiam
972 3311 1165 3401 poetarum
1183 3309 1227 3382 de
1247 3310 1466 3400 Goualopiis
1482 3313 1638 3383 Deorum
1644 3334 1661 3402 ;
1677 3307 1813 3382 librum
1825 3295 1863 3400 (⁸)
1873 3311 1962 3381 ma·

789 3449 906 3525 gnum
927 3433 964 3502 et
987 3427 1113 3502 utilem
1132 3429 1176 3500 dc
1191 3427 1328 3502 casibus
1344 3431 1504 3502 virum
1519 3431 1726 3521 daucum
1744 3426 1906 3502 libellum
1922 3417 1959 3516 (⁵)

788 3550 833 3623 dc
856 3546 1054 3620 mutuatus
1078 3548 1210 3639 claris5
1236 3547 1372 3622 librum
1388 3537 1426 3639 (⁶)
1453 3549 1498 3622 dc
1519 3547 1738 3641 mumadam
1762 3553 1801 3622 et
1825 3544 1961 3620 librum

789 3671 1030 3743 Bucolicorum
1044 3673 1111 3742 etc.
1125 3667 1169 3741 Et
1185 3666 1289 3742 dicit:
1311 3669 1451 3742 oedeosi
1463 3689 1576 3760 puro,
1588 3667 1734 3762 scilicet,
1748 3667 1827 3744 sine
1838 3665 1961 3761 aliqua

788 3779 950 3864 mixtura
976 3787 1160 3882 exteriori,
1187 3790 1394 3887 ncliuldmo
1424 3792 1563 3883 oraclo,
1596 3787 1698 3884 idest,
1724 3789 1762 3864 iu
1786 3787 1960 3862 vilissimo

786 3909 937 4004 artifice,
963 3909 1057 3984 sicut
1081 3910 1118 3983 in
1144 3929 1190 3984 eo
1215 3909 1278 4004 qui
1301 3916 1435 4006 purgat
1452 3910 1605 3985 cloacas.
1620 3950 1670 3964 -
1686 3913 1718 3984 0
1736 3915 1875 4002 quatuo
1893 3908 1959 3982 llic

787 4030 1027 4128 Caeciaguida
1052 4051 1099 4105 ex
1124 4029 1228 4104 dictis
1251 4029 1386 4126 arguit,
1412 4030 1512 4125 quod
1539 4031 1670 4106 melius
1701 4036 1797 4106 osset
1821 4029 1959 4104 habere

785 4153 899 4227 dictos
934 4150 1137 4224 rusticanos
1166 4171 1234 4246 pro
1263 4149 1391 4225 ricinis
1422 4171 1535 4244 quam
1568 4171 1636 4246 pro
1665 4149 1817 4225 civibus.
1855 4147 1959 4222 Unde

786 4273 1016 4369 indignanter
1036 4272 1259 4366 exclamans,
1275 4268 1380 4345 dicit:
1403 4273 1582 4362 qututsto
1595 4273 1682 4364 foro
1701 4270 1840 4360 nuptio,
1853 4267 1958 4362 quasi

784 4393 898 4468 dicat:
926 4390 1034 4488 longe
1059 4391 1154 4466 soret
1179 4389 1312 4465 melius
1337 4409 1404 4485 pro
1429 4389 1587 4485 civitate,
1613 4391 1722 4482 quelle
1745 4390 1840 4481 penti
1862 4389 1959 4461 ct’io

785 4515 876 4606 dico,
904 4510 1051 4606 scilicet,
1078 4511 1157 4585 illos
1185 4510 1233 4585 de
1257 4510 1354 4605 villa,
1380 4529 1466 4605 quaa
1489 4509 1622 4585 dicitur
1646 4509 1694 4586 de
1720 4515 1843 4585 castro
1867 4508 1959 4583 Cer·

786 4631 893 4726 taldo,
918 4631 964 4706 de
989 4631 1140 4728 Fighine
1165 4638 1202 4706 et
1228 4629 1374 4725 similes,
1400 4651 1495 4704 esser
1518 4634 1639 4725 mone,
1663 4629 1767 4724 idest,
1788 4648 1870 4704 esse
1893 4647 1959 4704 oo·

846 4862 875 4925 (¹)
891 4862 923 4914 ll.
941 4863 1060 4928 lleqhum
1078 4865 1110 4916 de
1126 4866 1245 4930 argutae.
1432 4865 1462 4927 (¹)
1478 4866 1510 4918 li.
1526 4865 1638 4927 Numae,
1654 4865 1739 4916 tardis
1754 4863 1834 4930 qnod.

845 4939 873 5000 ξ’)
889 4939 915 4990 S.
931 4941 1053 5004 sapientia
1069 4947 1097 4994 sl
1111 4943 1267 5008 eloquentia.
1433 4942 1462 5005 ι’)
1477 4943 1510 4994 B.
1525 4945 1590 4995 item
1605 4943 1711 4994 mrum

846 5013 873 5078 (⁸)
890 5014 920 5066 lt.
937 5015 1001 5068 llam
1019 5017 1146 5070 libellum.
1432 5018 1461 5083 (⁸)
1478 5020 1510 5072 lt.
1525 5021 1589 5072 item
1605 5020 1711 5072 dirum
