4842 6642
811 826 882 897 lat
1201 836 1406 893 conauruu
1431 834 1598 891 numorsr

810 982 928 1077 spexit
952 987 1130 1076 punctum
1156 979 1362 1074 divinitatis,
1388 986 1425 1054 et
1450 977 1574 1053 statim
1596 975 1752 1054 revolvit
1776 996 1816 1049 se
1840 974 1886 1049 ad
1911 995 1983 1049 au-

809 1110 940 1196 torem,
966 1108 1003 1177 et
1029 1101 1138 1196 coepit
1164 1101 1263 1195 loqui
1297 1100 1344 1175 de
1377 1098 1531 1175 materia
1557 1098 1638 1195 jaun
1671 1097 1850 1171 inchoata.
1877 1096 1983 1168 Nunc

809 1224 935 1298 ordina
960 1229 996 1297 et
1023 1230 1196 1297 construe
1222 1222 1273 1295 sic
1300 1222 1567 1315 litorumque,
1599 1218 1745 1293 videtur
1775 1216 1983 1311 aliqualiter

810 1344 995 1418 intricata:
1016 1346 1174 1417 Beutra'ce
1192 1345 1225 1415 si
1242 1348 1364 1433 tuoque
1378 1342 1436 1415 col
1451 1344 1545 1416 vulto
1559 1341 1694 1433 diptota
1710 1340 1748 1411 di
1763 1341 1852 1431 ruo,
1876 1334 1983 1427 idest,

811 1466 889 1539 visu
916 1464 1094 1539 adornato
1120 1462 1254 1555 laetitia,
1280 1463 1531 1553 mpuurdando
1552 1463 1638 1553 fisso
1663 1462 1720 1535 net
1739 1468 1864 1551 punto,
1887 1457 1982 1533 scili·

810 1592 879 1680 cet,
906 1584 1037 1677 Deum,
1062 1585 1121 1656 cle
1137 1585 1183 1655 m'
1195 1603 1285 1655 cecc
1303 1585 1410 1672 vtato,
1428 1581 1527 1675 quia,
1546 1588 1588 1654 ut
1604 1580 1742 1655 dictum
1761 1585 1816 1654 est
1832 1580 1868 1652 iu
1888 1599 1983 1673 prac-

812 1704 951 1780 cedenti
978 1703 1148 1798 capitulo,
1166 1702 1214 1777 ad
1239 1700 1522 1777 immensitatem
1549 1699 1697 1775 luminis
1722 1698 1832 1773 huius
1857 1699 1981 1794 puncti

811 1824 972 1921 oportuit
990 1822 1110 1897 visum
1125 1822 1256 1897 claudi.
1270 1822 1314 1895 Et
1326 1822 1485 1915 Beatrir,
1499 1820 1591 1914 dieo,
1606 1819 1721 1895 tacuit
1737 1826 1834 1893 tuoto
1851 1826 1982 1913 manto

812 1941 918 2019 ddct
937 1951 1046 2036 punto
1072 1945 1130 2015 cle
1146 1945 1172 2015 ’t
1194 1944 1307 2015 zeaitd
1331 1945 1345 2015 i
1369 1942 1471 2015 utra.
1496 1940 1622 2015 Zenitlr
1653 1938 1752 2015 euim
1777 1938 1984 2034 appellatur

812 2066 850 2141 in
875 2064 1069 2161 astrologia
1097 2064 1156 2138 ille
1180 2070 1339 2159 punctus
1363 2062 1446 2137 coeli
1473 2062 1536 2156 qui
1555 2058 1904 2157 perpendiculariter
1924 2078 1984 2133 re-

813 2185 916 2282 spicit
940 2192 1049 2280 caput
1074 2192 1255 2277 nostrum,
1273 2183 1337 2278 qui
1356 2183 1392 2256 iu
1417 2182 1564 2257 instanti
1583 2180 1713 2256 transit
1738 2186 1777 2255 et
1802 2184 1983 2271 mutatur,

813 2306 899 2401 quia
925 2305 1061 2381 coelum
1088 2312 1144 2379 est
1170 2304 1204 2375 in
1231 2303 1406 2379 continuo
1432 2309 1549 2377 motu.
1575 2300 1620 2375 llt
1648 2300 1754 2376 dicit:
1785 2304 1823 2373 in
1848 2302 1901 2391 fin
1923 2300 1985 2373 cle

814 2428 836 2499 t
848 2445 919 2501 uno
949 2446 968 2497 e
997 2426 1139 2517 l'altro,
1175 2422 1323 2516 scilicet,
1354 2422 1476 2497 solet
1507 2422 1608 2515 luna,
1640 2425 1673 2495 ai
1704 2421 1847 2510 ditiore,
1880 2419 1984 2511 idest,

814 2546 1003 2644 egreditur
1028 2566 1048 2619 a
1076 2544 1180 2638 libra,
1207 2544 1309 2638 idest,
1326 2546 1435 2638 oequa
1456 2544 1572 2637 lance,
1589 2546 1638 2618 du
1655 2545 1734 2633 quet
1752 2545 1858 2635 raro,
1880 2540 1983 2635 tuest,

813 2667 861 2741 ab
887 2665 1088 2758 horizonte,
1113 2665 1322 2739 cambiendo
1347 2667 1369 2737 l'
1381 2667 1578 2757 enntperlo,
1595 2664 1681 2759 quia
1707 2663 1844 2739 scilicet
1867 2663 1923 2737 sul
1946 2661 1984 2735 iu

815 2787 930 2863 ariete
955 2786 1118 2861 ascendit
1142 2786 1403 2882 hemisperium
1430 2792 1609 2880 nostrum,
1636 2792 1674 2861 et
1702 2786 1791 2861 luna
1825 2784 1862 2859 iu
1891 2784 1983 2859 libra
2094 2836 2099 2846 -

814 2906 998 2983 descendit
1032 2907 1114 3000 citu,
1141 2906 1227 3001 quia
1263 2913 1467 3001 utrumque
1496 2914 1552 2981 eat
1587 2908 1625 2981 iu
1656 2905 1832 2982 contiuuo
1867 2910 1982 2979 motu.

816 3026 917 3101 Unde
941 3025 988 3101 ad
1014 3025 1284 3122 intelligendam
1311 3026 1449 3101 claram
1476 3026 1788 3123 comparationem
1821 3043 1984 3121 propone

814 3146 879 3222 tibi
904 3167 1020 3220 unum
1046 3146 1109 3240 qui
1137 3152 1259 3221 teneat
1284 3147 1476 3221 bilauuiam
1494 3147 1698 3242 equaliter,
1716 3166 1801 3241 quae
1825 3144 1872 3221 ad
1898 3165 1984 3240 par-

817 3287 906 3340 vum
927 3272 1081 3361 motum,
1101 3266 1159 3341 vel
1184 3268 1231 3341 ad
1255 3267 1519 3363 appositionem
1545 3267 1685 3342 minimi
1704 3266 1874 3363 ponderis
1899 3286 1985 3361 per·

815 3387 867 3461 dit
890 3387 1149 3481 aequalitatem,
1176 3387 1263 3481 quia
1288 3408 1365 3464 una
1390 3409 1475 3484 pars
1499 3389 1673 3483 ascendit,
1690 3390 1808 3465 altera
1832 3388 1986 3464 dercen-

814 3507 866 3583 dit
891 3507 1021 3581 subito.
1048 3508 1125 3582 lloc
1150 3515 1276 3583 autem
1302 3508 1444 3602 accidit,
1464 3512 1607 3601 mundo
1624 3508 1779 3583 ambidui
1801 3512 1827 3583 li
1847 3511 1925 3601 finti
1947 3510 1986 3583 di

816 3632 965 3718 Latona,
990 3626 1091 3721 idest,
1118 3628 1172 3703 sol
1198 3635 1236 3703 et
1260 3628 1359 3721 luna,
1382 3628 1447 3723 qui
1463 3629 1669 3705 secundum
1693 3628 1876 3705 fictionem
1896 3649 1986 3724 poe·

816 3748 924 3823 ticam
943 3747 1114 3823 dicuutur
1140 3748 1200 3823 lilii
1226 3749 1392 3842 Iatouoe3
1418 3755 1456 3824 et
1481 3770 1601 3844 quare
1620 3750 1759 3823 dictum
1777 3756 1833 3825 est
1857 3756 1895 3825 et
1918 3748 1985 3825 de·

816 3868 997 3944 claratum
1024 3868 1132 3964 plene
1149 3869 1355 3966 Purgatortt
1373 3870 1533 3965 capitulo
1553 3870 1633 3963 llll,
1648 3873 1779 3944 coverti
1801 3873 1860 3943 del
1881 3887 1985 3945 morr-

817 3996 896 4063 tone
919 4011 938 4063 c
962 3992 1055 4063 detto
1080 3990 1195 4083 lidro3
1221 3997 1259 4065 d
1282 3989 1499 4084 benedicit,
1524 3990 1613 4084 quia
1637 4011 1723 4066 cum
1750 3990 1906 4065 dicimus
1929 3990 1985 4065 nol

817 4114 872 4183 est
896 4108 933 4183 iu
958 4108 1085 4203 ariete,
1112 4116 1150 4183 et
1174 4110 1263 4185 luna
1289 4114 1344 4185 ert
1374 4108 1410 4183 iu
1437 4109 1541 4203 libra,
1567 4109 1717 4205 ponitur
1738 4112 1778 4183 in
1810 4131 1878 4205 pru
1910 4110 1990 4202 md,

817 4228 904 4323 quia
930 4228 977 4305 de
1002 4228 1054 4305 rei
1081 4230 1237 4305 veritate
1261 4230 1405 4325 planeta
1430 4250 1505 4305 uon
1536 4238 1592 4306 est
1621 4231 1660 4305 iu
1688 4229 1793 4327 cigno
1823 4230 1889 4307 aod
1917 4230 1988 4305 sul)

818 4348 940 4445 signo:
967 4349 1154 4443 quomodo
1179 4349 1276 4425 euim
1305 4350 1451 4445 proprie
1467 4357 1524 4425 est
1541 4350 1711 4448 insigne,
1737 4370 1824 4425 eum
1841 4350 1888 4425 sit
1904 4370 1987 4427 ma·

819 4470 916 4545 xima
945 4468 1112 4546 distantia
1143 4470 1239 4546 lnter
1273 4471 1456 4567 planetam
1481 4478 1519 4547 et
1544 4472 1714 4569 siguum?
1739 4479 1778 4549 et
1801 4472 1987 4568 praecipue

818 4590 914 4685 luna,
941 4611 1025 4685 quae
1049 4598 1105 4665 est
1131 4590 1267 4686 infima,
1294 4591 1448 4667 nimium
1480 4591 1634 4668 dictata
1665 4592 1818 4668 zodiaco
1842 4592 1906 4688 qui
1931 4598 1988 4667 ert

818 4712 855 4783 iu
871 4718 999 4787 octava
1017 4731 1134 4806 spera,
1149 4715 1264 4805 sonno
1284 4732 1381 4785 zona
1396 4714 1538 4804 wate,
1555 4711 1658 4807 idest,
1676 4712 1895 4807 cincturam,
1911 4713 1988 4785 del-

818 4833 1045 4922 t’orizzontc,
1063 4832 1148 4926 quia
1166 4832 1307 4905 suntin
1325 4831 1457 4908 eodem
1478 4832 1629 4926 circulo,
1649 4832 1713 4927 qui
1730 4833 1864 4908 dieitur
1887 4833 1988 4907 luori-

817 4972 898 5047 zon,
925 4949 1026 5043 idest,
1054 4951 1270 5027 terminator
1295 4952 1407 5047 visus,
1427 4960 1466 5027 ct
1491 4961 1592 5030 reeta
1617 4953 1713 5030 linea
1737 4959 1987 5049 opponuntur,
