4842 6642
973 789 1018 856 78
1355 799 1568 858 *cumarum
1593 803 1759 856 nananrsr

972 946 1054 1041 uici,
1064 967 1149 1041 quae
1164 967 1229 1042 per
1244 946 1465 1043 praesagium
1479 946 1610 1022 somnii
1624 955 1848 1043 praeostensa
1863 947 1929 1021 luit
1942 952 2141 1042 antequam

972 1075 1066 1142 nata.
1093 1067 1196 1142 Unde
1221 1068 1328 1142 dicit:
1357 1071 1447 1142 Eia
1471 1089 1537 1142 rua
1565 1077 1676 1142 mente
1701 1073 1742 1163 sa
1769 1062 1799 1141 si
1831 1072 1963 1162 repleta
1997 1072 2034 1142 di
2061 1072 2145 1143 aiau

910 1235 913 1241 -
971 1195 1094 1266 sirtille
1118 1211 1216 1264 rome
1236 1194 1278 1284 ptr
1302 1196 1436 1280 creata,
1462 1190 1563 1284 idest,
1588 1191 1710 1264 statim
1733 1211 1817 1263 cum
1837 1189 1960 1264 anima
1977 1196 2143 1265 creatae

972 1313 1048 1387 lieo
1074 1312 1142 1385 luit
1167 1311 1285 1385 inlusa
1311 1311 1468 1405 corpori,
1494 1314 1554 1383 cle
1576 1313 1720 1404 facetat
1733 1315 1876 1405 prolatu
1891 1313 1985 1385 nella
2004 1315 2144 1402 madre,

939 1487 942 1494 .
972 1433 1075 1528 idest,
1102 1431 1217 1528 ipsam
1246 1437 1424 1525 matrem3
1450 1431 1624 1524 quoniam
1654 1437 1772 1504 mater
1796 1431 1975 1505 Dominiui
1989 1424 2027 1523 (¹)
2051 1450 2145 1527 prae-

861 1625 864 1630 .
973 1575 1089 1650 gneus
1115 1573 1160 1628 ex
1188 1573 1233 1628 eu
1256 1551 1451 1626 somniavit
1475 1572 1515 1626 se
1541 1571 1673 1647 parere
1702 1572 1832 1626 canem
1860 1559 2067 1646 portantem
2088 1553 2144 1626 la-

973 1695 1053 1750 cem
1087 1675 1124 1748 in
1157 1695 1235 1768 ore,
1271 1695 1345 1768 qua
1379 1673 1630 1747 inflammabat
1663 1679 1782 1747 tutum
1813 1672 2006 1747 mundum.
2038 1673 2145 1747 Canis

973 1794 1149 1890 siquidem
1167 1785 1204 1886 (²)
1227 1794 1294 1867 luit
1319 1794 1486 1867 latrando
1503 1799 1631 1868 contra
1649 1792 1852 1886 haereticus,
1870 1799 1907 1866 et
1923 1791 2041 1867 lacem
2060 1813 2145 1887 por·

972 1914 1073 2007 tavit,
1096 1914 1187 1989 idest
1216 1913 1343 1988 lumen
1378 1913 1550 2007 scientia,
1576 1933 1650 2007 qua
1675 1912 1840 1987 accendit
1865 1919 1902 1986 et
1928 1911 2146 1987 illuminavit

971 2055 1111 2109 omnes.
1138 2035 1204 2110 Vel
1220 2055 1286 2130 per
1306 2035 1464 2109 faculam
1482 2033 1671 2108 ardentem
1691 2033 1852 2129 intellige
1869 2032 2061 2107 ardentem
2082 2053 2146 2107 ca-

973 2155 1132 2249 ritatem,
1158 2176 1272 2249 quam
1299 2155 1426 2229 habuit
1451 2161 1493 2228 ut
1518 2153 1641 2229 omnia
1667 2153 1844 2229 venderet
1869 2159 1906 2228 et
1931 2135 2035 2229 daret
2053 2175 2145 2250 pau-
2171 2237 2174 2240 ⁴

974 2275 1132 2369 peribus,
1156 2275 1281 2349 volens
1298 2295 1338 2348 se
1355 2275 1474 2369 ipsum
1492 2274 1653 2348 vendere
1673 2273 1761 2348 dum
1781 2274 1917 2368 petenti
1943 2295 2016 2347 non
2034 2274 2146 2349 liabe-

975 2402 1030 2470 ret
1068 2395 1155 2490 quid
1193 2395 1307 2469 daret.
1327 2435 1376 2448 -
1397 2391 1531 2468 Putate.
1570 2395 1636 2469 llic
1669 2393 1940 2488 Bunaventura,
1967 2395 2145 2490 descripta

973 2515 1109 2589 virtute
1135 2513 1313 2588 Dominici
1338 2535 1405 2609 per
1426 2535 1542 2588 unum
1561 2513 1781 2610 praesagium
1801 2520 1886 2589 ante
1907 2515 2144 2609 nativitatem,

974 2655 1071 2710 nunc
1096 2635 1270 2710 describit
1301 2635 1417 2730 ipsam
1448 2642 1530 2730 post
1563 2635 1788 2708 nativitatem
1823 2655 1891 2729 per
1922 2635 2018 2709 aliud
2050 2655 2145 2730 prae-

974 2755 1128 2852 sagium.
1159 2755 1252 2829 Nam
1286 2755 1435 2831 domina
1468 2774 1553 2849 quae
1592 2755 1711 2829 tenuit
1740 2755 1860 2849 ipsum
1892 2755 1929 2828 in
1966 2755 2145 2850 baptismo

974 2875 1179 2970 somniavit,
1193 2875 1292 2968 quod
1308 2875 1521 2949 Dominicus
1537 2875 1615 2970 ipse
1632 2875 1790 2948 habebat
1810 2873 1950 2948 stellam
1972 2875 2008 2947 in
2027 2874 2146 2950 fronte

971 2993 1238 3090 praelulgidam,
1253 3015 1337 3090 quae
1351 2995 1579 3068 illuminabat
1593 3001 1711 3069 totum
1726 2993 1918 3068 mundum.
1933 2995 2025 3069 Dicit
2038 3015 2145 3091 ergo:

974 3118 1026 3185 Lu
1051 3116 1171 3187 donna
1188 3117 1248 3188 alte
1264 3118 1363 3189 diade
1379 3117 1558 3188 {assensu
1579 3135 1646 3207 per
1668 3117 1729 3208 lui,
1751 3113 1854 3208 idest,
1872 3121 2041 3190 matrona
2063 3135 2147 3211 quae

974 3233 1093 3328 ipsum
1120 3234 1167 3309 de
1192 3255 1298 3311 sacro
1324 3235 1422 3309 loute
1447 3235 1582 3310 levavit
1597 3227 1648 3329 (³),
1674 3255 1758 3328 quae
1788 3235 1970 3309 consensit
2001 3255 2067 3329 pro
2099 3256 2147 3310 eo

974 3355 1121 3448 quando
1148 3357 1320 3431 sacerdos
1345 3357 1620 3462 interrogabat:
1652 3359 1704 3429 ur‘s
1732 3356 1948 3448 ‘baptizarit
1979 3362 2017 3430 et
2046 3377 2090 3430 ea
2106 3345 2144 3448 (⁸)

974 3474 1215 3568 respondebat
1233 3497 1299 3570 pro
1318 3496 1382 3549 eu:
1410 3478 1511 3548 Volo:
1529 3477 1649 3548 aurit
1670 3475 1814 3547 mirabli
1831 3478 1954 3568 fratta,
1972 3475 2145 3550 doctrinae

972 3601 1011 3668 et
1035 3595 1313 3689 praedicationis,
1338 3598 1389 3668 clt'
1403 3599 1497 3668 uscir
1522 3597 1635 3668 devea
1651 3597 1689 3668 di
1705 3596 1753 3667 lui
1777 3597 1900 3668 adalta
1919 3597 2016 3686 rede,
2043 3596 2145 3689 idest,

974 3713 1021 3788 de
1046 3714 1221 3789 frutribus
1246 3715 1560 3810 praedicatoribus,
1586 3715 1681 3788 inter
1707 3735 1801 3808 quos
1836 3715 1986 3789 luerunt
2019 3716 2145 3789 multoe

973 3833 1088 3908 stellae
1113 3835 1260 3931 lulgidae
1285 3836 1448 3909 lucentes
1474 3835 1510 3908 in
1536 3835 1686 3928 mundo,
1714 3843 1752 3910 et
1777 3835 1879 3928 quasi
1898 3827 1934 3926 (⁶)
1953 3835 2067 3910 stellae
2085 3855 2145 3910 re-

973 3963 1152 4048 ceperunt
1169 3957 1297 4030 lumen
1314 3978 1336 4030 a
1353 3958 1430 4031 sole
1447 3975 1528 4050 suu,
1542 3956 1677 4030 seilicet
1694 3977 1716 4030 a
1733 3955 1936 4050 DominicO,
1949 3958 2143 4048 artmano,

971 4073 1064 4149 idest
1089 4075 1126 4148 in
1153 4097 1307 4150 sumno:
1333 4082 1370 4150 et
1396 4078 1465 4150 linc
1491 4076 1579 4151 vidit
1603 4082 1684 4172 pust
1701 4075 1945 4173 baptismum3
1968 4077 2066 4152 unde
2091 4078 2146 4152 di-

973 4193 1045 4268 cit:
1074 4193 1199 4288 potale*
1226 4199 1258 4270 te
1289 4201 1513 4289 aponrnttztr,
1550 4196 1652 4290 idest,
1687 4197 1881 4292 promissio
1917 4219 2001 4292 quae
2037 4197 2077 4272 lit
2110 4199 2146 4271 in

976 4314 1166 4411 baptismo,
1193 4338 1306 4410 quam
1334 4317 1418 4390 lacit
1444 4315 1504 4391 ille
1529 4317 1593 4411 qui
1618 4316 1716 4390 levat
1733 4317 1770 4390 in
1787 4337 1944 4412 persona
1963 4317 2143 4413 baptizati,

973 4441 1009 4506 et
1028 4436 1197 4510 sacerdos
1218 4443 1320 4512 tenet
1340 4437 1464 4513 lucum
1486 4436 1581 4532 fidei,
1592 4441 1655 4532 sur
1670 4441 1839 4530 complete
1856 4441 1896 4512 ul
1911 4459 2017 4512 surra
2035 4444 2144 4533 sunu,

970 4552 1104 4628 scilicet
1129 4556 1311 4651 baptismi,
1337 4557 1373 4629 in
1405 4577 1479 4652 quo
1507 4556 1618 4631 datur
1642 4557 1760 4654 gratia
1786 4557 1941 4653 Spiritus
1967 4559 2082 4634 sancti
2106 4565 2144 4633 et

970 4673 1073 4769 copia
1089 4675 1282 4771 virtutum,
1298 4681 1395 4751 intra
1412 4679 1462 4750 lui
1476 4699 1496 4750 e
1509 4680 1545 4750 la
1555 4681 1646 4771 sede,
1656 4681 1702 4772 v,
1717 4677 1807 4753 idest
1825 4679 1950 4774 inquo
1965 4680 2145 4774 baptismo

1034 4861 1062 4924 (¹)
1079 4863 1110 4913 Ε·
1127 4862 1207 4926 illim
1223 4865 1359 4915 omninici·
1472 4863 1499 4926 (⁸)
1513 4865 1540 4915 S·
1556 4866 1668 4929 quidem.
1866 4865 1894 4929 (¹)
1909 4871 1933 4926 t,
1949 4867 2068 4918 elevavit.

1034 4939 1062 5003 (¹)
1079 4937 1109 4989 E.
1126 4945 1153 4989 et
1168 4941 1222 5002 ipsu
1237 4942 1416 5005 respondebat.
1470 4941 1498 5004 (⁸)
1512 4941 1543 4991 E.
1560 4946 1587 4992 et
1601 4956 1661 5006 quo
1676 4943 1767 4994 atelle.
