4842 6642
762 859 902 916 caurus
927 860 1121 916 vromnrus
1145 861 1291 915 sarnus.
1539 848 1613 919 ³83

433 1004 614 1099 ltrdiktto
648 1006 722 1096 opti
749 1006 846 1077 ocuti
876 1007 968 1095 miei,
997 1005 1103 1099 idest,
1136 1004 1314 1101 quamdin
1347 1004 1430 1081 steti
1464 1006 1503 1079 in
1534 1006 1616 1103 ipso

438 1124 606 1223 paradiso
623 1124 848 1199 deliciarum.
877 1124 920 1199 ut
946 1125 1031 1202 tacit
1056 1126 1203 1202 tertiam
1227 1126 1450 1222 petitionem,
1467 1126 1614 1203 dicens:

434 1267 455 1319 e
478 1248 689 1339 inproprie
714 1248 840 1337 oopmu
865 1247 923 1321 det
945 1266 1042 1337 pron
1074 1249 1257 1339 dudepao,
1290 1246 1393 1343 idest,
1426 1268 1512 1342 quae
1543 1248 1615 1323 tuit

434 1364 583 1462 propria
607 1365 728 1461 culpa,
753 1386 839 1461 qua
864 1364 948 1471 iecit
974 1386 1036 1441 me
1060 1366 1253 1442 incurrere
1273 1368 1411 1463 justam
1445 1368 1613 1466 indigna·

433 1485 571 1561 tionem
598 1484 724 1560 aeterni
745 1485 877 1581 judicis
903 1487 966 1581 qui
993 1486 1132 1583 expulit
1149 1507 1211 1561 me
1230 1507 1254 1562 a
1271 1487 1363 1563 facie
1379 1508 1460 1584 sua,
1477 1496 1516 1565 et
1535 1488 1612 1586 pri·

434 1607 533 1681 ravit
550 1604 652 1681 omni
668 1606 785 1703 gratia
803 1612 841 1681 et
858 1608 1112 1705 prerogativa,
1132 1608 1311 1683 damnans
1331 1609 1441 1684 simut
1459 1630 1609 1686 mecum

434 1733 573 1803 tantam
595 1727 760 1802 suturam
777 1728 1041 1823 posteritatem,
1059 1727 1146 1822 quia
1168 1748 1256 1803 reus
1272 1749 1376 1804 eram
1398 1729 1610 1805 maiestatis

433 1848 478 1923 ut
502 1847 587 1923 iacit
612 1853 783 1942 quartam
809 1846 1034 1943 petitionem,
1060 1848 1200 1923 dicens:
1236 1870 1256 1922 e
1288 1851 1311 1922 l'
1323 1850 1469 1943 mama,
1506 1849 1611 1945 idest,

436 1966 678 2065 liuguagium,
703 1969 803 2041 ct'to
828 1971 907 2041 mot
931 1988 950 2041 e
974 1970 1074 2041 curo
1095 1970 1145 2061 lei
1169 1975 1239 2043 eto.

512 2092 577 2180 Or,
592 2090 728 2182 fipituot
752 2090 832 2162 otio
859 2089 935 2163 lsta¹
956 2093 1011 2163 est
1036 2094 1170 2183 quarta
1187 2093 1227 2164 et
1242 2089 1372 2164 ultima
1389 2110 1475 2185 pars
1496 2108 1612 2187 geno-

437 2210 523 2287 raiis
537 2202 589 2305 (¹),
615 2208 653 2284 in
683 2230 756 2304 qua
787 2208 903 2317 Adam
935 2209 1130 2304 respondet
1164 2209 1315 2306 singuiis
1348 2208 1613 2305 questionibus
1760 2212 1764 2217 ’

436 2329 643 2427 pmpositis3
669 2336 707 2404 et
732 2327 852 2424 primo
879 2329 925 2403 ad
952 2330 1111 2423 tertiam,
1129 2329 1272 2407 dicens:
1294 2332 1512 2425 Or,fipttaot
1526 2332 1612 2422 mio,

436 2472 508 2525 aon
531 2453 559 2525 u
581 2456 705 2543 ututur
730 2451 787 2523 det
821 2452 935 2542 repno,
973 2448 1076 2545 idest,
1110 2471 1184 2524 non
1216 2450 1370 2546 simplex
1404 2449 1611 2547 degustatio

436 2572 535 2669 pnmi
560 2571 675 2665 vetiti,
699 2574 740 2666 [a
760 2588 829 2663 per
851 2564 891 2643 se*
914 2572 950 2644 to
975 2572 1102 2661 capion
1119 2573 1156 2645 di
1172 2576 1269 2645 usto
1286 2573 1394 2666 mito,
1413 2570 1517 2667 idest,
1534 2592 1609 2646 non

437 2694 506 2768 tuit
530 2714 642 2769 eausa
669 2712 788 2787 quare
811 2690 949 2767 eiectus
973 2710 1058 2765 sum
1091 2690 1138 2766 de
1167 2691 1336 2787 paradiso
1366 2692 1545 2787 terrestri,
1571 2698 1609 2767 et

392 2817 394 2845 ³
438 2813 622 2909 relegatus
648 2811 685 2885 in
712 2816 787 2886 mm
814 2810 1031 2885 diuturnum
1052 2810 1216 2885 exitium.
1233 2812 1279 2886 Et
1294 2812 1455 2910 assignat
1479 2831 1609 2887 veram

436 2954 600 3029 cauam,
612 2932 753 3009 dicens:
772 2952 833 3005 mn
849 2934 1037 3007 summme
1052 2934 1080 3005 tt
1093 2938 1284 3026 tropossor
1299 2935 1357 3007 det
1368 2954 1491 3025 sepau,
1503 2931 1608 3026 idest,

437 3054 500 3131 sed
525 3052 738 3149 simpliciter
763 3051 1005 3149 transgressio
1030 3052 1215 3149 precepti,
1240 3053 1327 3148 quia
1352 3053 1491 3129 seilicet
1510 3050 1610 3127 rotni

437 3194 517 3253 mse
542 3176 641 3251 Deus
667 3172 783 3249 sciens
807 3172 948 3249 bonum
978 3179 1015 3248 et
1038 3172 1193 3267 malum,
1218 3172 1315 3248 siout
1336 3172 1405 3281 sibi
1430 3172 1611 3269 persua&

433 3314 595 3393 serpens.
630 3293 783 3371 Volebat
820 3292 919 3369 enim
952 3294 1051 3369 Deus
1086 3293 1185 3389 quod
1219 3294 1334 3369 Adam
1369 3299 1608 3391 oognosoeroe

437 3436 557 3511 usque
580 3414 629 3491 nd
653 3422 799 3490 certum
825 3412 1039 3509 terminum,
1065 3420 1104 3489 et
1129 3432 1203 3487 non
1232 3414 1353 3489 exiret
1380 3414 1471 3489 fines
1500 3434 1607 3489 man-

433 3536 507 3613 dati
521 3560 533 3631 ;
549 3542 587 3612 et
612 3534 689 3632 ipse
713 3534 924 3611 inobediens
950 3534 1116 3609 transivit
1140 3534 1342 3610 terminum
1360 3534 1608 3631 sini'assigun·

435 3666 527 3735 tum.
539 3697 589 3711 -
605 3658 743 3747 mindi
760 3654 827 3731 liic
841 3654 957 3731 Adam
976 3654 1171 3751 respondet
1192 3654 1321 3750 primae
1341 3655 1516 3751 petitioni,
1536 3655 1608 3730 soi·

434 3778 519 3855 dost
550 3784 731 3874 quantum
766 3783 915 3872 tempus
947 3782 1004 3851 ost
1035 3795 1111 3871 quo
1146 3775 1224 3871 ipse
1255 3777 1458 3871 ptasmatns
1491 3796 1607 3852 manu

432 3898 555 3977 divina
579 3898 648 3975 tuit
672 3898 811 3996 positus
836 3896 872 3971 in
897 3895 1066 3993 paradiso
1088 3895 1304 3971 deliciarum
1330 3897 1377 3972 ad
1402 3896 1607 3973 custodiam

388 4054 392 4062 ¹
432 4020 523 4097 eius.
550 4022 594 4097 ut
618 4020 737 4117 primo
763 4023 954 4115 computat
984 4036 1101 4093 annos
1133 4016 1268 4111 quinus
1299 4017 1397 4093 stetit
1426 4017 1462 4093 in
1494 4018 1607 4095 timbo

431 4148 601 4219 amorte
623 4163 693 4217 sua
718 4160 839 4237 nsque
868 4139 913 4215 ad
946 4137 1257 4223 resurreetionem
1286 4138 1429 4233 Curidi,
1460 4139 1606 4217 dioensz

431 4266 473 4337 lo
497 4264 673 4337 madent
695 4269 813 4355 puato
843 4261 1003 4350 conam,
1032 4257 1136 4352 idest,
1166 4256 1371 4333 desiderari
1406 4259 1536 4337 venire
1559 4260 1607 4336 ad

432 4383 528 4459 istud
553 4382 701 4459 mesto
725 4380 981 4457 consistorium
997 4370 1050 4474 (¹),
1066 4386 1206 4473 punitro
1224 4382 1310 4453 nuto
1329 4380 1607 4455 mmedruo

434 4506 562 4579 notu
585 4505 623 4577 di
643 4506 730 4593 sote,
756 4500 857 4596 idest,
883 4499 1008 4595 unnim
1035 4498 1123 4595 quia
1148 4499 1416 4597 singutoanno
1440 4500 1495 4575 sot
1519 4498 1606 4575 taoit

436 4622 701 4725 revolutionem
730 4642 863 4716 suam;
889 4626 928 4697 et
952 4620 1056 4696 dicit:
1082 4622 1216 4715 pandi,
1244 4618 1391 4715 scitioet,
1415 4618 1453 4694 in
1480 4620 1605 4714 limbo,

432 4748 524 4821 aaa
547 4752 608 4819 tun
629 4746 754 4819 ὼπιια
778 4763 892 4817 arom
928 4744 1085 4835 Virpriio,
1122 4741 1210 4837 qnia
1241 4740 1388 4817 Beatrix
1420 4739 1606 4817 deseendit

493 5002 1059 5070 mauraneum-unqua
1215 5002 1458 5067 <namna
