4842 6642
755 865 761 874 -
806 834 944 889 caurus
969 835 1161 890 vrensruus
1185 835 1328 889 antuus.
1578 821 1648 888 275

479 979 515 1054 in
532 980 630 1077 pisce
645 980 821 1076 gradihus
839 980 988 1076 vinginti
1008 986 1180 1075 quatuor,
1206 981 1267 1056 Sol
1293 979 1329 1054 in
1355 981 1471 1054 ariete
1496 981 1533 1054 in
1551 980 1650 1076 prin-

477 1100 582 1195 cipio,
596 1101 720 1175 Venus
739 1101 777 1175 in
794 1101 904 1196 pisce,
921 1096 1126 1176 Mercurius
1142 1102 1178 1174 in
1197 1099 1351 1198 virgine,
1364 1101 1467 1175 Luna
1488 1099 1524 1173 in
1544 1100 1647 1174 libra.

476 1224 651 1296 -rliccu
674 1222 739 1297 llic
759 1220 906 1300 Beatrix
926 1219 1043 1296 reddit
1062 1227 1233 1295 autorem
1259 1224 1441 1295 attentum
1459 1217 1506 1293 ad
1523 1219 1650 1294 viden-

475 1339 563 1414 dum
583 1347 621 1416 et
646 1341 849 1416 notandum
865 1341 1012 1436 signum
1032 1340 1232 1438 figuratum
1251 1341 1462 1436 incorpore
1487 1340 1647 1434 Saturni,

477 1459 621 1536 dicens:
639 1465 745 1536 Ficta
761 1465 799 1536 lc
817 1471 929 1538 mente
948 1465 1094 1539 dirictro
1115 1465 1189 1554 apli
1205 1465 1301 1538 occdi
1320 1465 1406 1553 tuot,
1419 1461 1520 1554 idest,
1540 1461 1648 1536 firma

478 1581 653 1658 virtutem
668 1583 951 1659 memorativum
968 1589 1049 1678 post
1066 1583 1324 1659 intellectivam
1340 1608 1349 1676 ;
1364 1590 1401 1658 et
1413 1582 1515 1657 dicit:
1530 1605 1548 1656 c
1557 1585 1599 1677 su
1613 1585 1651 1656 di

477 1703 591 1796 mcclii,
607 1703 743 1778 scilicet
756 1703 884 1799 oculis,
893 1706 1048 1796 speculato
1065 1707 1138 1778 ullu
1152 1707 1286 1797 fipuru,
1303 1702 1450 1798 scilicet,
1467 1701 1649 1796 *scalam,

476 1823 537 1894 cte
561 1824 588 1894 o·
610 1813 700 1895 sard
719 1823 1128 1917 permulcetque
1152 1823 1349 1918 apparebit
1368 1822 1442 1912 tihi,
1467 1824 1505 1895 tn
1531 1831 1647 1914 questo

475 1944 644 2035 mollio,
669 1942 851 2038 scilicet*
870 1938 906 2037 (¹)
938 1943 1110 2038 Saturno,
1143 1945 1180 2018 in
1210 1965 1286 2038 quo
1312 1943 1379 2018 ista
1405 1942 1528 2040 ligura
1552 1945 1649 2026 relu-

475 2068 545 2157 oet,
571 2063 666 2138 sicut
691 2063 729 2138 in
754 2066 915 2158 speculo,
934 2065 1038 2158 quasi
1056 2065 1171 2139 dicat:
1189 2071 1328 2140 attente
1344 2064 1535 2160 speculare
1555 2063 1650 2159 ligu-

478 2202 571 2277 ram,
596 2205 681 2283 qua
706 2185 920 2261 ostendetur
938 2186 1001 2260 tibi
1027 2186 1064 2260 in
1090 2186 1159 2260 isto
1176 2206 1332 2281 corpore
1352 2185 1510 2260 Saturni.
1525 2225 1574 2239 —
1589 2187 1650 2258 Cli

473 2323 623 2395 capesse.
649 2304 714 2379 llic
739 2312 850 2380 autor
866 2304 1116 2400 descripturus
1131 2307 1243 2381 altam
1264 2307 1399 2381 scalam
1422 2303 1649 2399 contempla-

477 2423 597 2518 tionis,
622 2425 743 2521 primo
773 2426 959 2521 praemittit
980 2447 1088 2501 suam
1120 2426 1399 2502 delectationem
1425 2425 1648 2520 inspectione

475 2544 584 2640 illius,
608 2545 733 2622 dicens
758 2567 844 2620 cnm
863 2547 1115 2641 admiratione,
1133 2554 1176 2621 nt
1194 2546 1320 2621 reddat
1345 2546 1549 2620 auditorem
1568 2546 1647 2622 avi·

475 2664 565 2740 dnm
589 2674 627 2740 ct
649 2673 832 2742 attentum
849 2667 896 2742 ad
913 2667 1018 2741 istam
1037 2666 1403 2763 contemplationem:
1425 2669 1645 2762 dlisapesse,

477 2785 580 2880 idest,
606 2785 834 2880 quicumque
867 2786 988 2880 sciret,
1023 2790 1109 2879 qual
1139 2809 1203 2860 cru
1238 2789 1276 2860 lu
1300 2794 1454 2880 pavum
1487 2789 1545 2862 det
1574 2791 1648 2861 otto

476 2909 557 2999 mio,
582 2905 689 2998 idest,
706 2907 825 3002 qualis
841 2912 922 2982 erat
937 2907 1128 2984 delectatio
1146 2906 1292 2982 visionis
1311 2927 1415 3001 meae,
1433 2910 1647 3000 aettospctto

478 3026 591 3116 mou,
609 3025 713 3120 idest,
732 3025 955 3122 inspectione
980 3026 1074 3102 illius
1103 3026 1221 3101 beatoe
1248 3025 1388 3123 figurae,
1407 3030 1575 3119 panud't'o
1601 3031 1649 3102 mi

478 3147 664 3220 trasmutm
682 3147 734 3218 ad
748 3148 843 3221 oltra
860 3166 962 3237 curu,
979 3145 1125 3238 scilicet,
1142 3144 1190 3220 ad
1210 3146 1477 3241 respiciendum
1496 3146 1532 3222 id
1549 3147 1648 3241 qnod

477 3265 624 3342 Beatrix
649 3266 805 3362 diverat,
830 3267 1077 3340 conoscercbbe
1100 3274 1232 3360 quanto
1254 3271 1299 3342 m’
1312 3288 1376 3340 cra
1401 3289 1425 3342 α
1449 3275 1569 3360 prato,
1586 3267 1649 3342 ub·

477 3387 589 3460 mnne
614 3390 687 3462 atto
710 3391 785 3461 mio
815 3391 934 3464 celeste
956 3397 1089 3479 scorto,
1115 3388 1218 3484 idest,
1245 3388 1412 3483 Beatrici,
1439 3409 1523 3483 quae
1547 3408 1649 3463 scor·

476 3507 578 3580 tabat
604 3527 665 3582 me
689 3527 756 3602 per
782 3508 852 3583 iter
875 3507 972 3602 coeli,
997 3509 1102 3602 qnasi
1120 3509 1233 3587 dicat:
1252 3509 1280 3582 si
1299 3508 1380 3602 quis
1403 3508 1650 3582 consideraret

477 3633 617 3719 quanta
641 3627 834 3703 delectatio
859 3628 1021 3704 consistit
1046 3629 1083 3701 in
1107 3628 1203 3704 dulci
1230 3628 1304 3702 otio
1330 3633 1464 3702 sanctas
1484 3635 1650 3702 contem-

476 3746 655 3842 plationis,
673 3755 914 3844 cognosceret
938 3747 1037 3842 quod
1062 3768 1136 3822 non
1161 3747 1341 3842 gravabat
1366 3767 1426 3822 me
1453 3747 1556 3821 lahor
1580 3746 1649 3822 iste
1791 3730 1795 3740 ⁸

477 3868 729 3944 considerandi
747 3889 847 3944 nunc
866 3867 1222 3963 contemplationem.
1241 3867 1344 3943 Unde
1359 3867 1464 3942 dicit:
1482 3873 1649 3960 coadop-

473 3991 636 4084 pesdado
659 3994 744 4065 tm
768 4011 834 4063 coo
859 3992 882 4062 t'
894 3993 988 4063 alno
1012 3991 1099 4080 luto,
1124 3987 1272 4082 scilicet,
1299 3987 1569 4083 compensando
1594 3988 1649 4062 la·

477 4110 607 4185 horem
633 4107 948 4205 contemplationis
977 4128 1063 4182 cnm
1089 4107 1346 4202 delectatioue;
1372 4108 1465 4184 sicut
1493 4129 1517 4184 a
1542 4105 1648 4181 simili

477 4229 643 4323 videmus
661 4230 708 4305 dc
725 4231 821 4306 lacto
838 4230 875 4304 in
893 4250 969 4304 nno
986 4229 1066 4302 viro
1089 4227 1259 4324 religioso
1276 4229 1570 4324 contemplativo,
1584 4229 1646 4324 qni

476 4349 623 4424 videtur
635 4371 680 4425 eu
697 4372 772 4426 nno
791 4350 907 4426 latere
919 4349 1068 4446 gravari
1080 4349 1129 4424 ab
1142 4349 1471 4443 obedientiaquam
1487 4349 1649 4444 praecipit

475 4476 602 4544 sancta
619 4469 801 4565 scriptura
815 4469 873 4544 vel
892 4471 1021 4565 regula
1044 4467 1144 4561 eins;
1162 4475 1200 4542 et
1217 4475 1352 4560 tamem
1370 4467 1398 4542 sl
1417 4468 1512 4544 bene
1528 4467 1649 4564 dispo-

476 4590 530 4664 nit
547 4595 599 4685 se,
613 4591 740 4686 recipit
752 4609 799 4666 ex
813 4591 883 4665 alia
897 4597 1001 4685 parte
1019 4609 1191 4686 magnam
1206 4588 1503 4682 consolationem,
1519 4595 1556 4664 et
1569 4589 1649 4664 talis

477 4708 582 4784 labor
611 4710 757 4784 videtur
788 4710 854 4785 sibi
881 4711 994 4803 levis,
1024 4715 1062 4783 et
1089 4709 1137 4783 de
1164 4708 1218 4782 rei
1249 4707 1404 4783 veritate
1428 4709 1563 4806 jugum
1595 4717 1651 4784 est

537 4962 567 5027 (¹)
585 4965 622 5015 Le
632 4967 722 5030 parole
732 4967 773 5017 tm
785 4945 852 5018 idne
863 4947 996 5019 asterisclri
1006 4982 1053 5019 son
1064 4965 1177 5030 snpplita
1186 4967 1228 5018 dcl
1237 4966 1324 5020 Codlrl
1333 4967 1484 5020 Stronisno
1494 4981 1509 5018 e
1521 4967 1634 5020 &tense
