4842 6642
805 808 878 891 396
1194 838 1400 893 cumennora
1424 839 1589 893 rnnlnrsr

803 982 903 1076 quod
928 982 1073 1058 videbat
1098 990 1215 1059 totum
1243 984 1330 1058 illud
1360 983 1516 1080 spatium
1550 990 1671 1076 torrae,
1699 984 1797 1078 quod
1823 990 1879 1058 est
1909 983 1971 1057 ubi

802 1103 878 1179 dies
903 1110 958 1179 est
984 1103 1102 1180 maior
1128 1102 1303 1180 tredecim
1329 1105 1439 1199 horis,
1470 1124 1666 1199 usquequo
1696 1111 1752 1179 cst
1777 1104 1971 1179 duodecim

803 1224 980 1299 horarum
999 1230 1036 1300 et
1053 1232 1183 1318 quarta
1206 1246 1290 1320 pars
1312 1226 1438 1320 unius3
1464 1231 1503 1300 el
1527 1225 1609 1300 ideo
1634 1224 1776 1299 subdit:
1800 1218 1830 1299 si
1853 1228 1915 1299 cite
1937 1228 1975 1297 io

803 1346 911 1417 ordea
935 1346 974 1417 di
997 1334 1032 1417 tt
1057 1346 1105 1418 du
1135 1347 1246 1437 Gude,
1273 1346 1334 1420 ubi
1364 1353 1452 1419 sunt
1470 1345 1654 1420 columnae
1674 1345 1851 1439 Herculis,
1870 1344 1973 1438 idest,

802 1464 899 1537 ultra
928 1464 1187 1560 hemisperium
1215 1466 1450 1559 occidentale,
1476 1468 1504 1539 it
1523 1469 1609 1560 [otte
1638 1487 1748 1539 oerco
1778 1468 1819 1539 di
1851 1467 1973 1555 utne,

803 1584 900 1678 quod
927 1584 1002 1679 ipse
1026 1590 1135 1659 autor
1161 1584 1263 1659 linxit
1288 1587 1421 1661 luterni
1447 1586 1606 1681 capitulo
1632 1586 1763 1681 llllvl3
1798 1592 1837 1660 et
1866 1584 1971 1660 dicit:
2058 1573 2060 1577 ’

802 1725 823 1777 c
845 1708 883 1778 di
907 1726 977 1798 peu
989 1727 1127 1799 presso,
1148 1707 1276 1802 supple
1295 1706 1475 1801 videbam,
1491 1709 1519 1780 il
1533 1710 1606 1796 tito,
1623 1706 1784 1803 sydoniae
1802 1706 1970 1804 regionis,

802 1825 901 1919 quod
926 1832 981 1900 eet
1006 1826 1041 1899 in
1068 1825 1183 1922 Syria,
1216 1826 1278 1901 ubi
1309 1828 1450 1921 Jupiter
1484 1826 1607 1922 rapuit
1640 1827 1824 1921 Europam
1859 1827 1973 1923 virgi·

802 1964 905 2040 nem3
925 1944 1022 2021 unde
1039 1945 1142 2020 dicit:
1160 1949 1219 2020 net
1233 1950 1328 2040 qual,
1347 1946 1493 2041 scilicet,
1512 1948 1619 2023 litore
1639 1946 1803 2045 sydonio,
1825 1952 1972 2040 Europa

800 2070 926 2161 sisece
950 2070 1047 2141 dolce
1074 2089 1193 2161 carco,
1232 2068 1377 2163 scilicet,
1412 2068 1522 2162 lovis,
1556 2068 1619 2162 qui
1653 2068 1853 2163 asportavit
1885 2086 1969 2142 eam

801 2208 894 2262 uuus
912 2188 993 2263 leve
1010 2194 1046 2264 et
1063 2208 1178 2264 suave
1195 2188 1273 2263 sibi.
1291 2188 1344 2263 Ad
1362 2188 1468 2263 cuius
1485 2186 1760 2285 intelligentiam
1779 2195 1835 2263 est
1852 2187 1970 2262 scieu-

800 2307 901 2401 dom,
929 2307 1038 2402 quod,
1064 2307 1158 2381 sicut
1188 2308 1290 2405 lingit
1322 2308 1471 2383 Ovidius
1496 2308 1589 2383 libro
1623 2310 1968 2403 nemmorpnoseos,

800 2426 947 2523 Agenor
972 2426 1040 2501 luit
1064 2448 1128 2502 rer
1156 2428 1347 2522 pboeniciae
1374 2428 1541 2526 regionis,
1568 2430 1675 2504 cuius
1700 2428 1772 2503 lilia
1798 2428 1867 2502 luit
1897 2429 1970 2501 llu-

801 2566 889 2641 ropa
916 2554 997 2642 elo,
1028 2547 1175 2623 tandem
1211 2549 1398 2625 mandavit
1428 2550 1545 2625 tribus
1571 2549 1662 2645 liliis,
1694 2557 1736 2623 ut
1760 2558 1970 2645 quererent

801 2688 883 2743 eam
910 2676 979 2743 etc.
1020 2668 1160 2744 Veritas
1195 2678 1250 2744 est
1285 2671 1383 2766 quod
1417 2671 1559 2767 iupiter
1597 2693 1662 2747 rex
1693 2673 1811 2748 Creta
1849 2671 1970 2767 rapuit

800 2790 1000 2884 Europam,
1026 2810 1112 2864 cum
1141 2790 1224 2865 navi
1251 2792 1408 2866 habente
1433 2792 1580 2889 signum
1607 2792 1717 2886 tauri,
1750 2793 1808 2867 vel
1840 2811 1972 2866 ascen·

800 2908 909 2985 dente
943 2917 1050 2986 tauro
1083 2917 1150 2987 etc.
1186 2913 1230 2986 Et
1267 2917 1306 2985 tu
1334 2913 1393 2987 bic
1425 2912 1592 2989 obiicies:
1625 2914 1748 3008 qualia
1781 2920 1868 2988 sunt
1901 2914 1967 2987 ista

802 3028 1005 3123 ridiculosa,
1037 3051 1084 3106 ne
1119 3032 1237 3108 dicam
1264 3032 1434 3127 obscena,
1466 3054 1551 3127 quae
1585 3040 1703 3129 poetae
1731 3034 1967 3129 scripserunt,

800 3147 977 3245 fingentes
1002 3150 1135 3247 llagitia
1155 3152 1324 3246 deorum,
1342 3153 1533 3246 adulteria,
1556 3154 1665 3248 lurta,
1682 3163 1719 3228 et
1735 3162 1870 3229 caetera
1889 3161 1970 3228 tur·

799 3269 886 3363 piat
904 3269 1131 3364 respondebo
1152 3270 1226 3365 tibi,
1245 3272 1344 3366 quod
1362 3273 1488 3368 negari
1508 3294 1580 3347 non
1599 3281 1728 3369 potest,
1746 3274 1834 3367 quin
1852 3278 1968 3369 poetae

799 3388 984 3465 duxerunt
1009 3392 1124 3465 multa
1151 3412 1246 3467 vana
1272 3399 1309 3467 et
1334 3393 1537 3486 inhonesta,
1569 3394 1632 3467 sed
1664 3401 1787 3469 muron
1817 3414 1861 3468 ex
1899 3394 1968 3467 boc

798 3510 938 3605 poetria
963 3510 1183 3585 nobilissima
1210 3533 1284 3587 non
1309 3513 1508 3607 culpanda;
1540 3512 1710 3609 culpandi
1734 3512 1856 3609 potius
1881 3520 1966 3585 sunt

798 3637 914 3727 poetae
938 3630 976 3704 in
1001 3630 1142 3705 talibus.
1170 3632 1343 3709 Homines
1367 3633 1465 3707 enim
1498 3633 1660 3727 luerunt,
1686 3640 1725 3709 et
1749 3654 1822 3708 non
1847 3634 1968 3707 solnm

798 3750 963 3825 homines
1002 3751 1065 3826 sad
1097 3753 1253 3849 pagani:
1291 3753 1343 3827 sic
1380 3774 1533 3850 magnos
1571 3755 1779 3851 tbeologos,
1817 3773 1973 3849 magnos

798 3870 990 3945 hereticos
1010 3871 1167 3946 vidimus
1184 3880 1222 3947 et
1239 3894 1395 3969 magnos
1416 3876 1576 3949 morales
1597 3894 1683 3950 cnm
1702 3873 1867 3969 pessimis
1889 3892 1973 3946 mo-

798 3989 910 4065 ribus.
936 3990 1037 4065 Sicut
1061 3992 1158 4065 euim
1186 3992 1254 4067 ista
1279 3994 1539 4088 consequentia
1558 4015 1630 4068 non
1653 3995 1767 4086 valet3
1788 3993 1968 4089 origenes

797 4131 954 4207 magnus
970 4111 1162 4208 theologus
1183 4112 1251 4186 luit
1269 4134 1426 4209 magnus
1442 4112 1650 4206 haereticus,
1668 4133 1760 4209 ergo
1785 4110 1969 4208 theologia

797 4232 892 4306 mala
919 4230 1067 4307 scientia
1093 4240 1167 4327 est3
1194 4232 1243 4307 ita
1270 4254 1343 4307 non
1369 4234 1465 4309 valet
1490 4233 1578 4308 ista:
1604 4232 1771 4307 Valerius
1799 4230 1974 4307 Martialis

795 4358 901 4448 poeta
927 4350 1011 4427 dicit
1036 4354 1150 4427 multa
1177 4353 1409 4449 spurcissima
1435 4361 1473 4429 et
1497 4354 1677 4447 obscena3
1708 4373 1800 4449 ergo
1829 4352 1970 4449 poetria

793 4471 948 4566 pessima
975 4472 1123 4549 scientia
1149 4480 1224 4567 est3
1255 4474 1362 4569 culpa
1388 4481 1445 4549 est
1470 4493 1542 4548 non
1568 4473 1718 4569 artium,
1745 4473 1810 4549 sed
1830 4472 1971 4546 artium

794 4591 889 4667 male
917 4592 1111 4667 utentium.
1139 4594 1191 4667 lix
1219 4596 1289 4669 boc
1314 4615 1387 4669 non
1413 4593 1605 4691 derogabit
1629 4594 1796 4669 Valerius
1820 4590 1970 4667 llartia-

792 4711 836 4785 lis
859 4710 1042 4787 Marciano
1067 4713 1233 4809 Capellae,
1260 4721 1298 4789 et
1322 4714 1371 4789 ita
1398 4713 1445 4789 de
1470 4714 1558 4789 aliis.
1572 4720 1669 4788 -Ε
1687 4709 1759 4807 pil.
1778 4712 1843 4788 llic
1858 4718 1973 4786 autor

792 4831 947 4905 ostendit
979 4852 1095 4927 quare
1127 4854 1201 4909 non
1227 4842 1371 4930 poterat
1397 4834 1522 4909 videre
1556 4834 1639 4930 plus
1666 4834 1714 4908 de
1742 4833 1813 4907 situ
1849 4839 1973 4924 terrae,

794 4950 934 5026 dicens:
958 4955 987 5026 il
1008 4957 1075 5029 sito
1098 4958 1136 5028 di
1160 4964 1280 5046 ceute
1304 4957 1437 5047 amota,
1458 4955 1562 5048 idest,
1582 4961 1705 5048 terre,
1723 4973 1836 5048 quam
1855 4957 1971 5025 autor
