4842 6642
1018 793 1088 860 114
1371 750 1382 770 ’
1409 805 1615 859 couuuruu
1639 801 1804 858 usuamsr

1015 951 1147 1040 mucia,
1165 948 1268 1044 idest,
1297 954 1339 1021 ut
1363 948 1494 1042 aliquis
1520 948 1701 1022 moriatur
1726 947 1763 1019 iu
1789 943 1930 1019 mundo
1954 944 2023 1018 isto
2048 951 2190 1038 tcmpu

1014 1069 1151 1164 raliter,
1173 1091 1243 1164 per
1266 1073 1364 1143 viver
1388 1063 1539 1160 colassri,
1560 1068 1663 1162 idest,
1690 1075 1732 1141 ut
1756 1067 1856 1140 vivat
1882 1067 1919 1140 iu
1950 1066 2045 1140 coetu
2077 1072 2188 1138 aetcr·

1014 1191 1156 1284 naliter,
1181 1211 1255 1264 aon
1286 1192 1364 1262 vide
1397 1192 1510 1281 quiue,
1536 1189 1683 1282 scilicet,
1709 1188 1746 1261 iu
1772 1186 1839 1260 ista
1866 1205 1973 1281 spera
2006 1183 2129 1276 solari,
2156 1185 2190 1256 lo

1013 1313 1203 1404 refricando
1234 1313 1312 1386 dett
1325 1317 1446 1383 cama
1468 1313 1579 1405 plaia,
1608 1310 1712 1404 idest,
1744 1309 1889 1404 pluria,
1924 1307 2060 1382 scilicet
2092 1306 2189 1380 intu-

1015 1430 1124 1505 siuuis
1155 1431 1287 1506 divina
1319 1431 1448 1527 gratia
1479 1437 1517 1506 et
1548 1429 1695 1528 giuriae;
1730 1430 1835 1524 quasi
1868 1427 1981 1502 dicat:
2017 1428 2046 1501 si
2080 1427 2189 1500 vidis·

1016 1558 1096 1626 sent
1109 1544 1145 1643 (⁴)
1174 1549 1395 1626 ineffabilem
1422 1550 1584 1624 laetitiam
1610 1549 1764 1624 istorum
1787 1571 1899 1644 quam
1915 1569 1990 1645 ego
2008 1546 2094 1640 vidi,
2116 1567 2187 1620 auu

1016 1674 1201 1767 plorarent
1217 1663 1255 1764 (¹)
1268 1691 1332 1746 sos
1346 1672 1408 1766 qui
1424 1691 1489 1767 par
1503 1679 1661 1746 mortam
1676 1678 1868 1746 transcunt
1880 1671 1927 1746 ab
1945 1670 2011 1744 ista
2029 1670 2103 1744 vita
2124 1669 2189 1743 du

1015 1795 1136 1867 torosa
1149 1791 1196 1865 ad
1209 1791 1307 1864 illam
1322 1791 1549 1888 gaudiosam.
1565 1792 1666 1867 Unde
1678 1791 1737 1866 bic
1750 1799 1836 1866 nota
1851 1791 1949 1886 quud
1963 1790 2032 1864 viri
2045 1789 2188 1886 pagani,

1016 1915 1129 1987 immo
1155 1911 1267 1987 ctiam
1294 1911 1456 2006 barbari,
1473 1912 1580 1986 istam
1606 1912 1720 1986 vitam
1745 1931 1995 1986 aerumrrusam
2022 1909 2188 1984 couside-

1017 2038 1140 2108 rantcs
1160 2031 1300 2106 iaciunt
1317 2032 1511 2128 puerperia
1536 2033 1717 2123 luctuosa,
1736 2031 1868 2106 funcra
1890 2051 1980 2105 veru
2002 2029 2188 2126 gaudiosa,

1015 2153 1110 2229 sicut
1135 2160 1263 2228 narrat
1282 2152 1450 2228 Valerius
1474 2154 1521 2227 dc
1546 2152 1759 2245 Thracibus,
1780 2151 1975 2247 Pompeius
2000 2159 2038 2224 ct
2063 2150 2189 2246 Augu·

930 2291 934 2298 ’
1016 2274 1132 2348 stiuus
1146 2263 1196 2365 (³).
1212 2313 1262 2327 -
1278 2275 1473 2361 oreliano.
1496 2272 1560 2347 Hic
1577 2280 1688 2347 autor
1713 2272 1883 2347 describit
1907 2278 2058 2346 cautum
2076 2290 2189 2364 quem

1015 2393 1196 2468 faciebant
1214 2393 1285 2466 illae
1301 2394 1435 2467 auimae
1452 2393 1628 2485 laetantcs,
1642 2392 1729 2486 quia
1747 2392 1883 2467 scilicet
1899 2397 2094 2486 coeperunt
2110 2392 2190 2464 tau·

1015 2514 1104 2588 dare
1130 2519 1167 2588 et
1191 2512 1399 2610 glorificare
1425 2514 1556 2606 Deum,
1582 2512 1764 2587 dicantes:
1793 2515 1918 2586 Glorab
1940 2515 2041 2585 Patr·
2055 2519 2090 2585 ct
2103 2515 2190 2586 Filio

1015 2641 1048 2706 et
1059 2635 1203 2726 Spiritui
1220 2637 1348 2708 Sarwto
1365 2638 1434 2708 etc.
1452 2631 1556 2707 Unde
1573 2632 1676 2707 dicit:
1699 2635 1899 2724 oreliano,
1916 2633 2064 2726 scilicet,
2081 2633 2188 2724 Deus

1015 2756 1137 2844 educ,
1164 2752 1300 2828 scilicet
1326 2753 1434 2827 Pater
1459 2759 1498 2828 ct
1521 2752 1644 2847 Filius,
1675 2777 1695 2828 e
1728 2761 1793 2846 tre,
1827 2752 1973 2846 scilicet,
2004 2753 2124 2848 Pater,
2154 2761 2191 2827 ct

1016 2873 1127 2946 Filius
1152 2879 1191 2946 ct
1216 2873 1369 2967 Spiritus
1394 2872 1562 2966 Sanctus,
1587 2876 1660 2964 cte,
1677 2873 1780 2966 idest,
1798 2873 1862 2966 qui
1879 2874 1989 2965 Deus,
2007 2876 2083 2946 vive
2100 2893 2190 2946 sear·

1011 3015 1080 3086 pre
1104 3013 1123 3064 e
1146 3013 1260 3083 reond
1284 3014 1420 3085 semprc
1443 2996 1481 3066 in
1507 3001 1559 3066 tre
1584 3015 1603 3065 c
1627 2995 1694 3066 due
1709 3015 1730 3067 c
1745 3013 1829 3084 aaa,
1853 2999 1891 3066 at
1906 2993 2009 3067 dicit:
2028 3013 2103 3066 non
2122 2995 2192 3065 cir-

1016 3115 1215 3205 conscrittu,
1243 3112 1329 3205 quia
1359 3132 1433 3185 nou
1458 3113 1773 3189 circumscribitur
1803 3113 1896 3205 ioco,
1920 3135 1940 3185 c
1963 3117 2192 3187 &conscribe

1020 3239 1116 3322 tudo,
1143 3232 1231 3326 quia
1257 3233 1380 3308 omuia
1406 3234 1579 3329 continet,
1602 3257 1667 3308 cru
1691 3242 1832 3308 cantato
1856 3243 1911 3309 tre
1935 3239 2023 3310 volte
2045 3238 2094 3308 du
2118 3239 2192 3308 cia-

1018 3373 1126 3426 scuao
1151 3355 1190 3426 dt
1213 3356 1329 3444 duculi
1351 3357 1465 3447 spirti,
1491 3354 1538 3429 ad
1563 3354 1710 3429 taudem
1732 3355 1845 3449 ipsius
1862 3355 2042 3448 trinitatis,
2059 3375 2127 3428 cca
2144 3359 2195 3428 tat

1017 3475 1180 3562 ruclodic,
1213 3472 1359 3567 scilicet,
1393 3481 1468 3548 tam
1499 3475 1597 3549 dulci
1611 3463 1662 3569 (⁸),
1692 3478 1807 3548 cb’ud
1836 3480 1923 3567 cyrri
1952 3487 2063 3548 mcrtc
2092 3479 2192 3548 saria

1016 3597 1128 3684 uiustu
1153 3613 1273 3684 amau,
1291 3594 1394 3689 idest,
1413 3595 1512 3689 quud
1530 3604 1626 3670 essct
1643 3595 1867 3692 condignum
1885 3595 2023 3670 dunum
2043 3603 2080 3670 ct
2097 3616 2192 3691 prae·

1020 3713 1135 3786 mium
1161 3713 1207 3788 ad
1233 3735 1344 3790 omne
1372 3717 1560 3810 meritum,
1578 3716 1693 3790 immo
1719 3716 1862 3790 nullum
1889 3715 2061 3791 meritum
2089 3736 2192 3790 crea-

1019 3843 1114 3908 turae
1139 3842 1306 3909 meretur
1333 3843 1476 3911 tautum
1502 3837 1709 3932 praeurium.

1092 3959 1137 4028 Et
1151 3957 1186 4028 io
1203 3957 1286 4029 adii.
1301 3956 1371 4030 ista
1389 3963 1445 4030 cst
1461 3958 1622 4032 secunda
1640 3979 1725 4052 pars
1738 3957 1931 4053 generalis,
1947 3957 2071 4051 inqua
2084 3964 2193 4031 autur

1019 4074 1217 4148 introducit
1242 4075 1409 4169 spiritum
1436 4077 1640 4152 Salomonis
1671 4076 1717 4151 ad
1748 4077 1966 4152 solutionem
2000 4077 2192 4172 propositas

1019 4194 1240 4288 quaestionis.
1275 4197 1318 4268 Et
1353 4198 1472 4290 prima
1511 4197 1683 4272 describit
1720 4217 1849 4272 vocem
1889 4196 2093 4271 Salomonis
2129 4217 2194 4293 per

1021 4335 1132 4391 unam
1161 4317 1476 4410 comparationem
1503 4315 1788 4410 devotissimam,
1814 4317 1958 4391 dicens:
1986 4322 2031 4390 Et
2056 4319 2093 4390 io
2123 4319 2196 4390 adii

1019 4455 1092 4507 aaa
1117 4455 1199 4509 voce
1233 4440 1403 4528 modesta,
1436 4437 1537 4529 idest,
1572 4443 1813 4532 temperatam
1846 4445 1885 4512 ct
1912 4456 2087 4510 suavem:
2116 4436 2195 4510 tatis

1021 4554 1119 4627 caim
1145 4556 1213 4629 suit
1239 4577 1311 4631 vox
1337 4557 1559 4650 Salomonis3
1588 4558 1685 4632 undu
1709 4558 1817 4632 dicit:
1841 4561 1939 4652 forse
1958 4559 2045 4650 quai
2060 4561 2102 4652 fu
2122 4561 2195 4631 del-

1023 4679 1179 4768 carcero
1198 4699 1222 4750 a
1239 4683 1373 4769 Maria,
1398 4681 1618 4772 raspondera
1646 4679 1748 4772 idest,
1770 4679 1865 4753 furtu
1891 4686 1965 4752 tam
1992 4679 2137 4771 suavis3
2159 4684 2195 4753 ct

1085 4853 1112 4915 (¹)
1130 4853 1159 4904 l¹3·
1176 4856 1196 4903 δί
1214 4856 1325 4905 Vidisse!-
1576 4855 1603 4917 (Ἰ
1620 4859 1650 4909 Ε.
1667 4859 1825 4922 deploraret.

1084 4929 1110 4989 rt
1128 4930 1158 4978 E.
1175 4931 1319 4994 Augustus.
1577 4933 1603 4994 (⁴5
1621 4935 1651 4983 E.
1668 4934 1788 4985 dulciter.
