4842 6642
801 888 938 943 caurus
964 888 1121 945 nuoruus
1145 890 1328 946 seramus.
1578 878 1649 946 197

476 1031 578 1126 idest,
605 1030 706 1107 initia
732 1038 954 1129 magnorum
980 1034 1163 1109 laetorum
1189 1035 1334 1130 publice
1354 1037 1595 1132 apparebunt,
1611 1038 1651 1109 in

476 1172 550 1227 noa
568 1172 683 1227 ctrrrrrw
695 1155 730 1227 d’
742 1160 904 1246 crocata,
920 1150 967 1229 od
984 1156 1018 1227 d'
1032 1158 1179 1248 affatui.
1201 1156 1246 1229 Et
1267 1174 1356 1231 vere
1375 1162 1486 1232 autor
1502 1156 1540 1229 in
1557 1156 1651 1231 duo-

476 1273 546 1349 bus
571 1274 694 1349 verbis
719 1274 880 1351 breviter
905 1276 1041 1373 colligit
1065 1275 1152 1372 duo,
1173 1298 1258 1371 quae
1276 1276 1514 1353 reddiderunt
1531 1277 1650 1351 borni-

478 1416 563 1471 nem
581 1396 691 1470 istum
709 1396 924 1493 gloriosum,
938 1396 1086 1492 scilicet,
1099 1398 1369 1495 magnificentia
1382 1398 1419 1473 in
1432 1397 1649 1492 sumptibus,

478 1522 516 1592 el
539 1515 694 1591 audacia
720 1516 758 1590 in
782 1516 897 1611 bello;
928 1537 1013 1611 quae
1038 1517 1113 1592 duo
1138 1518 1306 1595 iecerunt
1330 1519 1489 1593 famosos
1516 1518 1651 1593 multos

477 1634 644 1711 dominos
669 1636 827 1731 vitiosos,
854 1657 1016 1730 quorum
1042 1637 1183 1732 aliquos
1210 1658 1281 1735 ego
1312 1638 1414 1713 novi:
1448 1637 1531 1714 vide
1560 1658 1651 1734 ergo
1771 1630 1777 1643 “

478 1778 591 1852 quam
623 1756 922 1832 commendabilis
955 1764 1012 1833 est
1045 1759 1162 1833 virtus
1195 1759 1431 1855 liberalitatis,
1463 1779 1548 1855 quae
1583 1759 1651 1833 ali-

479 1876 625 1970 quando
652 1876 740 1973 tegit
757 1875 1029 1953 multitudinem
1050 1878 1224 1953 vitiorum
1242 1879 1279 1954 in
1296 1880 1455 1954 bomine.
1478 1881 1540 1954 Est
1560 1901 1650 1976 ergo

477 1997 678 2092 sciendum,
705 1997 804 2092 quod
829 1998 896 2073 ista
922 1998 1039 2073 virtus
1064 1999 1235 2095 praelnxit
1255 2000 1292 2074 iu
1312 2000 1382 2076 isto
1402 2021 1529 2096 puero.
1556 2002 1648 2075 Nam

477 2118 565 2195 dum
593 2126 698 2216 pater
723 2120 803 2195 eius
827 2118 991 2194 duxisset
1016 2140 1104 2195 eum
1130 2122 1246 2196 semel
1270 2122 1318 2195 ad
1344 2120 1542 2196 videndum
1568 2140 1651 2194 ma-

477 2240 591 2336 gnum
618 2242 848 2333 thesaurum,
874 2240 942 2315 iste
966 2239 1061 2315 illico
1093 2242 1222 2317 levatis
1256 2240 1384 2337 pannis
1414 2239 1510 2314 misit
1538 2259 1651 2334 super

477 2380 583 2455 eum,
610 2382 653 2435 ex
691 2380 766 2454 quo
801 2380 930 2435 omnes
964 2367 1169 2456 spectantes
1196 2362 1460 2459 judicaverunt
1493 2361 1540 2435 de
1569 2360 1650 2435 eins

476 2479 601 2555 lutura
644 2480 892 2555 munificentia
931 2501 998 2577 per
1034 2482 1145 2555 istum
1184 2488 1437 2578 contemptum
1477 2481 1650 2578 pecunia·

477 2622 564 2675 rum
582 2608 649 2677 etc.
661 2602 705 2674 Et
717 2602 788 2675 boc
803 2599 884 2676 dico
903 2601 991 2676 erit:
1001 2605 1088 2695 prio
1104 2606 1164 2676 cte
1180 2604 1206 2676 ’l
1223 2606 1374 2694 Gausco,
1391 2602 1538 2697 scilicet,
1557 2620 1650 2697 papa

477 2722 646 2797 Clemens
670 2722 717 2796 de
740 2722 929 2817 vasconia,
954 2725 1103 2814 inponat
1127 2726 1235 2797 rara
1259 2727 1408 2816 ampo,
1434 2723 1536 2817 idest,
1568 2744 1649 2797 ma·

477 2842 694 2941 gnanimum
720 2841 920 2918 llenricum
951 2842 1214 2939 imperatorem
1238 2842 1285 2918 de
1310 2843 1570 2939 Lucimburgo.
1596 2843 1652 2917 De

478 2964 546 3039 ista
578 2962 792 3058 deceptione
823 2962 965 3037 dicetur
997 2962 1091 3037 inira
1124 2962 1284 3058 capitulo
1308 2964 1420 3035 XXX.
1454 2964 1498 3035 Et
1528 2961 1651 3037 subdit

479 3080 808 3159 manifestationem
836 3102 980 3181 magnae
997 3082 1222 3158 liberalitatis
1242 3082 1353 3157 buius
1370 3083 1488 3177 Canis,
1505 3084 1649 3158 dicens:

477 3210 509 3281 lc
531 3227 592 3280 sue
621 3207 882 3297 moyoificenze,
916 3203 1184 3301 magnificentia
1218 3203 1316 3278 enim
1348 3209 1403 3278 est
1434 3204 1581 3299 proprie
1613 3204 1651 3278 in

477 3326 620 3424 magnis
644 3324 862 3420 sumptibus,
878 3344 1039 3397 suranae
1065 3344 1202 3397 ancora
1223 3326 1430 3416 conoscime,
1447 3324 1547 3419 quod
1564 3344 1651 3419 pro·

476 3447 551 3541 bat,
575 3445 716 3521 dicensz
741 3438 786 3537 si,
811 3448 871 3519 cte
894 3448 909 3519 i
931 3447 1009 3519 suoi
1032 3446 1156 3519 nemci
1179 3466 1253 3518 oon
1276 3466 1321 3517 nc
1339 3451 1474 3538 petron
1499 3451 1595 3517 macr
1620 3449 1651 3519 lc

477 3570 592 3659 linoae
616 3572 716 3640 mab.
743 3566 828 3641 llaec
854 3571 910 3664 cst
934 3565 1033 3640 enim
1060 3566 1263 3662 proprietas
1289 3566 1445 3659 virtutis,
1464 3585 1549 3659 quae
1565 3565 1650 3640 red·

477 3687 528 3762 dit
552 3686 748 3762 amabilem
774 3686 886 3761 etiam
911 3685 1092 3780 odiosum,
1110 3693 1147 3761 et
1167 3685 1389 3762 laudabilem
1415 3706 1490 3761 non
1515 3687 1647 3761 visum.

453 3830 456 3837 ’
477 3813 569 3881 -Α
596 3809 654 3881 lui.
680 3806 745 3882 llic
770 3806 1011 3904 Cacciaguida
1037 3805 1216 3901 promittit
1240 3826 1343 3901 spem
1360 3806 1482 3882 autori
1499 3806 1536 3881 in
1552 3805 1649 3882 dicto

478 3928 577 4003 Cane
601 3926 748 4021 Grandi,
773 3926 915 4001 dicens:
942 3932 972 4000 A
1003 3928 1052 3999 lui
1081 3928 1104 4000 t
1117 3932 1252 4019 ospello
1280 3932 1313 4000 ct
1341 3928 1466 4000 asom
1488 3926 1649 4021 baetti,

478 4066 564 4121 nam
590 4046 637 4122 de
663 4046 716 4123 rei
735 4047 897 4121 ueritate
921 4044 989 4121 iste
1014 4044 1121 4121 Canis
1147 4046 1308 4119 multum
1330 4046 1523 4121 bonoravit
1539 4054 1649 4122 auto·

479 4186 571 4261 rem,
596 4165 716 4241 dando
741 4166 807 4241 sibi
832 4165 1079 4262 provisionem
1097 4186 1218 4261 snam,
1235 4172 1274 4241 et
1290 4164 1326 4239 in
1343 4165 1469 4240 multis
1486 4166 1649 4261 compla-

477 4286 594 4363 cendo
614 4286 699 4381 sibi,
716 4286 798 4361 ideo
818 4292 929 4361 autor
953 4306 1027 4361 uon
1044 4285 1244 4361 immemor
1259 4283 1536 4380 beneficiorum,
1554 4286 1649 4362 bene

478 4406 594 4482 reddit
619 4407 685 4482 sibi
704 4406 914 4482 mercedem
931 4427 1038 4481 suam
1057 4414 1094 4481 et
1111 4408 1209 4482 ultra
1224 4406 1402 4502 debitum,
1420 4407 1514 4482 sicut
1535 4408 1646 4483 vides.

475 4528 519 4601 Et
543 4527 682 4602 subdit:
705 4549 773 4621 per
797 4530 847 4602 lui
867 4530 919 4623 fio
943 4533 1152 4603 trasmutotc
1177 4530 1285 4601 mollo
1307 4536 1420 4620 pente,
1447 4528 1535 4622 quia
1558 4529 1649 4605 alios

476 4648 649 4725 exaltavit
662 4641 712 4743 ξ’),
737 4648 827 4725 alios
852 4647 1074 4743 humiliavit3
1101 4648 1183 4723 ideo
1207 4640 1311 4722 dicit:
1329 4649 1539 4723 cambiendo
1563 4671 1650 4724 con-

476 4771 598 4844 dizion
622 4771 730 4843 vicolo
753 4792 772 4843 e
797 4771 967 4863 memini,
988 4768 1074 4863 quia
1099 4768 1211 4863 aliqui
1236 4768 1366 4844 divites
1387 4771 1649 4865 pauperabun⁴

540 5037 568 5099 ρ)
582 5032 614 5083 Ε.
629 5028 759 5090 exaltabit,
775 5028 839 5079 alios
854 5028 1008 5081 humiliabit.
