<?xml version="1.0" encoding="UTF-8"?>
<!DOCTYPE html PUBLIC "-//W3C//DTD XHTML 1.0 Transitional//EN"
    "http://www.w3.org/TR/xhtml1/DTD/xhtml1-transitional.dtd">
<html xmlns="http://www.w3.org/1999/xhtml" xml:lang="en" lang="en">
 <head>
  <title>
</title>
<meta http-equiv="Content-Type" content="text/html;charset=utf-8" />
  <meta name='ocr-system' content='tesseract 3.04.00' />
  <meta name='ocr-capabilities' content='ocr_page ocr_carea ocr_par ocr_line ocrx_word'/>
</head>
<body>
  <div class='ocr_page' id='page_1' title='image "./comentumsuperda02benvgoog_0419.png"; bbox 0 0 4842 6642; ppageno 0'>
   <div class='ocr_carea' id='block_1_1' title="bbox 764 795 1628 862">
    <p class='ocr_par' dir='ltr' id='par_1_1' title="bbox 764 795 1628 862">
     <span class='ocr_line' id='line_1_1' title="bbox 764 795 1628 862; baseline 0.006 -5"><span class='ocrx_word' id='word_1_1' title='bbox 764 802 905 859; x_wconf 75' lang='lat' dir='ltr'><strong>murus</strong></span> <span class='ocrx_word' id='word_1_2' title='bbox 929 804 1120 859; x_wconf 80' lang='lat' dir='ltr'><strong>muusruus</strong></span> <span class='ocrx_word' id='word_1_3' title='bbox 1144 805 1326 861; x_wconf 78' lang='lat' dir='ltr'><strong>summus.</strong></span> <span class='ocrx_word' id='word_1_4' title='bbox 1560 795 1628 862; x_wconf 83' lang='lat' dir='ltr'><strong>to1</strong></span> 
     </span>
    </p>
   </div>
   <div class='ocr_carea' id='block_1_2' title="bbox 446 947 1631 4663">
    <p class='ocr_par' dir='ltr' id='par_1_2' title="bbox 446 947 1631 4663">
     <span class='ocr_line' id='line_1_2' title="bbox 455 947 1631 1045; baseline 0.003 -23"><span class='ocrx_word' id='word_1_5' title='bbox 455 947 686 1045; x_wconf 76' lang='lat' dir='ltr'><strong>indignanter</strong></span> <span class='ocrx_word' id='word_1_6' title='bbox 703 955 740 1023; x_wconf 89' lang='lat' dir='ltr'><strong>et</strong></span> <span class='ocrx_word' id='word_1_7' title='bbox 756 948 923 1023; x_wconf 82' lang='lat' dir='ltr'><strong>dolenter</strong></span> <span class='ocrx_word' id='word_1_8' title='bbox 946 950 1140 1044; x_wconf 77' lang='lat' dir='ltr'><strong>exclamat,</strong></span> <span class='ocrx_word' id='word_1_9' title='bbox 1158 949 1302 1025; x_wconf 88' lang='lat' dir='ltr'><strong>dicens:</strong></span> <span class='ocrx_word' id='word_1_10' title='bbox 1329 956 1360 1025; x_wconf 91' lang='lat'><em>0</em></span> <span class='ocrx_word' id='word_1_11' title='bbox 1377 954 1553 1045; x_wconf 81' lang='lat' dir='ltr'><strong>cupidipia</strong></span> <span class='ocrx_word' id='word_1_12' title='bbox 1569 957 1631 1027; x_wconf 84' lang='lat' dir='ltr'><strong>cte</strong></span> 
     </span>
     <span class='ocr_line' id='line_1_3' title="bbox 455 1065 1625 1170; baseline 0.004 -27"><span class='ocrx_word' id='word_1_13' title='bbox 455 1072 598 1164; x_wconf 70' lang='lat' dir='ltr'><strong>alserada</strong></span> <span class='ocrx_word' id='word_1_14' title='bbox 621 1072 635 1142; x_wconf 86' lang='lat' dir='ltr'><strong>i</strong></span> <span class='ocrx_word' id='word_1_15' title='bbox 659 1072 814 1164; x_wconf 80' lang='lat' dir='ltr'><strong>ctortuli,</strong></span> <span class='ocrx_word' id='word_1_16' title='bbox 843 1069 946 1165; x_wconf 89' lang='lat' dir='ltr'><strong>idest,</strong></span> <span class='ocrx_word' id='word_1_17' title='bbox 973 1090 1057 1165; x_wconf 83' lang='lat' dir='ltr'><strong>quae</strong></span> <span class='ocrx_word' id='word_1_18' title='bbox 1075 1071 1212 1169; x_wconf 84' lang='lat' dir='ltr'><strong>mergis</strong></span> <span class='ocrx_word' id='word_1_19' title='bbox 1229 1073 1409 1169; x_wconf 86' lang='lat' dir='ltr'><strong>homines,</strong></span> <span class='ocrx_word' id='word_1_20' title='bbox 1426 1065 1457 1147; x_wconf 84' lang='lat' dir='ltr'><strong>si</strong></span> <span class='ocrx_word' id='word_1_21' title='bbox 1475 1081 1565 1147; x_wconf 84' lang='lat' dir='ltr'><strong>sotto</strong></span> <span class='ocrx_word' id='word_1_22' title='bbox 1582 1081 1625 1170; x_wconf 85' lang='lat' dir='ltr'><strong>te,</strong></span> 
     </span>
     <span class='ocr_line' id='line_1_4' title="bbox 454 1191 1629 1289; baseline 0.001 -22"><span class='ocrx_word' id='word_1_23' title='bbox 454 1197 557 1267; x_wconf 90' lang='lat' dir='ltr'><strong>tenes</strong></span> <span class='ocrx_word' id='word_1_24' title='bbox 582 1211 646 1267; x_wconf 90' lang='lat' dir='ltr'><strong>eos</strong></span> <span class='ocrx_word' id='word_1_25' title='bbox 671 1191 801 1289; x_wconf 84' lang='lat' dir='ltr'><strong>ligatos</strong></span> <span class='ocrx_word' id='word_1_26' title='bbox 822 1191 1005 1288; x_wconf 85' lang='lat' dir='ltr'><strong>subjugo</strong></span> <span class='ocrx_word' id='word_1_27' title='bbox 1032 1198 1107 1267; x_wconf 80' lang='lat' dir='ltr'><strong>tuae</strong></span> <span class='ocrx_word' id='word_1_28' title='bbox 1123 1192 1322 1288; x_wconf 90' lang='lat' dir='ltr'><strong>potestatis,</strong></span> <span class='ocrx_word' id='word_1_29' title='bbox 1339 1196 1400 1267; x_wconf 83' lang='lat' dir='ltr'><strong>otc</strong></span> <span class='ocrx_word' id='word_1_30' title='bbox 1415 1215 1564 1268; x_wconf 81' lang='lat' dir='ltr'><strong>nessuno</strong></span> <span class='ocrx_word' id='word_1_31' title='bbox 1580 1197 1629 1268; x_wconf 82' lang='lat' dir='ltr'><strong>tu</strong></span> 
     </span>
     <span class='ocr_line' id='line_1_5' title="bbox 450 1312 1630 1410; baseline 0.005 -25"><span class='ocrx_word' id='word_1_32' title='bbox 450 1314 594 1405; x_wconf 82' lang='lat' dir='ltr'><strong>podere,</strong></span> <span class='ocrx_word' id='word_1_33' title='bbox 620 1312 722 1407; x_wconf 84' lang='lat' dir='ltr'><strong>idest,</strong></span> <span class='ocrx_word' id='word_1_34' title='bbox 749 1312 857 1409; x_wconf 85' lang='lat' dir='ltr'><strong>pauci</strong></span> <span class='ocrx_word' id='word_1_35' title='bbox 883 1313 1019 1389; x_wconf 88' lang='lat' dir='ltr'><strong>habent</strong></span> <span class='ocrx_word' id='word_1_36' title='bbox 1043 1313 1255 1389; x_wconf 81' lang='lat' dir='ltr'><strong>facultatem</strong></span> <span class='ocrx_word' id='word_1_37' title='bbox 1288 1320 1324 1389; x_wconf 92' lang='lat' dir='ltr'><strong>et</strong></span> <span class='ocrx_word' id='word_1_38' title='bbox 1354 1316 1566 1410; x_wconf 89' lang='lat' dir='ltr'><strong>potentiam,</strong></span> <span class='ocrx_word' id='word_1_39' title='bbox 1591 1319 1630 1391; x_wconf 87' lang='lat' dir='ltr'><strong>di</strong></span> 
     </span>
     <span class='ocr_line' id='line_1_6' title="bbox 455 1432 1625 1527; baseline 0.005 -23"><span class='ocrx_word' id='word_1_40' title='bbox 455 1438 574 1505; x_wconf 73' lang='lat' dir='ltr'><strong>turre</strong></span> <span class='ocrx_word' id='word_1_41' title='bbox 589 1435 640 1524; x_wconf 81' lang='lat' dir='ltr'><strong>pli</strong></span> <span class='ocrx_word' id='word_1_42' title='bbox 655 1434 763 1523; x_wconf 82' lang='lat' dir='ltr'><strong>ocati,</strong></span> <span class='ocrx_word' id='word_1_43' title='bbox 783 1432 886 1527; x_wconf 88' lang='lat' dir='ltr'><strong>idest,</strong></span> <span class='ocrx_word' id='word_1_44' title='bbox 910 1433 1089 1509; x_wconf 89' lang='lat' dir='ltr'><strong>rationem</strong></span> <span class='ocrx_word' id='word_1_45' title='bbox 1116 1440 1153 1509; x_wconf 90' lang='lat' dir='ltr'><strong>et</strong></span> <span class='ocrx_word' id='word_1_46' title='bbox 1177 1433 1404 1509; x_wconf 85' lang='lat' dir='ltr'><strong>intellectum</strong></span> <span class='ocrx_word' id='word_1_47' title='bbox 1430 1434 1479 1509; x_wconf 82' lang='lat' dir='ltr'><strong>ita</strong></span> <span class='ocrx_word' id='word_1_48' title='bbox 1504 1436 1625 1510; x_wconf 82' lang='lat' dir='ltr'><strong>aliun-</strong></span> 
     </span>
     <span class='ocr_line' id='line_1_7' title="bbox 454 1553 1629 1649; baseline 0.001 -21"><span class='ocrx_word' id='word_1_49' title='bbox 454 1553 569 1649; x_wconf 83' lang='lat' dir='ltr'><strong>datos,</strong></span> <span class='ocrx_word' id='word_1_50' title='bbox 587 1557 671 1647; x_wconf 76' lang='lat' dir='ltr'><strong>faor</strong></span> <span class='ocrx_word' id='word_1_51' title='bbox 686 1555 773 1628; x_wconf 81' lang='lat' dir='ltr'><strong>delle</strong></span> <span class='ocrx_word' id='word_1_52' title='bbox 797 1561 852 1627; x_wconf 86' lang='lat' dir='ltr'><strong>tue</strong></span> <span class='ocrx_word' id='word_1_53' title='bbox 877 1556 989 1627; x_wconf 86' lang='lat' dir='ltr'><strong>ende!</strong></span> <span class='ocrx_word' id='word_1_54' title='bbox 1007 1553 1109 1647; x_wconf 81' lang='lat' dir='ltr'><strong>idest,</strong></span> <span class='ocrx_word' id='word_1_55' title='bbox 1129 1559 1236 1629; x_wconf 82' lang='lat' dir='ltr'><strong>extra</strong></span> <span class='ocrx_word' id='word_1_56' title='bbox 1258 1561 1343 1631; x_wconf 84' lang='lat' dir='ltr'><strong>tuas</strong></span> <span class='ocrx_word' id='word_1_57' title='bbox 1363 1555 1563 1632; x_wconf 82' lang='lat' dir='ltr'><strong>illecebras.</strong></span> <span class='ocrx_word' id='word_1_58' title='bbox 1579 1598 1629 1611; x_wconf 92' lang='lat'>-</span> 
     </span>
     <span class='ocr_line' id='line_1_8' title="bbox 456 1673 1627 1772; baseline 0.003 -25"><span class='ocrx_word' id='word_1_59' title='bbox 456 1679 530 1748; x_wconf 84' lang='lat' dir='ltr'><strong>Ben</strong></span> <span class='ocrx_word' id='word_1_60' title='bbox 551 1676 699 1766; x_wconf 72' lang='lat' dir='ltr'><strong>fimisoe.</strong></span> <span class='ocrx_word' id='word_1_61' title='bbox 727 1674 791 1748; x_wconf 89' lang='lat' dir='ltr'><strong>Hic</strong></span> <span class='ocrx_word' id='word_1_62' title='bbox 824 1680 932 1749; x_wconf 91' lang='lat' dir='ltr'><strong>autor</strong></span> <span class='ocrx_word' id='word_1_63' title='bbox 962 1673 1118 1749; x_wconf 86' lang='lat' dir='ltr'><strong>ostendit</strong></span> <span class='ocrx_word' id='word_1_64' title='bbox 1147 1675 1333 1768; x_wconf 90' lang='lat' dir='ltr'><strong>quomodo</strong></span> <span class='ocrx_word' id='word_1_65' title='bbox 1364 1677 1531 1753; x_wconf 89' lang='lat' dir='ltr'><strong>homines</strong></span> <span class='ocrx_word' id='word_1_66' title='bbox 1563 1678 1627 1772; x_wconf 88' lang='lat' dir='ltr'><strong>qui</strong></span> 
     </span>
     <span class='ocr_line' id='line_1_9' title="bbox 455 1792 1625 1893; baseline 0.002 -24"><span class='ocrx_word' id='word_1_67' title='bbox 455 1792 625 1869; x_wconf 83' lang='lat' dir='ltr'><strong>ridentur</strong></span> <span class='ocrx_word' id='word_1_68' title='bbox 645 1794 682 1868; x_wconf 93' lang='lat' dir='ltr'><strong>in</strong></span> <span class='ocrx_word' id='word_1_69' title='bbox 699 1794 855 1890; x_wconf 89' lang='lat' dir='ltr'><strong>pueritia</strong></span> <span class='ocrx_word' id='word_1_70' title='bbox 873 1793 957 1868; x_wconf 91' lang='lat' dir='ltr'><strong>boni</strong></span> <span class='ocrx_word' id='word_1_71' title='bbox 976 1793 1129 1869; x_wconf 81' lang='lat' dir='ltr'><strong>faciliter</strong></span> <span class='ocrx_word' id='word_1_72' title='bbox 1149 1794 1401 1890; x_wconf 88' lang='lat' dir='ltr'><strong>depravantur</strong></span> <span class='ocrx_word' id='word_1_73' title='bbox 1425 1818 1492 1893; x_wconf 92' lang='lat' dir='ltr'><strong>per</strong></span> <span class='ocrx_word' id='word_1_74' title='bbox 1513 1819 1625 1873; x_wconf 91' lang='lat' dir='ltr'><strong>unam</strong></span> 
     </span>
     <span class='ocr_line' id='line_1_10' title="bbox 455 1914 1623 2011; baseline 0.002 -22"><span class='ocrx_word' id='word_1_75' title='bbox 455 1914 766 2009; x_wconf 77' lang='lat' dir='ltr'><strong>comparationem</strong></span> <span class='ocrx_word' id='word_1_76' title='bbox 785 1914 994 1990; x_wconf 88' lang='lat' dir='ltr'><strong>naturalem</strong></span> <span class='ocrx_word' id='word_1_77' title='bbox 1012 1920 1049 1989; x_wconf 92' lang='lat' dir='ltr'><strong>et</strong></span> <span class='ocrx_word' id='word_1_78' title='bbox 1069 1916 1267 2010; x_wconf 89' lang='lat' dir='ltr'><strong>propriam,</strong></span> <span class='ocrx_word' id='word_1_79' title='bbox 1289 1939 1374 2011; x_wconf 86' lang='lat' dir='ltr'><strong>quae</strong></span> <span class='ocrx_word' id='word_1_80' title='bbox 1391 1924 1461 1993; x_wconf 89' lang='lat' dir='ltr'><strong>stat</strong></span> <span class='ocrx_word' id='word_1_81' title='bbox 1479 1918 1515 1992; x_wconf 93' lang='lat' dir='ltr'><strong>in</strong></span> <span class='ocrx_word' id='word_1_82' title='bbox 1533 1920 1623 1993; x_wconf 89' lang='lat' dir='ltr'><strong>hoc:</strong></span> 
     </span>
     <span class='ocr_line' id='line_1_11' title="bbox 454 2034 1624 2130; baseline 0.003 -21"><span class='ocrx_word' id='word_1_83' title='bbox 454 2036 526 2111; x_wconf 86' lang='lat' dir='ltr'><strong>Nos</strong></span> <span class='ocrx_word' id='word_1_84' title='bbox 539 2035 706 2110; x_wconf 84' lang='lat' dir='ltr'><strong>videmus</strong></span> <span class='ocrx_word' id='word_1_85' title='bbox 719 2034 765 2110; x_wconf 92' lang='lat' dir='ltr'><strong>de</strong></span> <span class='ocrx_word' id='word_1_86' title='bbox 781 2034 877 2110; x_wconf 89' lang='lat' dir='ltr'><strong>iacto</strong></span> <span class='ocrx_word' id='word_1_87' title='bbox 895 2034 993 2129; x_wconf 90' lang='lat' dir='ltr'><strong>quod</strong></span> <span class='ocrx_word' id='word_1_88' title='bbox 1011 2035 1119 2130; x_wconf 93' lang='lat' dir='ltr'><strong>pruni</strong></span> <span class='ocrx_word' id='word_1_89' title='bbox 1133 2035 1170 2109; x_wconf 93' lang='lat' dir='ltr'><strong>in</strong></span> <span class='ocrx_word' id='word_1_90' title='bbox 1183 2056 1274 2112; x_wconf 81' lang='lat' dir='ltr'><strong>vere</strong></span> <span class='ocrx_word' id='word_1_91' title='bbox 1286 2036 1475 2113; x_wconf 88' lang='lat' dir='ltr'><strong>adducunt</strong></span> <span class='ocrx_word' id='word_1_92' title='bbox 1489 2039 1624 2113; x_wconf 90' lang='lat' dir='ltr'><strong>multos</strong></span> 
     </span>
     <span class='ocr_line' id='line_1_12' title="bbox 454 2155 1625 2251; baseline 0.003 -20"><span class='ocrx_word' id='word_1_93' title='bbox 454 2158 563 2233; x_wconf 87' lang='lat' dir='ltr'><strong>dores</strong></span> <span class='ocrx_word' id='word_1_94' title='bbox 589 2155 651 2251; x_wconf 92' lang='lat' dir='ltr'><strong>qui</strong></span> <span class='ocrx_word' id='word_1_95' title='bbox 677 2155 924 2251; x_wconf 88' lang='lat' dir='ltr'><strong>producerent</strong></span> <span class='ocrx_word' id='word_1_96' title='bbox 950 2156 1066 2229; x_wconf 84' lang='lat' dir='ltr'><strong>mulia</strong></span> <span class='ocrx_word' id='word_1_97' title='bbox 1092 2177 1211 2250; x_wconf 89' lang='lat' dir='ltr'><strong>pruna</strong></span> <span class='ocrx_word' id='word_1_98' title='bbox 1236 2158 1333 2232; x_wconf 89' lang='lat' dir='ltr'><strong>bona</strong></span> <span class='ocrx_word' id='word_1_99' title='bbox 1360 2158 1427 2233; x_wconf 89' lang='lat' dir='ltr'><strong>nisi</strong></span> <span class='ocrx_word' id='word_1_100' title='bbox 1452 2179 1625 2234; x_wconf 90' lang='lat' dir='ltr'><strong>corrum-</strong></span> 
     </span>
     <span class='ocr_line' id='line_1_13' title="bbox 456 2275 1625 2375; baseline 0.003 -23"><span class='ocrx_word' id='word_1_101' title='bbox 456 2284 632 2375; x_wconf 89' lang='lat' dir='ltr'><strong>perentur</strong></span> <span class='ocrx_word' id='word_1_102' title='bbox 649 2298 672 2352; x_wconf 87' lang='lat' dir='ltr'><strong>n</strong></span> <span class='ocrx_word' id='word_1_103' title='bbox 688 2276 812 2372; x_wconf 86' lang='lat' dir='ltr'><strong>pluvia</strong></span> <span class='ocrx_word' id='word_1_104' title='bbox 825 2275 1011 2370; x_wconf 87' lang='lat' dir='ltr'><strong>continua,</strong></span> <span class='ocrx_word' id='word_1_105' title='bbox 1029 2297 1114 2371; x_wconf 86' lang='lat' dir='ltr'><strong>quae</strong></span> <span class='ocrx_word' id='word_1_106' title='bbox 1130 2278 1312 2352; x_wconf 88' lang='lat' dir='ltr'><strong>convertit</strong></span> <span class='ocrx_word' id='word_1_107' title='bbox 1327 2300 1447 2374; x_wconf 90' lang='lat' dir='ltr'><strong>pruna</strong></span> <span class='ocrx_word' id='word_1_108' title='bbox 1473 2300 1562 2355; x_wconf 83' lang='lat' dir='ltr'><strong>vera</strong></span> <span class='ocrx_word' id='word_1_109' title='bbox 1588 2280 1625 2355; x_wconf 94' lang='lat' dir='ltr'><strong>in</strong></span> 
     </span>
     <span class='ocr_line' id='line_1_14' title="bbox 456 2390 1625 2495; baseline 0.002 -21"><span class='ocrx_word' id='word_1_110' title='bbox 456 2419 574 2494; x_wconf 89' lang='lat' dir='ltr'><strong>pruna</strong></span> <span class='ocrx_word' id='word_1_111' title='bbox 600 2396 812 2493; x_wconf 81' lang='lat' dir='ltr'><strong>imperfecta</strong></span> <span class='ocrx_word' id='word_1_112' title='bbox 839 2398 946 2493; x_wconf 92' lang='lat' dir='ltr'><strong>plena</strong></span> <span class='ocrx_word' id='word_1_113' title='bbox 962 2396 1150 2473; x_wconf 82' lang='lat' dir='ltr'><strong>vermibus</strong></span> <span class='ocrx_word' id='word_1_114' title='bbox 1164 2390 1214 2492; x_wconf 84' lang='lat'><strong>(¹),</strong></span> <span class='ocrx_word' id='word_1_115' title='bbox 1236 2420 1320 2493; x_wconf 79' lang='lat' dir='ltr'><strong>quae</strong></span> <span class='ocrx_word' id='word_1_116' title='bbox 1338 2408 1463 2495; x_wconf 88' lang='lat' dir='ltr'><strong>postea</strong></span> <span class='ocrx_word' id='word_1_117' title='bbox 1480 2400 1625 2477; x_wconf 88' lang='lat' dir='ltr'><strong>damni·</strong></span> 
     </span>
     <span class='ocr_line' id='line_1_15' title="bbox 453 2517 1623 2614; baseline 0.001 -19"><span class='ocrx_word' id='word_1_118' title='bbox 453 2519 563 2597; x_wconf 87' lang='lat' dir='ltr'><strong>licant</strong></span> <span class='ocrx_word' id='word_1_119' title='bbox 588 2525 624 2594; x_wconf 88' lang='lat' dir='ltr'><strong>et</strong></span> <span class='ocrx_word' id='word_1_120' title='bbox 650 2517 785 2593; x_wconf 91' lang='lat' dir='ltr'><strong>rodunt</strong></span> <span class='ocrx_word' id='word_1_121' title='bbox 816 2539 890 2593; x_wconf 94' lang='lat' dir='ltr'><strong>non</strong></span> <span class='ocrx_word' id='word_1_122' title='bbox 924 2517 1044 2591; x_wconf 89' lang='lat' dir='ltr'><strong>sulum</strong></span> <span class='ocrx_word' id='word_1_123' title='bbox 1074 2517 1233 2614; x_wconf 85' lang='lat' dir='ltr'><strong>frondes,</strong></span> <span class='ocrx_word' id='word_1_124' title='bbox 1265 2519 1469 2597; x_wconf 89' lang='lat' dir='ltr'><strong>sedetiam</strong></span> <span class='ocrx_word' id='word_1_125' title='bbox 1504 2528 1623 2597; x_wconf 84' lang='lat' dir='ltr'><strong>totum</strong></span> 
     </span>
     <span class='ocr_line' id='line_1_16' title="bbox 454 2629 1623 2735; baseline 0.001 -19"><span class='ocrx_word' id='word_1_126' title='bbox 454 2640 640 2715; x_wconf 79' lang='lat' dir='ltr'><strong>novellum</strong></span> <span class='ocrx_word' id='word_1_127' title='bbox 654 2629 691 2730; x_wconf 84' lang='lat'><strong>(¹)</strong></span> <span class='ocrx_word' id='word_1_128' title='bbox 721 2637 836 2733; x_wconf 83' lang='lat' dir='ltr'><strong>rami3</strong></span> <span class='ocrx_word' id='word_1_129' title='bbox 862 2637 911 2713; x_wconf 88' lang='lat' dir='ltr'><strong>ita</strong></span> <span class='ocrx_word' id='word_1_130' title='bbox 936 2656 958 2710; x_wconf 86' lang='lat' dir='ltr'><strong>a</strong></span> <span class='ocrx_word' id='word_1_131' title='bbox 985 2636 1092 2711; x_wconf 92' lang='lat' dir='ltr'><strong>simili</strong></span> <span class='ocrx_word' id='word_1_132' title='bbox 1117 2638 1284 2714; x_wconf 88' lang='lat' dir='ltr'><strong>homines</strong></span> <span class='ocrx_word' id='word_1_133' title='bbox 1308 2638 1345 2714; x_wconf 92' lang='lat' dir='ltr'><strong>in</strong></span> <span class='ocrx_word' id='word_1_134' title='bbox 1371 2640 1490 2735; x_wconf 90' lang='lat' dir='ltr'><strong>prima</strong></span> <span class='ocrx_word' id='word_1_135' title='bbox 1516 2648 1623 2718; x_wconf 86' lang='lat' dir='ltr'><strong>aetate</strong></span> 
     </span>
     <span class='ocr_line' id='line_1_17' title="bbox 453 2758 1620 2858; baseline -0.001 -20"><span class='ocrx_word' id='word_1_136' title='bbox 453 2761 595 2838; x_wconf 82' lang='lat' dir='ltr'><strong>florenti</strong></span> <span class='ocrx_word' id='word_1_137' title='bbox 619 2759 816 2835; x_wconf 90' lang='lat' dir='ltr'><strong>ostendunt</strong></span> <span class='ocrx_word' id='word_1_138' title='bbox 837 2758 1096 2853; x_wconf 87' lang='lat' dir='ltr'><strong>innocentiam,</strong></span> <span class='ocrx_word' id='word_1_139' title='bbox 1117 2759 1326 2855; x_wconf 89' lang='lat' dir='ltr'><strong>puritatem,</strong></span> <span class='ocrx_word' id='word_1_140' title='bbox 1346 2762 1620 2858; x_wconf 86' lang='lat' dir='ltr'><strong>verecundiam,</strong></span> 
     </span>
     <span class='ocr_line' id='line_1_18' title="bbox 454 2878 1621 2977; baseline 0 -21"><span class='ocrx_word' id='word_1_141' title='bbox 454 2883 693 2973; x_wconf 86' lang='lat' dir='ltr'><strong>honestatem,</strong></span> <span class='ocrx_word' id='word_1_142' title='bbox 729 2884 766 2954; x_wconf 89' lang='lat' dir='ltr'><strong>et</strong></span> <span class='ocrx_word' id='word_1_143' title='bbox 799 2885 1019 2953; x_wconf 86' lang='lat' dir='ltr'><strong>convertunt</strong></span> <span class='ocrx_word' id='word_1_144' title='bbox 1051 2878 1088 2955; x_wconf 91' lang='lat' dir='ltr'><strong>in</strong></span> <span class='ocrx_word' id='word_1_145' title='bbox 1118 2879 1307 2974; x_wconf 87' lang='lat' dir='ltr'><strong>malitiam,</strong></span> <span class='ocrx_word' id='word_1_146' title='bbox 1337 2881 1621 2977; x_wconf 88' lang='lat' dir='ltr'><strong>immunditiam,</strong></span> 
     </span>
     <span class='ocr_line' id='line_1_19' title="bbox 452 2998 1623 3096; baseline 0 -19"><span class='ocrx_word' id='word_1_147' title='bbox 452 3000 649 3095; x_wconf 86' lang='lat' dir='ltr'><strong>lasciviam,</strong></span> <span class='ocrx_word' id='word_1_148' title='bbox 667 2998 867 3093; x_wconf 85' lang='lat' dir='ltr'><strong>luxuriam,</strong></span> <span class='ocrx_word' id='word_1_149' title='bbox 889 2999 1148 3095; x_wconf 82' lang='lat' dir='ltr'><strong>petulantiam3</strong></span> <span class='ocrx_word' id='word_1_150' title='bbox 1175 3008 1213 3075; x_wconf 88' lang='lat' dir='ltr'><strong>et</strong></span> <span class='ocrx_word' id='word_1_151' title='bbox 1237 3001 1425 3096; x_wconf 90' lang='lat' dir='ltr'><strong>paullatim</strong></span> <span class='ocrx_word' id='word_1_152' title='bbox 1454 3023 1623 3079; x_wconf 86' lang='lat' dir='ltr'><strong>crescens</strong></span> 
     </span>
     <span class='ocr_line' id='line_1_20' title="bbox 451 3117 1623 3216; baseline 0.003 -20"><span class='ocrx_word' id='word_1_153' title='bbox 451 3121 562 3196; x_wconf 88' lang='lat' dir='ltr'><strong>inficit</strong></span> <span class='ocrx_word' id='word_1_154' title='bbox 599 3127 636 3196; x_wconf 89' lang='lat' dir='ltr'><strong>et</strong></span> <span class='ocrx_word' id='word_1_155' title='bbox 669 3117 798 3216; x_wconf 90' lang='lat' dir='ltr'><strong>polluit</strong></span> <span class='ocrx_word' id='word_1_156' title='bbox 834 3118 996 3195; x_wconf 88' lang='lat' dir='ltr'><strong>animam</strong></span> <span class='ocrx_word' id='word_1_157' title='bbox 1030 3126 1068 3195; x_wconf 90' lang='lat' dir='ltr'><strong>et</strong></span> <span class='ocrx_word' id='word_1_158' title='bbox 1097 3141 1242 3216; x_wconf 89' lang='lat' dir='ltr'><strong>corpus,</strong></span> <span class='ocrx_word' id='word_1_159' title='bbox 1273 3128 1311 3196; x_wconf 90' lang='lat' dir='ltr'><strong>et</strong></span> <span class='ocrx_word' id='word_1_160' title='bbox 1339 3121 1448 3197; x_wconf 88' lang='lat' dir='ltr'><strong>intert</strong></span> <span class='ocrx_word' id='word_1_161' title='bbox 1480 3122 1623 3199; x_wconf 88' lang='lat' dir='ltr'><strong>maiora</strong></span> 
     </span>
     <span class='ocr_line' id='line_1_21' title="bbox 451 3231 1623 3339; baseline 0.004 -24"><span class='ocrx_word' id='word_1_162' title='bbox 451 3241 585 3317; x_wconf 90' lang='lat' dir='ltr'><strong>damna</strong></span> <span class='ocrx_word' id='word_1_163' title='bbox 598 3231 636 3334; x_wconf 56' lang='grc' dir='ltr'><strong>(Β)</strong></span> <span class='ocrx_word' id='word_1_164' title='bbox 662 3238 812 3334; x_wconf 86' lang='lat' dir='ltr'><strong>homini,</strong></span> <span class='ocrx_word' id='word_1_165' title='bbox 837 3238 984 3335; x_wconf 87' lang='lat' dir='ltr'><strong>scilicet,</strong></span> <span class='ocrx_word' id='word_1_166' title='bbox 1011 3240 1193 3315; x_wconf 87' lang='lat' dir='ltr'><strong>atrociora</strong></span> <span class='ocrx_word' id='word_1_167' title='bbox 1219 3242 1359 3317; x_wconf 86' lang='lat' dir='ltr'><strong>scelera</strong></span> <span class='ocrx_word' id='word_1_168' title='bbox 1385 3249 1423 3319; x_wconf 88' lang='lat' dir='ltr'><strong>et</strong></span> <span class='ocrx_word' id='word_1_169' title='bbox 1447 3244 1623 3339; x_wconf 88' lang='lat' dir='ltr'><strong>iacinora,</strong></span> 
     </span>
     <span class='ocr_line' id='line_1_22' title="bbox 450 3359 1623 3458; baseline 0.003 -22"><span class='ocrx_word' id='word_1_170' title='bbox 450 3362 544 3439; x_wconf 88' lang='lat' dir='ltr'><strong>sicut</strong></span> <span class='ocrx_word' id='word_1_171' title='bbox 572 3361 746 3457; x_wconf 86' lang='lat' dir='ltr'><strong>praedam,</strong></span> <span class='ocrx_word' id='word_1_172' title='bbox 781 3380 945 3453; x_wconf 89' lang='lat' dir='ltr'><strong>usuram,</strong></span> <span class='ocrx_word' id='word_1_173' title='bbox 978 3359 1159 3456; x_wconf 80' lang='lat' dir='ltr'><strong>fraudem,</strong></span> <span class='ocrx_word' id='word_1_174' title='bbox 1194 3362 1449 3458; x_wconf 90' lang='lat' dir='ltr'><strong>proditionem,</strong></span> <span class='ocrx_word' id='word_1_175' title='bbox 1480 3370 1517 3439; x_wconf 90' lang='lat' dir='ltr'><strong>et</strong></span> <span class='ocrx_word' id='word_1_176' title='bbox 1545 3365 1623 3439; x_wconf 92' lang='lat' dir='ltr'><strong>sin-</strong></span> 
     </span>
     <span class='ocr_line' id='line_1_23' title="bbox 449 3480 1622 3580; baseline 0.003 -23"><span class='ocrx_word' id='word_1_177' title='bbox 449 3484 536 3580; x_wconf 81' lang='lat' dir='ltr'><strong>gula</strong></span> <span class='ocrx_word' id='word_1_178' title='bbox 562 3484 658 3557; x_wconf 88' lang='lat' dir='ltr'><strong>mala</strong></span> <span class='ocrx_word' id='word_1_179' title='bbox 685 3502 769 3576; x_wconf 86' lang='lat' dir='ltr'><strong>quae</strong></span> <span class='ocrx_word' id='word_1_180' title='bbox 793 3480 971 3576; x_wconf 91' lang='lat' dir='ltr'><strong>descripta</strong></span> <span class='ocrx_word' id='word_1_181' title='bbox 998 3486 1084 3555; x_wconf 91' lang='lat' dir='ltr'><strong>sunt</strong></span> <span class='ocrx_word' id='word_1_182' title='bbox 1112 3480 1279 3557; x_wconf 91' lang='lat' dir='ltr'><strong>distincte</strong></span> <span class='ocrx_word' id='word_1_183' title='bbox 1311 3483 1349 3557; x_wconf 93' lang='lat' dir='ltr'><strong>in</strong></span> <span class='ocrx_word' id='word_1_184' title='bbox 1378 3484 1472 3558; x_wconf 93' lang='lat' dir='ltr'><strong>libro</strong></span> <span class='ocrx_word' id='word_1_185' title='bbox 1500 3484 1622 3580; x_wconf 91' lang='lat' dir='ltr'><strong>primo</strong></span> 
     </span>
     <span class='ocr_line' id='line_1_24' title="bbox 448 3600 1623 3698; baseline 0.002 -21"><span class='ocrx_word' id='word_1_186' title='bbox 448 3602 592 3683; x_wconf 88' lang='lat' dir='ltr'><strong>Inlerni.</strong></span> <span class='ocrx_word' id='word_1_187' title='bbox 619 3603 724 3677; x_wconf 88' lang='lat' dir='ltr'><strong>Nunc</strong></span> <span class='ocrx_word' id='word_1_188' title='bbox 749 3621 840 3698; x_wconf 84' lang='lat' dir='ltr'><strong>ergo</strong></span> <span class='ocrx_word' id='word_1_189' title='bbox 870 3600 1097 3696; x_wconf 90' lang='lat' dir='ltr'><strong>perpendere</strong></span> <span class='ocrx_word' id='word_1_190' title='bbox 1127 3608 1230 3697; x_wconf 85' lang='lat' dir='ltr'><strong>potes</strong></span> <span class='ocrx_word' id='word_1_191' title='bbox 1261 3623 1374 3696; x_wconf 86' lang='lat' dir='ltr'><strong>quam</strong></span> <span class='ocrx_word' id='word_1_192' title='bbox 1405 3602 1546 3678; x_wconf 89' lang='lat' dir='ltr'><strong>subtilis</strong></span> <span class='ocrx_word' id='word_1_193' title='bbox 1576 3604 1623 3679; x_wconf 89' lang='lat' dir='ltr'><strong>sit</strong></span> 
     </span>
     <span class='ocr_line' id='line_1_25' title="bbox 449 3720 1618 3818; baseline 0.001 -20"><span class='ocrx_word' id='word_1_194' title='bbox 449 3724 516 3798; x_wconf 83' lang='lat' dir='ltr'><strong>ista</strong></span> <span class='ocrx_word' id='word_1_195' title='bbox 542 3722 780 3818; x_wconf 90' lang='lat' dir='ltr'><strong>comparatio,</strong></span> <span class='ocrx_word' id='word_1_196' title='bbox 802 3741 887 3817; x_wconf 79' lang='lat' dir='ltr'><strong>quae</strong></span> <span class='ocrx_word' id='word_1_197' title='bbox 904 3720 1026 3796; x_wconf 78' lang='lat' dir='ltr'><strong>forsan</strong></span> <span class='ocrx_word' id='word_1_198' title='bbox 1044 3720 1163 3817; x_wconf 90' lang='lat' dir='ltr'><strong>prima</strong></span> <span class='ocrx_word' id='word_1_199' title='bbox 1183 3722 1276 3797; x_wconf 90' lang='lat' dir='ltr'><strong>lacie</strong></span> <span class='ocrx_word' id='word_1_200' title='bbox 1295 3722 1396 3797; x_wconf 93' lang='lat' dir='ltr'><strong>rudis</strong></span> <span class='ocrx_word' id='word_1_201' title='bbox 1413 3723 1618 3799; x_wconf 82' lang='lat' dir='ltr'><strong>videbatur.</strong></span> 
     </span>
     <span class='ocr_line' id='line_1_26' title="bbox 449 3841 1619 3939; baseline 0 -19"><span class='ocrx_word' id='word_1_202' title='bbox 449 3847 553 3920; x_wconf 89' lang='lat' dir='ltr'><strong>Nunc</strong></span> <span class='ocrx_word' id='word_1_203' title='bbox 579 3844 661 3920; x_wconf 86' lang='lat' dir='ltr'><strong>vide</strong></span> <span class='ocrx_word' id='word_1_204' title='bbox 685 3842 849 3918; x_wconf 86' lang='lat' dir='ltr'><strong>literam:</strong></span> <span class='ocrx_word' id='word_1_205' title='bbox 877 3844 911 3917; x_wconf 85' lang='lat' dir='ltr'><strong>u</strong></span> <span class='ocrx_word' id='word_1_206' title='bbox 940 3844 1069 3933; x_wconf 74' lang='lat' dir='ltr'><strong>nubre,</strong></span> <span class='ocrx_word' id='word_1_207' title='bbox 1096 3841 1197 3937; x_wconf 89' lang='lat' dir='ltr'><strong>idest,</strong></span> <span class='ocrx_word' id='word_1_208' title='bbox 1224 3843 1320 3919; x_wconf 90' lang='lat' dir='ltr'><strong>bona</strong></span> <span class='ocrx_word' id='word_1_209' title='bbox 1346 3844 1527 3939; x_wconf 85' lang='lat' dir='ltr'><strong>voluntas,</strong></span> <span class='ocrx_word' id='word_1_210' title='bbox 1553 3846 1619 3920; x_wconf 79' lang='lat' dir='ltr'><strong>deu</strong></span> 
     </span>
     <span class='ocr_line' id='line_1_27' title="bbox 446 3962 1619 4061; baseline -0.001 -21"><span class='ocrx_word' id='word_1_211' title='bbox 446 3969 587 4061; x_wconf 68' lang='lat' dir='ltr'><strong>dorisco</strong></span> <span class='ocrx_word' id='word_1_212' title='bbox 611 3966 703 4056; x_wconf 80' lang='lat' dir='ltr'><strong>nepti</strong></span> <span class='ocrx_word' id='word_1_213' title='bbox 719 3965 863 4055; x_wconf 81' lang='lat' dir='ltr'><strong>nomini,</strong></span> <span class='ocrx_word' id='word_1_214' title='bbox 880 3962 944 4038; x_wconf 91' lang='lat' dir='ltr'><strong>sed</strong></span> <span class='ocrx_word' id='word_1_215' title='bbox 962 3983 1035 4037; x_wconf 92' lang='lat' dir='ltr'><strong>non</strong></span> <span class='ocrx_word' id='word_1_216' title='bbox 1062 3962 1161 4037; x_wconf 91' lang='lat' dir='ltr'><strong>venit</strong></span> <span class='ocrx_word' id='word_1_217' title='bbox 1176 3963 1223 4038; x_wconf 92' lang='lat' dir='ltr'><strong>ad</strong></span> <span class='ocrx_word' id='word_1_218' title='bbox 1240 3964 1417 4060; x_wconf 83' lang='lat' dir='ltr'><strong>fructum,</strong></span> <span class='ocrx_word' id='word_1_219' title='bbox 1435 3972 1478 4039; x_wconf 96' lang='lat' dir='ltr'><strong>ut</strong></span> <span class='ocrx_word' id='word_1_220' title='bbox 1497 3965 1619 4040; x_wconf 90' lang='lat' dir='ltr'><strong>statim</strong></span> 
     </span>
     <span class='ocr_line' id='line_1_28' title="bbox 448 4085 1622 4181; baseline -0.003 -19"><span class='ocrx_word' id='word_1_221' title='bbox 448 4086 550 4181; x_wconf 80' lang='lat' dir='ltr'><strong>dicit3</strong></span> <span class='ocrx_word' id='word_1_222' title='bbox 565 4106 625 4159; x_wconf 85' lang='lat' dir='ltr'><strong>ma</strong></span> <span class='ocrx_word' id='word_1_223' title='bbox 641 4088 679 4158; x_wconf 85' lang='lat' dir='ltr'><strong>tu</strong></span> <span class='ocrx_word' id='word_1_224' title='bbox 694 4087 840 4177; x_wconf 77' lang='lat' dir='ltr'><strong>pioppia</strong></span> <span class='ocrx_word' id='word_1_225' title='bbox 862 4086 1027 4157; x_wconf 76' lang='lat' dir='ltr'><strong>contnuo</strong></span> <span class='ocrx_word' id='word_1_226' title='bbox 1051 4091 1213 4159; x_wconf 68' lang='lat' dir='ltr'><strong>concute</strong></span> <span class='ocrx_word' id='word_1_227' title='bbox 1230 4086 1261 4160; x_wconf 87' lang='lat' dir='ltr'><strong>te</strong></span> <span class='ocrx_word' id='word_1_228' title='bbox 1281 4088 1396 4159; x_wconf 64' lang='lat' dir='ltr'><strong>suune</strong></span> <span class='ocrx_word' id='word_1_229' title='bbox 1418 4107 1512 4177; x_wconf 84' lang='lat' dir='ltr'><strong>vere,</strong></span> <span class='ocrx_word' id='word_1_230' title='bbox 1529 4085 1622 4161; x_wconf 90' lang='lat' dir='ltr'><strong>idest</strong></span> 
     </span>
     <span class='ocr_line' id='line_1_29' title="bbox 448 4190 1620 4304; baseline 0 -22"><span class='ocrx_word' id='word_1_231' title='bbox 448 4229 578 4304; x_wconf 93' lang='lat' dir='ltr'><strong>pruna,</strong></span> <span class='ocrx_word' id='word_1_232' title='bbox 591 4226 676 4301; x_wconf 86' lang='lat' dir='ltr'><strong>quae</strong></span> <span class='ocrx_word' id='word_1_233' title='bbox 685 4227 755 4301; x_wconf 91' lang='lat' dir='ltr'><strong>per</strong></span> <span class='ocrx_word' id='word_1_234' title='bbox 771 4226 812 4279; x_wconf 86' lang='lat' dir='ltr'><strong>se</strong></span> <span class='ocrx_word' id='word_1_235' title='bbox 828 4204 1046 4280; x_wconf 86' lang='lat' dir='ltr'><strong>videbantur</strong></span> <span class='ocrx_word' id='word_1_236' title='bbox 1059 4226 1148 4281; x_wconf 85' lang='lat' dir='ltr'><strong>vera</strong></span> <span class='ocrx_word' id='word_1_237' title='bbox 1166 4212 1389 4301; x_wconf 86' lang='lat' dir='ltr'><strong>perventura</strong></span> <span class='ocrx_word' id='word_1_238' title='bbox 1402 4208 1449 4283; x_wconf 89' lang='lat' dir='ltr'><strong>ad</strong></span> <span class='ocrx_word' id='word_1_239' title='bbox 1463 4190 1620 4283; x_wconf 89' lang='lat' dir='ltr'><strong>maturi-</strong></span> 
     </span>
     <span class='ocr_line' id='line_1_30' title="bbox 447 4324 1619 4424; baseline 0.001 -22"><span class='ocrx_word' id='word_1_240' title='bbox 447 4335 560 4403; x_wconf 87' lang='lat' dir='ltr'><strong>tatem</strong></span> <span class='ocrx_word' id='word_1_241' title='bbox 575 4333 612 4403; x_wconf 90' lang='lat' dir='ltr'><strong>et</strong></span> <span class='ocrx_word' id='word_1_242' title='bbox 625 4326 826 4421; x_wconf 89' lang='lat' dir='ltr'><strong>perlectum</strong></span> <span class='ocrx_word' id='word_1_243' title='bbox 838 4324 1010 4419; x_wconf 88' lang='lat' dir='ltr'><strong>lructum,</strong></span> <span class='ocrx_word' id='word_1_244' title='bbox 1019 4329 1056 4399; x_wconf 85' lang='lat' dir='ltr'><strong>iu</strong></span> <span class='ocrx_word' id='word_1_245' title='bbox 1070 4326 1330 4419; x_wconf 80' lang='lat' dir='ltr'><strong>tozzocctioai,</strong></span> <span class='ocrx_word' id='word_1_246' title='bbox 1340 4326 1442 4423; x_wconf 82' lang='lat' dir='ltr'><strong>idest,</strong></span> <span class='ocrx_word' id='word_1_247' title='bbox 1453 4328 1490 4403; x_wconf 94' lang='lat' dir='ltr'><strong>in</strong></span> <span class='ocrx_word' id='word_1_248' title='bbox 1499 4350 1619 4424; x_wconf 89' lang='lat' dir='ltr'><strong>pruna</strong></span> 
     </span>
     <span class='ocr_line' id='line_1_31' title="bbox 447 4445 1620 4541; baseline -0.002 -17"><span class='ocrx_word' id='word_1_249' title='bbox 447 4449 680 4524; x_wconf 81' lang='lat' dir='ltr'><strong>destructae</strong></span> <span class='ocrx_word' id='word_1_250' title='bbox 705 4445 841 4541; x_wconf 84' lang='lat' dir='ltr'><strong>pluvia,</strong></span> <span class='ocrx_word' id='word_1_251' title='bbox 867 4467 950 4540; x_wconf 87' lang='lat' dir='ltr'><strong>quae</strong></span> <span class='ocrx_word' id='word_1_252' title='bbox 976 4445 1027 4521; x_wconf 89' lang='lat' dir='ltr'><strong>sic</strong></span> <span class='ocrx_word' id='word_1_253' title='bbox 1047 4454 1227 4521; x_wconf 85' lang='lat' dir='ltr'><strong>vocantur</strong></span> <span class='ocrx_word' id='word_1_254' title='bbox 1252 4447 1289 4521; x_wconf 92' lang='lat' dir='ltr'><strong>in</strong></span> <span class='ocrx_word' id='word_1_255' title='bbox 1314 4447 1454 4523; x_wconf 84' lang='lat' dir='ltr'><strong>Tuscia.</strong></span> <span class='ocrx_word' id='word_1_256' title='bbox 1482 4449 1525 4522; x_wconf 85' lang='lat' dir='ltr'><strong>Et</strong></span> <span class='ocrx_word' id='word_1_257' title='bbox 1553 4448 1620 4523; x_wconf 92' lang='lat' dir='ltr'><strong>de-</strong></span> 
     </span>
     <span class='ocr_line' id='line_1_32' title="bbox 447 4566 1618 4663; baseline -0.003 -17"><span class='ocrx_word' id='word_1_258' title='bbox 447 4572 591 4646; x_wconf 85' lang='lat' dir='ltr'><strong>clarans</strong></span> <span class='ocrx_word' id='word_1_259' title='bbox 616 4566 716 4663; x_wconf 88' lang='lat' dir='ltr'><strong>quud</strong></span> <span class='ocrx_word' id='word_1_260' title='bbox 741 4566 842 4661; x_wconf 82' lang='lat' dir='ltr'><strong>dixit,</strong></span> <span class='ocrx_word' id='word_1_261' title='bbox 867 4566 1005 4642; x_wconf 86' lang='lat' dir='ltr'><strong>subdit:</strong></span> <span class='ocrx_word' id='word_1_262' title='bbox 1029 4567 1108 4661; x_wconf 84' lang='lat' dir='ltr'><strong>sede</strong></span> <span class='ocrx_word' id='word_1_263' title='bbox 1123 4575 1157 4641; x_wconf 88' lang='lat' dir='ltr'><strong>et</strong></span> <span class='ocrx_word' id='word_1_264' title='bbox 1170 4570 1365 4643; x_wconf 82' lang='lat' dir='ltr'><strong>innocmzu</strong></span> <span class='ocrx_word' id='word_1_265' title='bbox 1383 4590 1450 4643; x_wconf 82' lang='lat' dir='ltr'><strong>son</strong></span> <span class='ocrx_word' id='word_1_266' title='bbox 1468 4575 1618 4661; x_wconf 82' lang='lat' dir='ltr'><strong>reperte,</strong></span> 
     </span>
    </p>
   </div>
   <div class='ocr_carea' id='block_1_3' title="bbox 446 4689 1620 4786">
    <p class='ocr_par' dir='ltr' id='par_1_3' title="bbox 446 4689 1620 4786">
     <span class='ocr_line' id='line_1_33' title="bbox 446 4689 1620 4786; baseline -0.001 -21"><span class='ocrx_word' id='word_1_267' title='bbox 446 4691 538 4766; x_wconf 87' lang='lat' dir='ltr'><strong>idest</strong></span> <span class='ocrx_word' id='word_1_268' title='bbox 572 4689 740 4783; x_wconf 84' lang='lat' dir='ltr'><strong>inventae,</strong></span> <span class='ocrx_word' id='word_1_269' title='bbox 776 4690 851 4763; x_wconf 86' lang='lat' dir='ltr'><strong>solo</strong></span> <span class='ocrx_word' id='word_1_270' title='bbox 882 4691 940 4761; x_wconf 85' lang='lat' dir='ltr'><strong>nei</strong></span> <span class='ocrx_word' id='word_1_271' title='bbox 966 4690 1166 4781; x_wconf 75' lang='lat' dir='ltr'><strong>paracleti,</strong></span> <span class='ocrx_word' id='word_1_272' title='bbox 1200 4689 1303 4784; x_wconf 88' lang='lat' dir='ltr'><strong>idest,</strong></span> <span class='ocrx_word' id='word_1_273' title='bbox 1336 4690 1373 4764; x_wconf 93' lang='lat' dir='ltr'><strong>in</strong></span> <span class='ocrx_word' id='word_1_274' title='bbox 1407 4690 1550 4786; x_wconf 83' lang='lat' dir='ltr'><strong>pueris3</strong></span> <span class='ocrx_word' id='word_1_275' title='bbox 1582 4697 1620 4766; x_wconf 92' lang='lat' dir='ltr'><strong>et</strong></span> 
     </span>
    </p>
   </div>
   <div class='ocr_carea' id='block_1_4' title="bbox 507 4875 1228 5020">
    <p class='ocr_par' dir='ltr' id='par_1_4' title="bbox 507 4875 1228 5020">
     <span class='ocr_line' id='line_1_34' title="bbox 509 4875 1228 4945; baseline -0.021 0"><span class='ocrx_word' id='word_1_276' title='bbox 509 4882 535 4945; x_wconf 77' lang='lat'><strong>(¹)</strong></span> <span class='ocrx_word' id='word_1_277' title='bbox 552 4881 582 4932; x_wconf 79' lang='grc' dir='ltr'><strong>Ε·</strong></span> <span class='ocrx_word' id='word_1_278' title='bbox 599 4878 767 4931; x_wconf 62' lang='lat' dir='ltr'><strong>lefminlbffl·</strong></span> <span class='ocrx_word' id='word_1_279' title='bbox 1018 4875 1046 4941; x_wconf 84' lang='lat' dir='ltr'><strong>i&#39;l</strong></span> <span class='ocrx_word' id='word_1_280' title='bbox 1063 4878 1093 4929; x_wconf 80' lang='grc' dir='ltr'><strong>Ε.</strong></span> <span class='ocrx_word' id='word_1_281' title='bbox 1110 4878 1228 4931; x_wconf 77' lang='lat' dir='ltr'><strong>novellae.</strong></span> 
     </span>
     <span class='ocr_line' id='line_1_35' title="bbox 507 4953 967 5020; baseline -0.013 -10"><span class='ocrx_word' id='word_1_282' title='bbox 507 4958 534 5020; x_wconf 73' lang='lat'><strong>(⁸)</strong></span> <span class='ocrx_word' id='word_1_283' title='bbox 554 4957 581 5008; x_wconf 84' lang='lat' dir='ltr'><strong>S.</strong></span> <span class='ocrx_word' id='word_1_284' title='bbox 597 4957 690 5007; x_wconf 81' lang='lat' dir='ltr'><strong>damna</strong></span> <span class='ocrx_word' id='word_1_285' title='bbox 707 4954 843 5006; x_wconf 86' lang='lat' dir='ltr'><strong>homiuum</strong></span> <span class='ocrx_word' id='word_1_286' title='bbox 859 4953 967 5005; x_wconf 86' lang='lat' dir='ltr'><strong>homiui.</strong></span> 
     </span>
    </p>
   </div>
   <div class='ocr_carea' id='block_1_5' title="bbox 578 5066 1486 5111">
    <p class='ocr_par' dir='ltr' id='par_1_5' title="bbox 578 5066 1486 5111">
     <span class='ocr_line' id='line_1_36' title="bbox 578 5066 1486 5111; baseline 0.002 -2"><span class='ocrx_word' id='word_1_287' title='bbox 578 5066 605 5109; x_wconf 78' lang='lat' dir='ltr'><strong>V.</strong></span> <span class='ocrx_word' id='word_1_288' title='bbox 1458 5068 1486 5111; x_wconf 69' lang='lat'><strong>20</strong></span> 
     </span>
    </p>
   </div>
   <div class='ocr_carea' id='block_1_6' title="bbox 0 0 2426 6642">
    <p class='ocr_par' dir='ltr' id='par_1_6' title="bbox 0 0 2426 6642">
     <span class='ocr_line' id='line_1_37' title="bbox 0 0 2426 6642; baseline 0 5"><span class='ocrx_word' id='word_1_289' title='bbox 0 0 2426 6642; x_wconf 95' lang='lat' dir='ltr'><strong> </strong></span> 
     </span>
    </p>
   </div>
  </div>
 </body>
</html>
