4842 6642
791 832 861 907 182
1181 842 1386 901 cottflrtrull
1409 841 1579 899 rrarnrar

790 1010 987 1065 remanum
1005 988 1053 1065 de
1070 988 1208 1065 vilitate
1231 997 1269 1065 et
1290 988 1419 1065 lurore
1435 986 1668 1063 intollerabili
1684 1005 1830 1080 eorum,
1845 1004 1963 1080 expo·

789 1110 898 1185 nebat
927 1108 1014 1183 istas
1043 1108 1167 1185 literas
1195 1108 1264 1183 sic:
1294 1107 1331 1181 S.
1351 1109 1390 1182 P.
1408 1108 1449 1203 Q.
1468 1107 1523 1200 rt,
1553 1106 1656 1200 idest,
1685 1110 1803 1181 Sorae
1829 1109 1961 1199 popolo

788 1232 1006 1322 eenelepalo
1019 1221 1057 1321 (¹)
1073 1250 1237 1303 romane.
1258 1226 1330 1304 Sed
1346 1229 1392 1305 ad
1414 1226 1660 1323 propositum:
1678 1225 1799 1303 omnis
1818 1226 1961 1301 colonia

790 1348 968 1445 recipiens
985 1348 1180 1445 insignium
1203 1369 1442 1425 romanorum
1468 1354 1613 1445 peterat
1632 1346 1770 1423 addere
1786 1354 1826 1421 el
1848 1366 1964 1441 appo-

790 1468 1063 1564 uerequldquid
1076 1469 1231 1544 volebat.
1240 1469 1342 1547 Unde
1354 1468 1517 1564 perusini
1529 1467 1750 1545 addiderunt
1760 1468 1960 1564 gryphum,

790 1589 971 1667 florentini
1005 1588 1076 1663 lilia
1110 1590 1205 1681 alba,
1233 1588 1346 1685 pisani
1381 1589 1467 1663 nillil
1496 1589 1725 1665 addiderunt.
1760 1588 1958 1665 Florentini

789 1732 891 1809 ergo,
918 1710 1030 1806 pulsis
1054 1709 1270 1806 ghibellinia
1296 1718 1560 1787 converterunt
1577 1711 1649 1787 lilia
1665 1711 1750 1786 alba
1770 1710 1807 1784 in
1832 1711 1960 1801 rubea,

775 1831 835 1907 ad
865 1830 1181 1907 diversificandum
1216 1830 1415 1927 insignium
1446 1832 1677 1906 exteriorum
1706 1832 1960 1927 expulsorum.

790 1954 833 2029 lli
857 1953 905 2027 ab
930 1953 990 2027 illo
1017 1958 1184 2046 tempore
1209 1950 1301 2025 citra
1327 1952 1539 2027 habuerunt
1562 1972 1710 2048 semper
1736 1952 1808 2027 lilia
1829 1952 1959 2027 rubea.

790 2073 891 2150 Unde
924 2074 1045 2150 adhuc
1076 2080 1255 2169 apparent
1287 2072 1324 2147 in
1362 2072 1577 2149 summitate
1608 2072 1734 2151 Palatii
1769 2072 1961 2149 Poteslatis

789 2194 861 2271 lilia
890 2196 982 2270 alba.
1011 2193 1054 2268 lit
1079 2196 1148 2268 hoe
1174 2199 1229 2269 est
1254 2193 1354 2289 quod
1378 2192 1488 2269 dicit:
1512 2188 1560 2269 ae*
1576 2216 1644 2288 per
1668 2196 1832 2283 division,
1857 2193 1961 2287 ideal,

790 2315 1019 2411 partialitate,
1050 2318 1139 2409 saue
1170 2316 1365 2407 aermiplio,
1402 2316 1461 2393 vel
1491 2333 1664 2410 exponar,
1689 2314 1870 2411 sanguine
1903 2314 1960 2389 rel

790 2437 948 2511 rastello.

850 2701 877 2763 (¹)
893 2700 924 2751 li.
941 2701 1069 2751 mucleto.
