4842 6642
751 894 889 949 caurus
914 894 1105 949 vroasmus
1130 892 1301 947 ournvus
1544 880 1614 948 419

445 1038 540 1113 fecte
565 1059 693 1113 amare
719 1046 863 1133 oportet
881 1039 979 1133 quod
998 1038 1180 1134 praecedat
1196 1026 1357 1132 perfecta
1374 1034 1533 1131 cognitio
1551 1037 1615 1129 rei,

443 1158 492 1232 ita
518 1159 617 1253 quod
643 1159 734 1233 visio
761 1159 819 1233 vel
845 1160 1043 1255 corporalis
1068 1160 1126 1233 vel
1160 1156 1414 1232 intellectualis
1446 1155 1617 1250 praecadit

441 1300 621 1356 amorem.
637 1280 740 1355 Unde
757 1279 982 1375 Augustinus
996 1299 1107 1374 super
1126 1279 1296 1354 Genesim
1318 1277 1477 1372 capitulo
1490 1278 1549 1370 Xi,
1563 1276 1616 1350 di-

443 1398 510 1475 cit:
529 1406 663 1474 natura
681 1420 766 1493 quae
785 1419 940 1493 peccare
957 1420 1031 1473 non
1048 1406 1166 1495 potest
1182 1406 1238 1474 cst
1255 1398 1291 1471 in
1307 1398 1440 1472 sanctis
1465 1398 1615 1494 angelis.

336 1554 337 1559 Ν
443 1519 528 1595 Ideo
548 1518 633 1593 dicit
649 1524 759 1593 autor
779 1518 816 1591 iu
836 1518 953 1613 litera,
971 1518 1070 1613 quod
1087 1517 1274 1593 beatitudo
1294 1517 1513 1612 angelorum
1531 1517 1617 1591 fun-

446 1640 556 1714 datur
580 1638 617 1712 in
642 1658 775 1713 eorum
801 1638 940 1713 visione
974 1638 1146 1733 perfecta,
1180 1638 1284 1731 idest,
1315 1636 1518 1711 secundum
1552 1658 1619 1711 na·

447 1765 571 1833 turam
598 1778 741 1853 eorum,
760 1764 797 1833 et
818 1778 891 1832 non
918 1758 953 1831 in
979 1777 1025 1832 ao
1050 1758 1113 1851 qui
1133 1763 1246 1851 amat,
1265 1756 1366 1851 idest,
1387 1778 1459 1832 non
1477 1757 1513 1830 in
1530 1764 1617 1832 actu

448 1880 505 1953 sui
530 1878 667 1953 arnoris
693 1878 756 1972 qui
782 1879 950 1973 sequitur
967 1898 1012 1952 ex
1031 1876 1148 1973 gratia
1165 1878 1296 1952 infusa.
1314 1880 1358 1951 Et
1374 1878 1495 1951 subdit
1520 1878 1619 1971 quod
1658 1887 1661 1894 '

447 2000 650 2075 secundum
670 2020 776 2074 suam
798 1999 972 2073 visionem
997 1998 1124 2094 recipit
1141 1999 1311 2095 gratiam,
1329 1999 1472 2073 diceus:
1490 2020 1509 2071 e
1525 2018 1620 2071 mer-

447 2124 540 2212 cede,
566 2120 668 2215 idest,
696 2140 838 2195 merces
863 2118 1078 2215 cognitionis
1104 2120 1286 2195 dictorum
1311 2121 1543 2217 angelorum,
1561 2121 1622 2193 cta

446 2244 578 2333 prurio
584 2245 782 2333 parturisse
795 2263 814 2313 e
826 2241 942 2313 duorro
956 2244 1086 2333 voglio,
1098 2240 1199 2335 idest,
1208 2260 1292 2335 quae
1306 2240 1400 2335 parit
1412 2241 1568 2336 gratiam
1584 2247 1622 2314 ct

449 2360 758 2455 benevolentiam
773 2367 811 2435 et
823 2361 927 2435 dicit:
941 2361 1057 2434 duouo
1071 2364 1202 2456 voglio,
1219 2360 1364 2455 scilicet,
1376 2366 1417 2434 ut
1431 2360 1517 2434 vetit
1533 2359 1622 2433 iilud

449 2480 548 2575 quod
565 2480 664 2555 Deus
683 2480 770 2575 vult,
791 2474 964 2554 dmtsuro
984 2484 1042 2555 del
1059 2484 1195 2570 nedae,
1213 2481 1315 2575 idest,
1334 2488 1390 2555 est
1408 2480 1620 2555 mensurata

449 2608 487 2677 et
504 2602 777 2696 proportionata
800 2601 996 2697 cognitioni
1018 2622 1170 2696 eorum3
1188 2609 1227 2676 et
1242 2601 1347 2675 dicit:
1364 2592 1435 2674 cmi
1450 2604 1490 2675 di
1503 2603 1622 2692 prodo

448 2723 628 2811 ivr-prodo
651 2724 684 2793 si
702 2724 868 2815 procede,
896 2722 983 2816 quia
1008 2722 1143 2797 scilicet
1161 2722 1198 2796 in
1216 2722 1359 2796 ceteris
1384 2720 1623 2816 sequentibus

452 2858 596 2914 merces
622 2845 658 2915 et
683 2840 878 2936 praemium
904 2848 959 2916 est
984 2842 1187 2917 secundum
1214 2842 1390 2917 visionem
1427 2848 1463 2917 et
1497 2842 1623 2939 cogni-

452 2959 590 3033 tionem
608 2979 758 3055 eorum3
779 2961 875 3035 unde
892 2968 1088 3056 sequentes
1105 2962 1191 3056 quia
1211 2962 1333 3037 minus
1350 2962 1483 3057 vident,
1502 2962 1625 3037 minus

453 3077 590 3153 habent
615 3080 794 3154 mercedis
820 3081 1062 3155 beatitudinis.
1077 3122 1127 3136 -
1140 3086 1177 3155 ι’
1190 3086 1294 3156 aruo.
1313 3082 1379 3157 Hic
1397 3082 1544 3157 Beatrix
1562 3082 1627 3156 dc-

453 3199 650 3276 terminato
674 3200 721 3276 de
746 3202 865 3296 primo
891 3203 1063 3294 ternario,
1090 3202 1126 3275 in
1151 3223 1228 3296 quo
1249 3202 1487 3297 contemplari
1509 3187 1627 3298 potest

453 3319 501 3393 ab
527 3320 675 3395 homine
700 3342 846 3395 summa
872 3322 1033 3418 potentia
1051 3322 1114 3397 Dei
1132 3322 1257 3418 patris,
1276 3322 1338 3417 qui
1357 3321 1502 3419 respicit
1518 3322 1625 3398 istam

457 3440 701 3515 hierarchiam
727 3462 812 3536 quae
837 3449 893 3517 est
917 3441 1036 3537 prima
1058 3443 1223 3538 caritate,
1243 3442 1403 3538 scientia,
1422 3443 1628 3541 intelligen-

454 3559 517 3655 tia,
543 3581 641 3635 nnnc
666 3561 886 3637 determinat
905 3562 952 3638 dc
971 3563 1131 3637 secundo
1157 3563 1330 3657 ternario,
1349 3562 1386 3637 in
1409 3584 1484 3657 quo
1510 3570 1629 3658 potest

458 3682 697 3777 contemplari
723 3704 869 3758 summa
896 3683 1071 3779 sapientia
1097 3682 1168 3757 utu.
1191 3682 1382 3778 Speciticat
1398 3704 1490 3781 ergo
1507 3685 1629 3780 ipsum

457 3802 660 3876 secundum
686 3803 891 3879 ternarium
910 3803 979 3877 sic:
998 3806 1135 3877 L’attro
1154 3812 1313 3894 eruero,
1331 3804 1478 3899 scilicet,
1495 3825 1630 3880 secun·

457 3920 538 4015 dua,
563 3925 623 3996 cte
652 3917 723 3997 cosi
753 3927 963 4016 permoptio,
991 3924 1095 4018 idest,
1120 3924 1215 4000 viret
1240 3930 1277 3999 et
1303 3924 1412 4022 viget,
1443 3928 1482 3999 iu
1511 3934 1631 4018 comto

453 4045 664 4135 primevam
687 4047 911 4136 sempiterna,
929 4043 1042 4139 idest,
1059 4044 1095 4117 in
1120 4045 1215 4119 coelo
1245 4044 1308 4119 ubi
1330 4051 1385 4120 est
1409 4045 1630 4140 sempiterna

459 4162 641 4258 viriditas;
667 4171 705 4239 et
733 4164 837 4239 dicit:
864 4168 936 4255 cte,
962 4164 1065 4258 idest,
1090 4165 1189 4259 quod
1216 4187 1293 4261 ver,
1325 4172 1491 4240 undamn
1523 4170 1632 4242 oriem

457 4305 532 4359 nou
561 4288 750 4378 dispaglto,
769 4285 872 4381 idest,
894 4293 1109 4379 autumnus,
1130 4286 1279 4381 quando
1303 4288 1357 4361 soi
1384 4294 1439 4362 est
1463 4288 1501 4361 in
1526 4288 1630 4378 libra,

460 4426 573 4500 quam
592 4412 700 4481 vocat
715 4405 868 4482 arietem
885 4400 935 4501 ('),
954 4406 1040 4501 quia
1058 4406 1095 4480 in
1113 4414 1275 4501 utroque
1291 4406 1331 4481 fit
1347 4408 1633 4503 aequinoctium

460 4532 497 4601 et
521 4525 709 4623 distinguit
742 4526 853 4601 istum
887 4525 1053 4621 arietem,
1088 4527 1224 4604 scilicet
1254 4528 1398 4623 libram,
1431 4549 1515 4623 quae
1548 4528 1634 4605 iacit

459 4646 563 4722 nobis
593 4654 830 4742 autumnum,
860 4656 898 4724 ot
927 4648 1048 4723 aufert
1073 4647 1176 4722 nobis
1203 4648 1417 4745 viredinem,
1442 4650 1491 4725 ab
1516 4651 1633 4726 ariete

460 4764 523 4839 iilo
545 4766 609 4861 qui
637 4766 723 4843 facit
749 4768 854 4842 nobis
878 4788 945 4873 ver
970 4774 1008 4844 et
1032 4768 1139 4842 affert
1157 4768 1372 4864 viredinem,
1393 4769 1512 4865 perid
1534 4770 1633 4865 quod

525 5027 553 5089 (¹)
570 5028 601 5079 E.
617 5029 735 5091 artatam,
751 5030 818 5081 sicut
833 5028 972 5095 aliquando
988 5030 1081 5081 libram
1097 5036 1174 5083 vocat
1188 5032 1306 5093 arietem,
1323 5031 1384 5097 quin
1399 5032 1435 5084 in·
