<?xml version="1.0" encoding="UTF-8"?>
<!DOCTYPE html PUBLIC "-//W3C//DTD XHTML 1.0 Transitional//EN"
    "http://www.w3.org/TR/xhtml1/DTD/xhtml1-transitional.dtd">
<html xmlns="http://www.w3.org/1999/xhtml" xml:lang="en" lang="en">
 <head>
  <title>
</title>
<meta http-equiv="Content-Type" content="text/html;charset=utf-8" />
  <meta name='ocr-system' content='tesseract 3.04.00' />
  <meta name='ocr-capabilities' content='ocr_page ocr_carea ocr_par ocr_line ocrx_word'/>
</head>
<body>
  <div class='ocr_page' id='page_1' title='image "./comentumsuperda02benvgoog_0454.png"; bbox 0 0 4842 6642; ppageno 0'>
   <div class='ocr_carea' id='block_1_1' title="bbox 675 840 1608 913">
    <p class='ocr_par' dir='ltr' id='par_1_1' title="bbox 675 840 1608 913">
     <span class='ocr_line' id='line_1_1' title="bbox 675 840 1608 913; baseline -0.002 -3"><span class='ocrx_word' id='word_1_1' title='bbox 675 850 681 872; x_wconf 77' lang='lat'><strong><em>¹</em></strong></span> <span class='ocrx_word' id='word_1_2' title='bbox 821 840 892 913; x_wconf 76' lang='lat' dir='ltr'><strong>t88</strong></span> <span class='ocrx_word' id='word_1_3' title='bbox 1211 854 1416 911; x_wconf 78' lang='lat' dir='ltr'><strong>oonsuruu</strong></span> <span class='ocrx_word' id='word_1_4' title='bbox 1439 855 1608 911; x_wconf 71' lang='lat' dir='ltr'><strong>sturnus</strong></span> 
     </span>
    </p>
   </div>
   <div class='ocr_carea' id='block_1_2' title="bbox 810 998 2023 4835">
    <p class='ocr_par' dir='ltr' id='par_1_2' title="bbox 810 998 2023 4835">
     <span class='ocr_line' id='line_1_2' title="bbox 820 998 1990 1095; baseline 0 -22"><span class='ocrx_word' id='word_1_5' title='bbox 820 998 983 1075; x_wconf 88' lang='lat' dir='ltr'><strong>meridie.</strong></span> <span class='ocrx_word' id='word_1_6' title='bbox 1009 1000 1054 1073; x_wconf 86' lang='lat' dir='ltr'><strong>Et</strong></span> <span class='ocrx_word' id='word_1_7' title='bbox 1077 999 1135 1075; x_wconf 90' lang='lat' dir='ltr'><strong>hic</strong></span> <span class='ocrx_word' id='word_1_8' title='bbox 1156 1006 1243 1075; x_wconf 81' lang='lat' dir='ltr'><strong>nota</strong></span> <span class='ocrx_word' id='word_1_9' title='bbox 1260 1020 1379 1095; x_wconf 82' lang='lat' dir='ltr'><strong>quare</strong></span> <span class='ocrx_word' id='word_1_10' title='bbox 1395 998 1537 1095; x_wconf 81' lang='lat' dir='ltr'><strong>eclipsis</strong></span> <span class='ocrx_word' id='word_1_11' title='bbox 1553 998 1639 1075; x_wconf 89' lang='lat' dir='ltr'><strong>sotis</strong></span> <span class='ocrx_word' id='word_1_12' title='bbox 1656 1019 1729 1075; x_wconf 91' lang='lat' dir='ltr'><strong>nou</strong></span> <span class='ocrx_word' id='word_1_13' title='bbox 1747 1005 1864 1095; x_wconf 84' lang='lat' dir='ltr'><strong>potest</strong></span> <span class='ocrx_word' id='word_1_14' title='bbox 1880 999 1990 1075; x_wconf 86' lang='lat' dir='ltr'><strong>simut</strong></span> 
     </span>
     <span class='ocr_line' id='line_1_3' title="bbox 820 1118 1995 1215; baseline 0.001 -22"><span class='ocrx_word' id='word_1_15' title='bbox 820 1118 899 1194; x_wconf 83' lang='lat' dir='ltr'><strong>deri</strong></span> <span class='ocrx_word' id='word_1_16' title='bbox 924 1119 1096 1195; x_wconf 87' lang='lat' dir='ltr'><strong>omnibus</strong></span> <span class='ocrx_word' id='word_1_17' title='bbox 1122 1119 1341 1215; x_wconf 77' lang='lat' dir='ltr'><strong>nationibus,</strong></span> <span class='ocrx_word' id='word_1_18' title='bbox 1358 1120 1423 1195; x_wconf 89' lang='lat' dir='ltr'><strong>sed</strong></span> <span class='ocrx_word' id='word_1_19' title='bbox 1440 1120 1477 1194; x_wconf 90' lang='lat' dir='ltr'><strong>iu</strong></span> <span class='ocrx_word' id='word_1_20' title='bbox 1501 1138 1577 1194; x_wconf 91' lang='lat' dir='ltr'><strong>uno</strong></span> <span class='ocrx_word' id='word_1_21' title='bbox 1602 1120 1749 1197; x_wconf 78' lang='lat' dir='ltr'><strong>climate</strong></span> <span class='ocrx_word' id='word_1_22' title='bbox 1776 1126 1995 1197; x_wconf 87' lang='lat' dir='ltr'><strong>tontum.-</strong></span> 
     </span>
     <span class='ocr_line' id='line_1_4' title="bbox 820 1239 1994 1337; baseline 0.003 -24"><span class='ocrx_word' id='word_1_23' title='bbox 820 1244 901 1313; x_wconf 83' lang='lat' dir='ltr'><strong>Non</strong></span> <span class='ocrx_word' id='word_1_24' title='bbox 917 1242 973 1313; x_wconf 82' lang='lat' dir='ltr'><strong>na.</strong></span> <span class='ocrx_word' id='word_1_25' title='bbox 991 1240 1057 1315; x_wconf 89' lang='lat' dir='ltr'><strong>Hic</strong></span> <span class='ocrx_word' id='word_1_26' title='bbox 1083 1240 1230 1317; x_wconf 82' lang='lat' dir='ltr'><strong>Bentrix</strong></span> <span class='ocrx_word' id='word_1_27' title='bbox 1254 1239 1413 1316; x_wconf 79' lang='lat' dir='ltr'><strong>ostendit</strong></span> <span class='ocrx_word' id='word_1_28' title='bbox 1438 1240 1537 1335; x_wconf 84' lang='lat' dir='ltr'><strong>quod</strong></span> <span class='ocrx_word' id='word_1_29' title='bbox 1556 1260 1628 1315; x_wconf 90' lang='lat' dir='ltr'><strong>nou</strong></span> <span class='ocrx_word' id='word_1_30' title='bbox 1652 1240 1732 1315; x_wconf 87' lang='lat' dir='ltr'><strong>vuit</strong></span> <span class='ocrx_word' id='word_1_31' title='bbox 1748 1240 1922 1337; x_wconf 77' lang='lat' dir='ltr'><strong>prosequi</strong></span> <span class='ocrx_word' id='word_1_32' title='bbox 1937 1241 1994 1317; x_wconf 91' lang='lat' dir='ltr'><strong>di-</strong></span> 
     </span>
     <span class='ocr_line' id='line_1_5' title="bbox 818 1359 1992 1457; baseline 0.003 -22"><span class='ocrx_word' id='word_1_33' title='bbox 818 1366 896 1435; x_wconf 74' lang='lat' dir='ltr'><strong>ctas</strong></span> <span class='ocrx_word' id='word_1_34' title='bbox 922 1359 1148 1437; x_wconf 77' lang='lat' dir='ltr'><strong>inventiones</strong></span> <span class='ocrx_word' id='word_1_35' title='bbox 1168 1381 1283 1437; x_wconf 83' lang='lat' dir='ltr'><strong>noras</strong></span> <span class='ocrx_word' id='word_1_36' title='bbox 1299 1369 1338 1437; x_wconf 90' lang='lat' dir='ltr'><strong>et</strong></span> <span class='ocrx_word' id='word_1_37' title='bbox 1354 1382 1468 1438; x_wconf 79' lang='lat' dir='ltr'><strong>vonas</strong></span> <span class='ocrx_word' id='word_1_38' title='bbox 1485 1361 1572 1457; x_wconf 82' lang='lat' dir='ltr'><strong>quie</strong></span> <span class='ocrx_word' id='word_1_39' title='bbox 1589 1368 1676 1436; x_wconf 92' lang='lat' dir='ltr'><strong>sunt</strong></span> <span class='ocrx_word' id='word_1_40' title='bbox 1693 1361 1992 1455; x_wconf 68' lang='lat' dir='ltr'><strong>innumerabiles</strong></span> 
     </span>
     <span class='ocr_line' id='line_1_6' title="bbox 818 1479 1992 1579; baseline 0.005 -26"><span class='ocrx_word' id='word_1_41' title='bbox 818 1479 868 1555; x_wconf 83' lang='lat' dir='ltr'><strong>ita</strong></span> <span class='ocrx_word' id='word_1_42' title='bbox 885 1480 985 1574; x_wconf 86' lang='lat' dir='ltr'><strong>quod</strong></span> <span class='ocrx_word' id='word_1_43' title='bbox 1011 1487 1107 1555; x_wconf 86' lang='lat' dir='ltr'><strong>esset</strong></span> <span class='ocrx_word' id='word_1_44' title='bbox 1132 1480 1285 1579; x_wconf 80' lang='lat' dir='ltr'><strong>longum</strong></span> <span class='ocrx_word' id='word_1_45' title='bbox 1310 1490 1348 1557; x_wconf 88' lang='lat' dir='ltr'><strong>et</strong></span> <span class='ocrx_word' id='word_1_46' title='bbox 1371 1481 1501 1559; x_wconf 83' lang='lat' dir='ltr'><strong>inutile</strong></span> <span class='ocrx_word' id='word_1_47' title='bbox 1518 1489 1776 1559; x_wconf 79' lang='lat' dir='ltr'><strong>transcurrere</strong></span> <span class='ocrx_word' id='word_1_48' title='bbox 1793 1484 1936 1579; x_wconf 83' lang='lat' dir='ltr'><strong>plures3</strong></span> <span class='ocrx_word' id='word_1_49' title='bbox 1954 1489 1992 1559; x_wconf 87' lang='lat' dir='ltr'><strong>et</strong></span> 
     </span>
     <span class='ocr_line' id='line_1_7' title="bbox 817 1600 1991 1699; baseline 0.003 -24"><span class='ocrx_word' id='word_1_50' title='bbox 817 1600 1014 1675; x_wconf 79' lang='lat' dir='ltr'><strong>confirmet</strong></span> <span class='ocrx_word' id='word_1_51' title='bbox 1043 1602 1112 1677; x_wconf 91' lang='lat' dir='ltr'><strong>hoc</strong></span> <span class='ocrx_word' id='word_1_52' title='bbox 1143 1622 1209 1699; x_wconf 85' lang='lat' dir='ltr'><strong>per</strong></span> <span class='ocrx_word' id='word_1_53' title='bbox 1239 1603 1453 1698; x_wconf 83' lang='lat' dir='ltr'><strong>exemptum</strong></span> <span class='ocrx_word' id='word_1_54' title='bbox 1479 1604 1664 1699; x_wconf 72' lang='lat' dir='ltr'><strong>iocosum,</strong></span> <span class='ocrx_word' id='word_1_55' title='bbox 1690 1602 1779 1699; x_wconf 84' lang='lat' dir='ltr'><strong>quia</strong></span> <span class='ocrx_word' id='word_1_56' title='bbox 1805 1602 1886 1679; x_wconf 81' lang='lat' dir='ltr'><strong>totis</strong></span> <span class='ocrx_word' id='word_1_57' title='bbox 1913 1622 1991 1679; x_wconf 81' lang='lat' dir='ltr'><strong>mo-</strong></span> 
     </span>
     <span class='ocr_line' id='line_1_8' title="bbox 819 1721 1991 1819; baseline 0.005 -26"><span class='ocrx_word' id='word_1_58' title='bbox 819 1721 910 1795; x_wconf 85' lang='lat' dir='ltr'><strong>teria</strong></span> <span class='ocrx_word' id='word_1_59' title='bbox 935 1727 990 1796; x_wconf 92' lang='lat' dir='ltr'><strong>est</strong></span> <span class='ocrx_word' id='word_1_60' title='bbox 1017 1722 1226 1815; x_wconf 84' lang='lat' dir='ltr'><strong>ridiculosa,</strong></span> <span class='ocrx_word' id='word_1_61' title='bbox 1250 1729 1287 1799; x_wconf 87' lang='lat' dir='ltr'><strong>et</strong></span> <span class='ocrx_word' id='word_1_62' title='bbox 1311 1743 1410 1819; x_wconf 77' lang='lat' dir='ltr'><strong>sepe</strong></span> <span class='ocrx_word' id='word_1_63' title='bbox 1442 1721 1628 1799; x_wconf 88' lang='lat' dir='ltr'><strong>inducitur</strong></span> <span class='ocrx_word' id='word_1_64' title='bbox 1658 1722 1707 1799; x_wconf 84' lang='lat' dir='ltr'><strong>nd</strong></span> <span class='ocrx_word' id='word_1_65' title='bbox 1737 1723 1899 1799; x_wconf 65' lang='lat' dir='ltr'><strong>dnnmm</strong></span> <span class='ocrx_word' id='word_1_66' title='bbox 1925 1723 1991 1799; x_wconf 93' lang='lat' dir='ltr'><strong>de·</strong></span> 
     </span>
     <span class='ocr_line' id='line_1_9' title="bbox 818 1841 1990 1941; baseline 0.006 -27"><span class='ocrx_word' id='word_1_67' title='bbox 818 1841 1049 1919; x_wconf 78' lang='lat' dir='ltr'><strong>testationem</strong></span> <span class='ocrx_word' id='word_1_68' title='bbox 1073 1850 1111 1919; x_wconf 85' lang='lat' dir='ltr'><strong>et</strong></span> <span class='ocrx_word' id='word_1_69' title='bbox 1137 1844 1253 1919; x_wconf 88' lang='lat' dir='ltr'><strong>risum</strong></span> <span class='ocrx_word' id='word_1_70' title='bbox 1274 1845 1408 1941; x_wconf 75' lang='lat' dir='ltr'><strong>vntgn3</strong></span> <span class='ocrx_word' id='word_1_71' title='bbox 1428 1843 1526 1919; x_wconf 88' lang='lat' dir='ltr'><strong>unde</strong></span> <span class='ocrx_word' id='word_1_72' title='bbox 1542 1843 1647 1919; x_wconf 86' lang='lat' dir='ltr'><strong>dicit:</strong></span> <span class='ocrx_word' id='word_1_73' title='bbox 1666 1848 1827 1937; x_wconf 63' lang='lat' dir='ltr'><strong>coense,</strong></span> <span class='ocrx_word' id='word_1_74' title='bbox 1843 1844 1990 1938; x_wconf 87' lang='lat' dir='ltr'><strong>scitinet,</strong></span> 
     </span>
     <span class='ocr_line' id='line_1_10' title="bbox 817 1963 1990 2060; baseline 0 -23"><span class='ocrx_word' id='word_1_75' title='bbox 817 1963 934 2057; x_wconf 81' lang='lat' dir='ltr'><strong>patria</strong></span> <span class='ocrx_word' id='word_1_76' title='bbox 961 1969 1036 2058; x_wconf 85' lang='lat' dir='ltr'><strong>tna,</strong></span> <span class='ocrx_word' id='word_1_77' title='bbox 1063 1982 1148 2057; x_wconf 82' lang='lat' dir='ltr'><strong>qnae</strong></span> <span class='ocrx_word' id='word_1_78' title='bbox 1172 1972 1229 2039; x_wconf 89' lang='lat' dir='ltr'><strong>est</strong></span> <span class='ocrx_word' id='word_1_79' title='bbox 1254 1963 1382 2040; x_wconf 71' lang='lat' dir='ltr'><strong>civitas</strong></span> <span class='ocrx_word' id='word_1_80' title='bbox 1407 1963 1535 2041; x_wconf 78' lang='lat' dir='ltr'><strong>dorida</strong></span> <span class='ocrx_word' id='word_1_81' title='bbox 1555 1970 1593 2039; x_wconf 91' lang='lat' dir='ltr'><strong>et</strong></span> <span class='ocrx_word' id='word_1_82' title='bbox 1616 1964 1792 2060; x_wconf 79' lang='lat' dir='ltr'><strong>populosa</strong></span> <span class='ocrx_word' id='word_1_83' title='bbox 1818 1966 1990 2058; x_wconf 87' lang='lat' dir='ltr'><strong>multum,</strong></span> 
     </span>
     <span class='ocr_line' id='line_1_11' title="bbox 816 2084 1991 2183; baseline 0 -24"><span class='ocrx_word' id='word_1_84' title='bbox 816 2106 890 2159; x_wconf 82' lang='lat' dir='ltr'><strong>non</strong></span> <span class='ocrx_word' id='word_1_85' title='bbox 914 2086 961 2158; x_wconf 81' lang='lat' dir='ltr'><strong>to</strong></span> <span class='ocrx_word' id='word_1_86' title='bbox 987 2088 1074 2159; x_wconf 80' lang='lat' dir='ltr'><strong>tanti</strong></span> <span class='ocrx_word' id='word_1_87' title='bbox 1099 2090 1187 2178; x_wconf 76' lang='lat' dir='ltr'><strong>Lupi</strong></span> <span class='ocrx_word' id='word_1_88' title='bbox 1211 2108 1230 2158; x_wconf 85' lang='lat' dir='ltr'><strong>e</strong></span> <span class='ocrx_word' id='word_1_89' title='bbox 1255 2088 1373 2177; x_wconf 65' lang='lat' dir='ltr'><strong>limiti,</strong></span> <span class='ocrx_word' id='word_1_90' title='bbox 1394 2085 1482 2179; x_wconf 83' lang='lat' dir='ltr'><strong>quia</strong></span> <span class='ocrx_word' id='word_1_91' title='bbox 1508 2085 1657 2183; x_wconf 87' lang='lat' dir='ltr'><strong>plurimi</strong></span> <span class='ocrx_word' id='word_1_92' title='bbox 1682 2093 1770 2164; x_wconf 88' lang='lat' dir='ltr'><strong>snut</strong></span> <span class='ocrx_word' id='word_1_93' title='bbox 1793 2084 1845 2162; x_wconf 90' lang='lat' dir='ltr'><strong>sic</strong></span> <span class='ocrx_word' id='word_1_94' title='bbox 1871 2085 1991 2163; x_wconf 79' lang='lat' dir='ltr'><strong>vocati</strong></span> 
     </span>
     <span class='ocr_line' id='line_1_12' title="bbox 818 2204 1988 2302; baseline -0.002 -22"><span class='ocrx_word' id='word_1_95' title='bbox 818 2206 855 2281; x_wconf 91' lang='lat' dir='ltr'><strong>in</strong></span> <span class='ocrx_word' id='word_1_96' title='bbox 867 2204 1062 2299; x_wconf 83' lang='lat' dir='ltr'><strong>Florentia,</strong></span> <span class='ocrx_word' id='word_1_97' title='bbox 1076 2214 1113 2281; x_wconf 90' lang='lat' dir='ltr'><strong>et</strong></span> <span class='ocrx_word' id='word_1_98' title='bbox 1130 2206 1255 2301; x_wconf 86' lang='lat' dir='ltr'><strong>plures</strong></span> <span class='ocrx_word' id='word_1_99' title='bbox 1270 2211 1379 2282; x_wconf 83' lang='lat' dir='ltr'><strong>oront</strong></span> <span class='ocrx_word' id='word_1_100' title='bbox 1397 2214 1565 2302; x_wconf 84' lang='lat' dir='ltr'><strong>ternpore</strong></span> <span class='ocrx_word' id='word_1_101' title='bbox 1580 2207 1723 2283; x_wconf 80' lang='lat' dir='ltr'><strong>autoris</strong></span> <span class='ocrx_word' id='word_1_102' title='bbox 1739 2228 1853 2301; x_wconf 83' lang='lat' dir='ltr'><strong>quam</strong></span> <span class='ocrx_word' id='word_1_103' title='bbox 1868 2206 1988 2283; x_wconf 88' lang='lat' dir='ltr'><strong>modo.</strong></span> 
     </span>
     <span class='ocr_line' id='line_1_13' title="bbox 818 2325 1986 2423; baseline -0.001 -22"><span class='ocrx_word' id='word_1_104' title='bbox 818 2327 861 2401; x_wconf 82' lang='lat' dir='ltr'><strong>Et</strong></span> <span class='ocrx_word' id='word_1_105' title='bbox 886 2326 1005 2422; x_wconf 88' lang='lat' dir='ltr'><strong>primo</strong></span> <span class='ocrx_word' id='word_1_106' title='bbox 1031 2346 1167 2401; x_wconf 89' lang='lat' dir='ltr'><strong>nomen</strong></span> <span class='ocrx_word' id='word_1_107' title='bbox 1192 2326 1280 2422; x_wconf 71' lang='lat' dir='ltr'><strong>lupi</strong></span> <span class='ocrx_word' id='word_1_108' title='bbox 1304 2326 1400 2403; x_wconf 86' lang='lat' dir='ltr'><strong>bene</strong></span> <span class='ocrx_word' id='word_1_109' title='bbox 1424 2325 1595 2403; x_wconf 84' lang='lat' dir='ltr'><strong>convenit</strong></span> <span class='ocrx_word' id='word_1_110' title='bbox 1619 2326 1685 2401; x_wconf 83' lang='lat' dir='ltr'><strong>ibi:</strong></span> <span class='ocrx_word' id='word_1_111' title='bbox 1706 2328 1789 2423; x_wconf 80' lang='lat' dir='ltr'><strong>iupa</strong></span> <span class='ocrx_word' id='word_1_112' title='bbox 1809 2326 1908 2401; x_wconf 89' lang='lat' dir='ltr'><strong>enim</strong></span> <span class='ocrx_word' id='word_1_113' title='bbox 1929 2333 1986 2401; x_wconf 88' lang='lat' dir='ltr'><strong>est</strong></span> 
     </span>
     <span class='ocr_line' id='line_1_14' title="bbox 818 2446 1988 2542; baseline -0.002 -21"><span class='ocrx_word' id='word_1_114' title='bbox 818 2446 932 2521; x_wconf 81' lang='lat' dir='ltr'><strong>herbo</strong></span> <span class='ocrx_word' id='word_1_115' title='bbox 957 2447 1163 2542; x_wconf 81' lang='lat' dir='ltr'><strong>crapulosa,</strong></span> <span class='ocrx_word' id='word_1_116' title='bbox 1180 2467 1203 2522; x_wconf 82' lang='lat' dir='ltr'>a</span> <span class='ocrx_word' id='word_1_117' title='bbox 1221 2468 1295 2542; x_wconf 84' lang='lat' dir='ltr'><strong>qua</strong></span> <span class='ocrx_word' id='word_1_118' title='bbox 1320 2448 1440 2542; x_wconf 82' lang='lat' dir='ltr'><strong>Lupus</strong></span> <span class='ocrx_word' id='word_1_119' title='bbox 1460 2466 1599 2523; x_wconf 83' lang='lat' dir='ltr'><strong>avaros</strong></span> <span class='ocrx_word' id='word_1_120' title='bbox 1616 2453 1654 2522; x_wconf 89' lang='lat' dir='ltr'><strong>et</strong></span> <span class='ocrx_word' id='word_1_121' title='bbox 1671 2447 1807 2541; x_wconf 84' lang='lat' dir='ltr'><strong>loquar</strong></span> <span class='ocrx_word' id='word_1_122' title='bbox 1824 2446 1872 2523; x_wconf 90' lang='lat' dir='ltr'><strong>de</strong></span> <span class='ocrx_word' id='word_1_123' title='bbox 1894 2446 1988 2522; x_wconf 78' lang='lat' dir='ltr'><strong>inciti</strong></span> 
     </span>
     <span class='ocr_line' id='line_1_15' title="bbox 816 2565 1988 2663; baseline 0 -21"><span class='ocrx_word' id='word_1_124' title='bbox 816 2566 1008 2643; x_wconf 83' lang='lat' dir='ltr'><strong>ndhaerens</strong></span> <span class='ocrx_word' id='word_1_125' title='bbox 1033 2566 1139 2643; x_wconf 82' lang='lat' dir='ltr'><strong>atteri</strong></span> <span class='ocrx_word' id='word_1_126' title='bbox 1165 2573 1202 2641; x_wconf 91' lang='lat' dir='ltr'><strong>et</strong></span> <span class='ocrx_word' id='word_1_127' title='bbox 1228 2566 1389 2663; x_wconf 81' lang='lat' dir='ltr'><strong>repieus3</strong></span> <span class='ocrx_word' id='word_1_128' title='bbox 1415 2566 1509 2642; x_wconf 88' lang='lat' dir='ltr'><strong>sicut</strong></span> <span class='ocrx_word' id='word_1_129' title='bbox 1534 2572 1572 2641; x_wconf 90' lang='lat' dir='ltr'><strong>et</strong></span> <span class='ocrx_word' id='word_1_130' title='bbox 1596 2565 1754 2657; x_wconf 78' lang='lat' dir='ltr'><strong>venetiis</strong></span> <span class='ocrx_word' id='word_1_131' title='bbox 1780 2575 1868 2641; x_wconf 88' lang='lat' dir='ltr'><strong>sunt</strong></span> <span class='ocrx_word' id='word_1_132' title='bbox 1892 2568 1988 2641; x_wconf 76' lang='lat' dir='ltr'><strong>uar-</strong></span> 
     </span>
     <span class='ocr_line' id='line_1_16' title="bbox 817 2686 1988 2783; baseline 0 -20"><span class='ocrx_word' id='word_1_133' title='bbox 817 2708 883 2763; x_wconf 89' lang='lat' dir='ltr'><strong>cus</strong></span> <span class='ocrx_word' id='word_1_134' title='bbox 908 2694 945 2763; x_wconf 91' lang='lat' dir='ltr'><strong>et</strong></span> <span class='ocrx_word' id='word_1_135' title='bbox 969 2688 1141 2782; x_wconf 78' lang='lat' dir='ltr'><strong>Marinus,</strong></span> <span class='ocrx_word' id='word_1_136' title='bbox 1172 2708 1258 2782; x_wconf 76' lang='lat' dir='ltr'><strong>quse</strong></span> <span class='ocrx_word' id='word_1_137' title='bbox 1284 2687 1431 2763; x_wconf 79' lang='lat' dir='ltr'><strong>nomine</strong></span> <span class='ocrx_word' id='word_1_138' title='bbox 1450 2687 1675 2763; x_wconf 80' lang='lat' dir='ltr'><strong>conveniunt</strong></span> <span class='ocrx_word' id='word_1_139' title='bbox 1705 2686 1766 2781; x_wconf 84' lang='lat' dir='ltr'><strong>ibi,</strong></span> <span class='ocrx_word' id='word_1_140' title='bbox 1786 2687 1874 2783; x_wconf 80' lang='lat' dir='ltr'><strong>quin</strong></span> <span class='ocrx_word' id='word_1_141' title='bbox 1891 2689 1988 2763; x_wconf 81' lang='lat' dir='ltr'><strong>Mur·</strong></span> 
     </span>
     <span class='ocr_line' id='line_1_17' title="bbox 817 2808 1988 2906; baseline -0.003 -21"><span class='ocrx_word' id='word_1_142' title='bbox 817 2829 883 2885; x_wconf 89' lang='lat' dir='ltr'><strong>cus</strong></span> <span class='ocrx_word' id='word_1_143' title='bbox 912 2813 968 2885; x_wconf 88' lang='lat' dir='ltr'><strong>est</strong></span> <span class='ocrx_word' id='word_1_144' title='bbox 997 2814 1174 2906; x_wconf 81' lang='lat' dir='ltr'><strong>patronus</strong></span> <span class='ocrx_word' id='word_1_145' title='bbox 1203 2808 1368 2903; x_wconf 77' lang='lat' dir='ltr'><strong>civitatis,</strong></span> <span class='ocrx_word' id='word_1_146' title='bbox 1394 2814 1431 2884; x_wconf 89' lang='lat' dir='ltr'><strong>et</strong></span> <span class='ocrx_word' id='word_1_147' title='bbox 1463 2808 1624 2883; x_wconf 81' lang='lat' dir='ltr'><strong>Marinus</strong></span> <span class='ocrx_word' id='word_1_148' title='bbox 1653 2830 1676 2883; x_wconf 82' lang='lat' dir='ltr'>a</span> <span class='ocrx_word' id='word_1_149' title='bbox 1712 2808 1806 2884; x_wconf 84' lang='lat' dir='ltr'><strong>muri</strong></span> <span class='ocrx_word' id='word_1_150' title='bbox 1840 2808 1879 2882; x_wconf 92' lang='lat' dir='ltr'><strong>in</strong></span> <span class='ocrx_word' id='word_1_151' title='bbox 1913 2828 1988 2903; x_wconf 89' lang='lat' dir='ltr'><strong>quo</strong></span> 
     </span>
     <span class='ocr_line' id='line_1_18' title="bbox 817 2920 1989 3027; baseline -0.003 -23"><span class='ocrx_word' id='word_1_152' title='bbox 817 2930 955 3027; x_wconf 85' lang='lat' dir='ltr'><strong>positus</strong></span> <span class='ocrx_word' id='word_1_153' title='bbox 981 2936 1098 3005; x_wconf 87' lang='lat' dir='ltr'><strong>estet</strong></span> <span class='ocrx_word' id='word_1_154' title='bbox 1123 2930 1222 3005; x_wconf 90' lang='lat' dir='ltr'><strong>intus</strong></span> <span class='ocrx_word' id='word_1_155' title='bbox 1246 2936 1284 3005; x_wconf 89' lang='lat' dir='ltr'><strong>et</strong></span> <span class='ocrx_word' id='word_1_156' title='bbox 1309 2929 1408 3005; x_wconf 84' lang='lat' dir='ltr'><strong>toris</strong></span> <span class='ocrx_word' id='word_1_157' title='bbox 1435 2930 1479 3003; x_wconf 87' lang='lat' dir='ltr'><strong>Et</strong></span> <span class='ocrx_word' id='word_1_158' title='bbox 1502 2928 1607 3006; x_wconf 88' lang='lat' dir='ltr'><strong>dicit:</strong></span> <span class='ocrx_word' id='word_1_159' title='bbox 1633 2936 1760 3023; x_wconf 75' lang='lat' dir='ltr'><strong>quosue</strong></span> <span class='ocrx_word' id='word_1_160' title='bbox 1778 2920 1809 3003; x_wconf 83' lang='lat' dir='ltr'><strong>si</strong></span> <span class='ocrx_word' id='word_1_161' title='bbox 1825 2931 1989 3024; x_wconf 73' lang='lat' dir='ltr'><strong>[otesc-</strong></span> 
     </span>
     <span class='ocr_line' id='line_1_19' title="bbox 816 3048 1987 3145; baseline -0.004 -18"><span class='ocrx_word' id='word_1_162' title='bbox 816 3056 906 3143; x_wconf 86' lang='lat' dir='ltr'><strong>ootc,</strong></span> <span class='ocrx_word' id='word_1_163' title='bbox 932 3052 1034 3145; x_wconf 82' lang='lat' dir='ltr'><strong>idest,</strong></span> <span class='ocrx_word' id='word_1_164' title='bbox 1058 3050 1195 3125; x_wconf 84' lang='lat' dir='ltr'><strong>similes</strong></span> <span class='ocrx_word' id='word_1_165' title='bbox 1220 3049 1592 3144; x_wconf 56' lang='lat' dir='ltr'><strong>mutabundum</strong></span> <span class='ocrx_word' id='word_1_166' title='bbox 1614 3054 1784 3142; x_wconf 59' lang='lat' dir='ltr'><strong>undum,</strong></span> <span class='ocrx_word' id='word_1_167' title='bbox 1800 3048 1987 3143; x_wconf 65' lang='lat' dir='ltr'><strong>sciliceta</strong></span> 
     </span>
     <span class='ocr_line' id='line_1_20' title="bbox 816 3164 1986 3269; baseline -0.001 -22"><span class='ocrx_word' id='word_1_168' title='bbox 816 3172 1096 3269; x_wconf 83' lang='lat' dir='ltr'><strong>praedicantibus</strong></span> <span class='ocrx_word' id='word_1_169' title='bbox 1106 3164 1157 3267; x_wconf 79' lang='lat'><strong>(¹),</strong></span> <span class='ocrx_word' id='word_1_170' title='bbox 1169 3175 1393 3267; x_wconf 66' lang='lat' dir='ltr'><strong>pnuuooin</strong></span> <span class='ocrx_word' id='word_1_171' title='bbox 1402 3192 1588 3265; x_wconf 63' lang='lat' dir='ltr'><strong>panemo,</strong></span> <span class='ocrx_word' id='word_1_172' title='bbox 1596 3172 1701 3266; x_wconf 85' lang='lat' dir='ltr'><strong>idest,</strong></span> <span class='ocrx_word' id='word_1_173' title='bbox 1711 3172 1748 3247; x_wconf 91' lang='lat' dir='ltr'><strong>in</strong></span> <span class='ocrx_word' id='word_1_174' title='bbox 1757 3172 1908 3267; x_wconf 80' lang='lat' dir='ltr'><strong>pulpito,</strong></span> <span class='ocrx_word' id='word_1_175' title='bbox 1917 3171 1986 3247; x_wconf 88' lang='lat' dir='ltr'><strong>sci·</strong></span> 
     </span>
     <span class='ocr_line' id='line_1_21' title="bbox 817 3292 1989 3391; baseline -0.003 -21"><span class='ocrx_word' id='word_1_176' title='bbox 817 3294 911 3388; x_wconf 88' lang='lat' dir='ltr'><strong>linet,</strong></span> <span class='ocrx_word' id='word_1_177' title='bbox 939 3294 1107 3390; x_wconf 81' lang='lat' dir='ltr'><strong>publice3</strong></span> <span class='ocrx_word' id='word_1_178' title='bbox 1133 3300 1170 3369; x_wconf 88' lang='lat' dir='ltr'><strong>et</strong></span> <span class='ocrx_word' id='word_1_179' title='bbox 1194 3294 1300 3371; x_wconf 89' lang='lat' dir='ltr'><strong>dicit:</strong></span> <span class='ocrx_word' id='word_1_180' title='bbox 1321 3296 1437 3391; x_wconf 67' lang='lat' dir='ltr'><strong>quoto</strong></span> <span class='ocrx_word' id='word_1_181' title='bbox 1460 3297 1631 3386; x_wconf 57' lang='lat' dir='ltr'><strong>comedi,</strong></span> <span class='ocrx_word' id='word_1_182' title='bbox 1649 3293 1787 3371; x_wconf 86' lang='lat' dir='ltr'><strong>scilicet</strong></span> <span class='ocrx_word' id='word_1_183' title='bbox 1802 3293 1887 3369; x_wconf 87' lang='lat' dir='ltr'><strong>hinc</strong></span> <span class='ocrx_word' id='word_1_184' title='bbox 1904 3292 1989 3367; x_wconf 86' lang='lat' dir='ltr'><strong>inde</strong></span> 
     </span>
     <span class='ocr_line' id='line_1_22' title="bbox 815 3412 1988 3510; baseline -0.003 -20"><span class='ocrx_word' id='word_1_185' title='bbox 815 3414 1043 3510; x_wconf 86' lang='lat' dir='ltr'><strong>opponendo,</strong></span> <span class='ocrx_word' id='word_1_186' title='bbox 1073 3414 1160 3509; x_wconf 79' lang='lat' dir='ltr'><strong>quie</strong></span> <span class='ocrx_word' id='word_1_187' title='bbox 1194 3436 1291 3489; x_wconf 88' lang='lat' dir='ltr'><strong>unus</strong></span> <span class='ocrx_word' id='word_1_188' title='bbox 1320 3420 1476 3489; x_wconf 80' lang='lat' dir='ltr'><strong>conatur</strong></span> <span class='ocrx_word' id='word_1_189' title='bbox 1500 3412 1625 3489; x_wconf 89' lang='lat' dir='ltr'><strong>dicere</strong></span> <span class='ocrx_word' id='word_1_190' title='bbox 1649 3413 1877 3489; x_wconf 75' lang='lat' dir='ltr'><strong>contrarium</strong></span> <span class='ocrx_word' id='word_1_191' title='bbox 1909 3412 1988 3489; x_wconf 89' lang='lat' dir='ltr'><strong>eius</strong></span> 
     </span>
     <span class='ocr_line' id='line_1_23' title="bbox 815 3533 1987 3630; baseline 0.002 -23"><span class='ocrx_word' id='word_1_192' title='bbox 815 3534 914 3629; x_wconf 84' lang='lat' dir='ltr'><strong>quod</strong></span> <span class='ocrx_word' id='word_1_193' title='bbox 939 3533 1030 3609; x_wconf 84' lang='lat' dir='ltr'><strong>dixit</strong></span> <span class='ocrx_word' id='word_1_194' title='bbox 1054 3536 1157 3610; x_wconf 81' lang='lat' dir='ltr'><strong>ulter.</strong></span> <span class='ocrx_word' id='word_1_195' title='bbox 1184 3536 1229 3609; x_wconf 83' lang='lat' dir='ltr'><strong>Et</strong></span> <span class='ocrx_word' id='word_1_196' title='bbox 1253 3534 1376 3609; x_wconf 88' lang='lat' dir='ltr'><strong>subdit</strong></span> <span class='ocrx_word' id='word_1_197' title='bbox 1399 3555 1557 3630; x_wconf 81' lang='lat' dir='ltr'><strong>pravum</strong></span> <span class='ocrx_word' id='word_1_198' title='bbox 1573 3534 1748 3609; x_wconf 81' lang='lat' dir='ltr'><strong>effectum</strong></span> <span class='ocrx_word' id='word_1_199' title='bbox 1775 3534 1838 3628; x_wconf 81' lang='lat' dir='ltr'><strong>qui</strong></span> <span class='ocrx_word' id='word_1_200' title='bbox 1863 3535 1987 3630; x_wconf 85' lang='lat' dir='ltr'><strong>sequi-</strong></span> 
     </span>
     <span class='ocr_line' id='line_1_24' title="bbox 815 3654 1987 3750; baseline -0.002 -20"><span class='ocrx_word' id='word_1_201' title='bbox 815 3662 876 3730; x_wconf 89' lang='lat' dir='ltr'><strong>tur</strong></span> <span class='ocrx_word' id='word_1_202' title='bbox 901 3674 949 3730; x_wconf 84' lang='lat' dir='ltr'><strong>er</strong></span> <span class='ocrx_word' id='word_1_203' title='bbox 975 3654 1108 3730; x_wconf 84' lang='lat' dir='ltr'><strong>tutibus</strong></span> <span class='ocrx_word' id='word_1_204' title='bbox 1133 3655 1277 3750; x_wconf 85' lang='lat' dir='ltr'><strong>sabulis,</strong></span> <span class='ocrx_word' id='word_1_205' title='bbox 1302 3654 1391 3749; x_wconf 81' lang='lat' dir='ltr'><strong>quia</strong></span> <span class='ocrx_word' id='word_1_206' title='bbox 1416 3654 1553 3731; x_wconf 87' lang='lat' dir='ltr'><strong>sciticet</strong></span> <span class='ocrx_word' id='word_1_207' title='bbox 1577 3654 1726 3731; x_wconf 79' lang='lat' dir='ltr'><strong>amissio</strong></span> <span class='ocrx_word' id='word_1_208' title='bbox 1749 3654 1926 3750; x_wconf 85' lang='lat' dir='ltr'><strong>temporis</strong></span> <span class='ocrx_word' id='word_1_209' title='bbox 1949 3662 1987 3731; x_wconf 89' lang='lat' dir='ltr'><strong>et</strong></span> 
     </span>
     <span class='ocr_line' id='line_1_25' title="bbox 813 3769 1986 3872; baseline -0.002 -21"><span class='ocrx_word' id='word_1_210' title='bbox 813 3775 1007 3851; x_wconf 89' lang='lat' dir='ltr'><strong>diminutio</strong></span> <span class='ocrx_word' id='word_1_211' title='bbox 1033 3774 1134 3872; x_wconf 80' lang='lat' dir='ltr'><strong>fidei3</strong></span> <span class='ocrx_word' id='word_1_212' title='bbox 1160 3776 1259 3852; x_wconf 89' lang='lat' dir='ltr'><strong>unde</strong></span> <span class='ocrx_word' id='word_1_213' title='bbox 1282 3776 1386 3851; x_wconf 87' lang='lat' dir='ltr'><strong>dicit:</strong></span> <span class='ocrx_word' id='word_1_214' title='bbox 1409 3769 1522 3851; x_wconf 77' lang='lat' dir='ltr'><strong>sioodc&#39;</strong></span> <span class='ocrx_word' id='word_1_215' title='bbox 1543 3779 1576 3850; x_wconf 87' lang='lat' dir='ltr'><strong>tc</strong></span> <span class='ocrx_word' id='word_1_216' title='bbox 1594 3779 1781 3869; x_wconf 64' lang='lat' dir='ltr'><strong>mette,</strong></span> <span class='ocrx_word' id='word_1_217' title='bbox 1797 3774 1901 3868; x_wconf 79' lang='lat' dir='ltr'><strong>idest,</strong></span> <span class='ocrx_word' id='word_1_218' title='bbox 1915 3794 1986 3851; x_wconf 79' lang='lat' dir='ltr'><strong>nu-</strong></span> 
     </span>
     <span class='ocr_line' id='line_1_26' title="bbox 812 3895 1985 3992; baseline -0.001 -21"><span class='ocrx_word' id='word_1_219' title='bbox 812 3896 950 3971; x_wconf 85' lang='lat' dir='ltr'><strong>ditores</strong></span> <span class='ocrx_word' id='word_1_220' title='bbox 975 3896 1157 3992; x_wconf 87' lang='lat' dir='ltr'><strong>simptices</strong></span> <span class='ocrx_word' id='word_1_221' title='bbox 1174 3902 1213 3973; x_wconf 89' lang='lat' dir='ltr'><strong>et</strong></span> <span class='ocrx_word' id='word_1_222' title='bbox 1231 3896 1366 3990; x_wconf 80' lang='lat' dir='ltr'><strong>lascivi,</strong></span> <span class='ocrx_word' id='word_1_223' title='bbox 1383 3896 1448 3990; x_wconf 81' lang='lat' dir='ltr'><strong>qui</strong></span> <span class='ocrx_word' id='word_1_224' title='bbox 1473 3895 1628 3971; x_wconf 78' lang='lat' dir='ltr'><strong>audiunt</strong></span> <span class='ocrx_word' id='word_1_225' title='bbox 1648 3896 1927 3991; x_wconf 75' lang='lat' dir='ltr'><strong>predicatorem</strong></span> <span class='ocrx_word' id='word_1_226' title='bbox 1947 3902 1985 3973; x_wconf 90' lang='lat' dir='ltr'><strong>et</strong></span> 
     </span>
     <span class='ocr_line' id='line_1_27' title="bbox 812 4012 2023 4113; baseline 0 -24"><span class='ocrx_word' id='word_1_227' title='bbox 812 4023 998 4111; x_wconf 71' lang='lat' dir='ltr'><strong>pastorem</strong></span> <span class='ocrx_word' id='word_1_228' title='bbox 1025 4015 1314 4110; x_wconf 83' lang='lat' dir='ltr'><strong>iraudulentum,</strong></span> <span class='ocrx_word' id='word_1_229' title='bbox 1331 4016 1392 4091; x_wconf 81' lang='lat' dir='ltr'><strong>cte</strong></span> <span class='ocrx_word' id='word_1_230' title='bbox 1407 4036 1482 4091; x_wconf 79' lang='lat' dir='ltr'><strong>non</strong></span> <span class='ocrx_word' id='word_1_231' title='bbox 1496 4036 1625 4107; x_wconf 73' lang='lat' dir='ltr'><strong>cosmo,</strong></span> <span class='ocrx_word' id='word_1_232' title='bbox 1638 4015 1741 4111; x_wconf 85' lang='lat' dir='ltr'><strong>idest,</strong></span> <span class='ocrx_word' id='word_1_233' title='bbox 1760 4016 1981 4113; x_wconf 72' lang='lat' dir='ltr'><strong>ignorantes,</strong></span> <span class='ocrx_word' id='word_1_234' title='bbox 2018 4012 2023 4025; x_wconf 82' lang='lat'>&#39;</span> 
     </span>
     <span class='ocr_line' id='line_1_28' title="bbox 812 4134 1987 4231; baseline -0.001 -20"><span class='ocrx_word' id='word_1_235' title='bbox 812 4143 943 4211; x_wconf 71' lang='lat' dir='ltr'><strong>ornan</strong></span> <span class='ocrx_word' id='word_1_236' title='bbox 967 4138 1031 4210; x_wconf 85' lang='lat' dir='ltr'><strong>dut</strong></span> <span class='ocrx_word' id='word_1_237' title='bbox 1050 4156 1173 4230; x_wconf 64' lang='lat' dir='ltr'><strong>posco</strong></span> <span class='ocrx_word' id='word_1_238' title='bbox 1196 4135 1340 4229; x_wconf 72' lang='lat' dir='ltr'><strong>idesta</strong></span> <span class='ocrx_word' id='word_1_239' title='bbox 1366 4134 1512 4231; x_wconf 78' lang='lat' dir='ltr'><strong>pabulo,</strong></span> <span class='ocrx_word' id='word_1_240' title='bbox 1526 4140 1681 4229; x_wconf 71' lang='lat' dir='ltr'><strong>pascuae</strong></span> <span class='ocrx_word' id='word_1_241' title='bbox 1700 4140 1739 4211; x_wconf 84' lang='lat' dir='ltr'><strong>di</strong></span> <span class='ocrx_word' id='word_1_242' title='bbox 1762 4143 1877 4226; x_wconf 77' lang='lat' dir='ltr'><strong>cento,</strong></span> <span class='ocrx_word' id='word_1_243' title='bbox 1895 4136 1987 4212; x_wconf 81' lang='lat' dir='ltr'><strong>idest</strong></span> 
     </span>
     <span class='ocr_line' id='line_1_29' title="bbox 812 4254 1987 4351; baseline 0 -20"><span class='ocrx_word' id='word_1_244' title='bbox 812 4254 972 4332; x_wconf 83' lang='lat' dir='ltr'><strong>ventosis</strong></span> <span class='ocrx_word' id='word_1_245' title='bbox 988 4262 1026 4331; x_wconf 88' lang='lat' dir='ltr'><strong>et</strong></span> <span class='ocrx_word' id='word_1_246' title='bbox 1046 4256 1149 4331; x_wconf 82' lang='lat' dir='ltr'><strong>vonis</strong></span> <span class='ocrx_word' id='word_1_247' title='bbox 1170 4255 1304 4351; x_wconf 85' lang='lat' dir='ltr'><strong>verbis,</strong></span> <span class='ocrx_word' id='word_1_248' title='bbox 1319 4276 1404 4350; x_wconf 84' lang='lat' dir='ltr'><strong>quoe</strong></span> <span class='ocrx_word' id='word_1_249' title='bbox 1426 4255 1553 4331; x_wconf 79' lang='lat' dir='ltr'><strong>indunt</strong></span> <span class='ocrx_word' id='word_1_250' title='bbox 1576 4263 1615 4333; x_wconf 87' lang='lat' dir='ltr'><strong>et</strong></span> <span class='ocrx_word' id='word_1_251' title='bbox 1640 4278 1714 4331; x_wconf 94' lang='lat' dir='ltr'><strong>non</strong></span> <span class='ocrx_word' id='word_1_252' title='bbox 1734 4256 1856 4351; x_wconf 80' lang='lat' dir='ltr'><strong>olunt3</strong></span> <span class='ocrx_word' id='word_1_253' title='bbox 1873 4262 1912 4333; x_wconf 86' lang='lat' dir='ltr'><strong>et</strong></span> <span class='ocrx_word' id='word_1_254' title='bbox 1929 4255 1987 4331; x_wconf 86' lang='lat' dir='ltr'><strong>di·</strong></span> 
     </span>
     <span class='ocr_line' id='line_1_30' title="bbox 811 4374 1984 4475; baseline -0.003 -21"><span class='ocrx_word' id='word_1_255' title='bbox 811 4376 881 4454; x_wconf 88' lang='lat' dir='ltr'><strong>cit:</strong></span> <span class='ocrx_word' id='word_1_256' title='bbox 907 4398 927 4451; x_wconf 78' lang='lat' dir='ltr'><strong>e</strong></span> <span class='ocrx_word' id='word_1_257' title='bbox 950 4396 1024 4451; x_wconf 82' lang='lat' dir='ltr'><strong>non</strong></span> <span class='ocrx_word' id='word_1_258' title='bbox 1047 4380 1079 4451; x_wconf 81' lang='lat' dir='ltr'><strong>te</strong></span> <span class='ocrx_word' id='word_1_259' title='bbox 1101 4396 1205 4451; x_wconf 83' lang='lat' dir='ltr'><strong>sousa</strong></span> <span class='ocrx_word' id='word_1_260' title='bbox 1222 4396 1295 4451; x_wconf 82' lang='lat' dir='ltr'><strong>non</strong></span> <span class='ocrx_word' id='word_1_261' title='bbox 1319 4378 1425 4451; x_wconf 79' lang='lat' dir='ltr'><strong>ceder</strong></span> <span class='ocrx_word' id='word_1_262' title='bbox 1445 4379 1481 4450; x_wconf 88' lang='lat' dir='ltr'><strong>to</strong></span> <span class='ocrx_word' id='word_1_263' title='bbox 1496 4379 1631 4469; x_wconf 77' lang='lat' dir='ltr'><strong>dumo,</strong></span> <span class='ocrx_word' id='word_1_264' title='bbox 1655 4376 1758 4470; x_wconf 90' lang='lat' dir='ltr'><strong>idest,</strong></span> <span class='ocrx_word' id='word_1_265' title='bbox 1778 4374 1984 4475; x_wconf 75' lang='lat' dir='ltr'><strong>ignorantis</strong></span> 
     </span>
     <span class='ocr_line' id='line_1_31' title="bbox 812 4496 1985 4594; baseline 0.001 -21"><span class='ocrx_word' id='word_1_266' title='bbox 812 4519 885 4575; x_wconf 91' lang='lat' dir='ltr'><strong>non</strong></span> <span class='ocrx_word' id='word_1_267' title='bbox 912 4504 1064 4573; x_wconf 80' lang='lat' dir='ltr'><strong>excusat</strong></span> <span class='ocrx_word' id='word_1_268' title='bbox 1095 4517 1171 4592; x_wconf 73' lang='lat' dir='ltr'><strong>eos,</strong></span> <span class='ocrx_word' id='word_1_269' title='bbox 1202 4497 1290 4593; x_wconf 84' lang='lat' dir='ltr'><strong>quia</strong></span> <span class='ocrx_word' id='word_1_270' title='bbox 1324 4517 1399 4572; x_wconf 92' lang='lat' dir='ltr'><strong>non</strong></span> <span class='ocrx_word' id='word_1_271' title='bbox 1429 4503 1486 4573; x_wconf 87' lang='lat' dir='ltr'><strong>est</strong></span> <span class='ocrx_word' id='word_1_272' title='bbox 1511 4498 1614 4593; x_wconf 73' lang='lat' dir='ltr'><strong>iuste</strong></span> <span class='ocrx_word' id='word_1_273' title='bbox 1647 4496 1865 4594; x_wconf 75' lang='lat' dir='ltr'><strong>ignorantia,</strong></span> <span class='ocrx_word' id='word_1_274' title='bbox 1898 4496 1985 4591; x_wconf 85' lang='lat' dir='ltr'><strong>quin</strong></span> 
     </span>
     <span class='ocr_line' id='line_1_32' title="bbox 810 4616 1985 4695; baseline -0.005 0"><span class='ocrx_word' id='word_1_275' title='bbox 810 4638 935 4695; x_wconf 82' lang='lat' dir='ltr'><strong>crassa</strong></span> <span class='ocrx_word' id='word_1_276' title='bbox 960 4626 1029 4695; x_wconf 86' lang='lat' dir='ltr'><strong>etc</strong></span> <span class='ocrx_word' id='word_1_277' title='bbox 1044 4622 1188 4693; x_wconf 87' lang='lat' dir='ltr'><strong>-Nnn</strong></span> <span class='ocrx_word' id='word_1_278' title='bbox 1212 4620 1315 4693; x_wconf 79' lang='lat' dir='ltr'><strong>disse.</strong></span> <span class='ocrx_word' id='word_1_279' title='bbox 1341 4617 1407 4694; x_wconf 83' lang='lat' dir='ltr'><strong>flio</strong></span> <span class='ocrx_word' id='word_1_280' title='bbox 1432 4618 1581 4695; x_wconf 81' lang='lat' dir='ltr'><strong>Bentrix</strong></span> <span class='ocrx_word' id='word_1_281' title='bbox 1598 4618 1759 4693; x_wconf 89' lang='lat' dir='ltr'><strong>muitum</strong></span> <span class='ocrx_word' id='word_1_282' title='bbox 1780 4616 1985 4693; x_wconf 53' lang='lat' dir='ltr'><strong>demetetur</strong></span> 
     </span>
     <span class='ocr_line' id='line_1_33' title="bbox 811 4736 1985 4835; baseline 0.003 -20"><span class='ocrx_word' id='word_1_283' title='bbox 811 4745 851 4815; x_wconf 85' lang='lat' dir='ltr'><strong>et</strong></span> <span class='ocrx_word' id='word_1_284' title='bbox 874 4739 1025 4815; x_wconf 83' lang='lat' dir='ltr'><strong>damnat</strong></span> <span class='ocrx_word' id='word_1_285' title='bbox 1043 4740 1245 4835; x_wconf 83' lang='lat' dir='ltr'><strong>superbam</strong></span> <span class='ocrx_word' id='word_1_286' title='bbox 1262 4738 1461 4814; x_wconf 84' lang='lat' dir='ltr'><strong>vanitatem</strong></span> <span class='ocrx_word' id='word_1_287' title='bbox 1479 4740 1635 4815; x_wconf 89' lang='lat' dir='ltr'><strong>istorum</strong></span> <span class='ocrx_word' id='word_1_288' title='bbox 1656 4738 1863 4832; x_wconf 87' lang='lat' dir='ltr'><strong>ostendens,</strong></span> <span class='ocrx_word' id='word_1_289' title='bbox 1884 4736 1985 4831; x_wconf 78' lang='lat' dir='ltr'><strong>qdod</strong></span> 
     </span>
    </p>
   </div>
   <div class='ocr_carea' id='block_1_3' title="bbox 876 5000 1188 5069">
    <p class='ocr_par' dir='ltr' id='par_1_3' title="bbox 876 5000 1188 5069">
     <span class='ocr_line' id='line_1_34' title="bbox 876 5000 1188 5069; baseline 0.003 -15"><span class='ocrx_word' id='word_1_290' title='bbox 876 5000 906 5069; x_wconf 64' lang='grc' dir='ltr'><strong>Γ)</strong></span> <span class='ocrx_word' id='word_1_291' title='bbox 920 5002 952 5054; x_wconf 81' lang='lat' dir='ltr'><strong>n.</strong></span> <span class='ocrx_word' id='word_1_292' title='bbox 968 5002 1188 5068; x_wconf 68' lang='lat' dir='ltr'><strong>mdestuttm.</strong></span> 
     </span>
    </p>
   </div>
   <div class='ocr_carea' id='block_1_4' title="bbox 0 0 2426 6642">
    <p class='ocr_par' dir='ltr' id='par_1_4' title="bbox 0 0 2426 6642">
     <span class='ocr_line' id='line_1_35' title="bbox 0 0 2426 6642; baseline 0 4"><span class='ocrx_word' id='word_1_293' title='bbox 0 0 2426 6642; x_wconf 95' lang='lat' dir='ltr'><strong> </strong></span> 
     </span>
    </p>
   </div>
  </div>
 </body>
</html>
