4842 6642
809 834 884 901 tut
1199 842 1405 901 musarum
1429 842 1598 901 nasama

812 990 904 1065 uicit
928 1010 1018 1088 ergo
1052 991 1180 1065 isaias:
1208 998 1357 1084 propter
1385 994 1450 1064 ltoo
1465 984 1503 1082 (¹)
1536 994 1574 1063 in
1605 996 1703 1063 mro
1732 1008 1799 1062 suo
1829 988 1982 1081 ‹topttaa
2097 1048 2104 1061 .

804 1112 1040 1205 possidebunt,
1061 1119 1094 1185 et
1112 1114 1231 1186 lotitia
1248 1119 1316 1186 etc.
1336 1112 1378 1185 ut
1396 1110 1517 1185 subdit
1535 1109 1784 1185 testimonium
1803 1108 1894 1181 Nori
1911 1109 1983 1183 Te·

809 1228 992 1325 elementi,
1010 1231 1153 1306 dicens:
1173 1235 1234 1305 e'l
1248 1241 1307 1306 too
1321 1234 1478 1325 fratello,
1495 1230 1641 1323 scilicet,
1660 1228 1844 1305 lohannes
1867 1246 1984 1303 eran·

810 1352 949 1449 gelista,
976 1356 1008 1424 ci
1032 1354 1216 1446 amntsmto
1240 1360 1362 1443 questo
1386 1354 1614 1441 rtoetozmoe,
1640 1350 1786 1444 scilicet,
1804 1348 1916 1441 lsaiae,
1935 1348 1984 1422 de

811 1471 948 1565 lutura,
975 1470 1121 1564 scilicet,
1146 1468 1279 1566 duplici
1301 1472 1417 1568 gloria
1434 1492 1520 1566 quae
1537 1470 1829 1545 manifestabitur
1849 1468 1907 1544 vel
1925 1488 1984 1543 re·

812 1592 993 1666 velabitur
1023 1591 1060 1665 in
1094 1590 1210 1683 nobis,
1241 1597 1340 1666 assai
1371 1597 1425 1666 oie
1455 1588 1517 1685 pst
1549 1596 1696 1684 diptota,
1731 1590 1833 1685 idest,
1866 1590 1983 1663 multo

812 1714 953 1807 plenius
970 1712 1169 1789 discussam
1193 1720 1229 1787 et
1246 1721 1518 1808 pertractatam.
1532 1711 1577 1787 Et
1589 1712 1693 1787 dicit:
1711 1701 1747 1785 tt
1763 1712 1852 1786 doira
1864 1718 1984 1805 emto,

811 1833 958 1927 scilicet,
980 1833 1017 1907 iu
1042 1834 1257 1930 Apocalypsi
1283 1834 1392 1909 tertio
1417 1834 1589 1929 capituto,
1607 1837 1694 1907 dello
1718 1832 1861 1907 wacca
1885 1834 1983 1924 stola,

813 1974 879 2049 per
904 1974 997 2047 quas
1027 1953 1161 2051 figurat
1187 1961 1256 2029 etc.
1283 1956 1326 2028 Et
1354 1954 1406 2030 sic
1435 1961 1536 2050 patet
1563 1954 1751 2049 quomodo
1779 1953 1891 2030 ambo
1915 1975 1984 2029 an·

813 2075 982 2148 nuntiant
1007 2081 1044 2149 et
1077 2075 1296 2150 confirmant
1331 2076 1639 2150 resurrectionem
1671 2082 1917 2169 mortuorum,
1946 2082 1986 2149 et

812 2194 1111 2291 glorificationem
1131 2214 1353 2290 corporum,
1378 2215 1424 2270 ex
1444 2216 1519 2289 quo
1537 2196 1767 2271 concluditur
1783 2196 1882 2290 qood
1903 2216 1986 2291 spes

812 2316 990 2412 promittit
1015 2316 1082 2391 sibi
1100 2316 1211 2392 vitam
1234 2317 1315 2391 sine
1331 2316 1414 2391 line.
1427 2358 1478 2371 -
1490 2322 1662 2410 Eprium.
1681 2317 1746 2392 liic
1761 2323 1871 2391 autor
1888 2314 1986 2412 ponit

809 2436 985 2511 ellectum
1013 2458 1091 2511 suae
1119 2438 1372 2533 responsionis,
1398 2438 1485 2532 quia
1511 2438 1648 2513 scilicet
1677 2438 1779 2535 tingit
1808 2437 1983 2534 gaudium
2038 2445 2042 2454 '

811 2558 911 2651 qnod
938 2556 1106 2633 iecerunt
1131 2559 1201 2633 illae
1226 2560 1360 2633 animm
1389 2560 1507 2634 bmtae
1530 2559 1576 2634 ad
1601 2559 1890 2635 confirmandam
1926 2580 1986 2633 re-

816 2677 1047 2773 sponsionem
1074 2679 1226 2773 autoris,
1252 2679 1393 2754 dicens:
1429 2683 1600 2772 Eprtmo
1632 2680 1661 2752 s’
1675 2670 1748 2772 udi,
1781 2680 1928 2774 scilicet,
1962 2701 1983 2754 a

813 2799 931 2893 nobis,
954 2820 1080 2891 presso
1105 2803 1144 2873 ol
1163 2802 1216 2892 pin
1235 2802 1349 2874 desta
1362 2803 1501 2893 porota,
1519 2800 1607 2875 illud
1623 2800 1761 2875 dictum
1780 2800 1986 2896 psalmistae,

814 2926 953 3013 merod
975 2923 1013 2993 in
1038 2926 1069 2994 le
1093 2922 1153 3011 qui
1175 2928 1350 2993 noceant
1373 2940 1499 2993 nomen
1519 2929 1623 2994 tuum.
1642 2922 1687 2993 ut
1703 2920 1807 2995 dicit:
1825 2924 1864 2994 di
1877 2942 1987 3013 sopra

813 3058 841 3112 a
865 3043 937 3133 noi,
963 3040 1049 3133 quia
1077 3040 1124 3114 illi
1152 3041 1214 3135 qui
1241 3046 1348 3115 erant
1377 3041 1412 3114 in
1443 3061 1550 3137 spera
1578 3042 1830 3137 apostolorum
1861 3047 1988 3115 canta·

815 3160 905 3235 bant
929 3158 1025 3233 istud
1040 3151 1076 3253 (²)
1103 3160 1255 3235 dictum.
1281 3160 1569 3255 uitiatarum
1599 3162 1723 3236 caeteri
1754 3161 1867 3235 sancti
1898 3181 1988 3236 oon·

814 3278 1060 3355 firmaverunt
1085 3282 1154 3356 hoc
1168 3273 1373 3376 (³),dicenst
1399 3302 1425 3354 o
1448 3284 1518 3376 ote,
1545 3282 1648 3375 idest,
1666 3282 1712 3356 ad
1729 3281 1829 3376 quod
1848 3282 1985 3357 dictum

813 3400 875 3475 tel
895 3400 1091 3495 canticum,
1108 3404 1266 3493 risposer
1285 3409 1365 3475 tutte
1382 3406 1413 3475 te
1432 3405 1564 3494 carole,
1585 3401 1687 3495 idest,
1707 3408 1852 3476 caeterae
1868 3420 1985 3497 spera

674 3571 677 3576 ,
813 3521 1008 3597 beatorum
1035 3522 1270 3597 existentium
1297 3522 1346 3597 ibi
1371 3530 1441 3597 etc.

891 3645 1015 3715 Poscio
1042 3650 1099 3715 tro
1124 3664 1206 3717 esse.
1235 3643 1305 3716 lsta
1331 3651 1387 3717 est
1411 3652 1543 3737 quarta
1557 3632 1595 3735 (⁴)
1624 3665 1707 3739 pars
1732 3644 1925 3739 generalis
1950 3640 1987 3717 in

812 3780 887 3855 qua
915 3769 1024 3836 autor
1049 3762 1247 3840 introducit
1271 3764 1421 3837 tertium
1447 3764 1668 3858 apostolom,
1688 3764 1835 3859 scilicet,
1852 3765 1987 3839 lohan-

814 3900 901 3957 nem
927 3880 1192 3979 evangelistam
1220 3885 1519 3958 examinaturum
1546 3885 1665 3979 ipsum
1696 3884 1745 3959 de
1772 3885 1881 3960 tertia
1911 3887 1985 3958 vir·

718 4092 720 4099 Ι
815 4010 905 4097 tute,
922 4004 1069 4099 scilicet,
1088 4007 1254 4101 caritate,
1271 4026 1383 4101 quem
1402 4006 1575 4081 describit
1592 4026 1658 4101 per
1674 4006 1985 4102 comparationem

816 4124 981 4220 pulcram
1010 4134 1047 4201 el
1071 4125 1261 4221 subtilem;
1285 4134 1324 4201 et
1340 4127 1603 4201 sententialiter
1618 4132 1657 4202 et
1674 4125 1886 4201 summatim
1913 4146 1987 4200 non

817 4245 896 4317 vult
920 4244 1019 4318 aliud
1045 4245 1179 4340 dicere,
1206 4246 1273 4319 nisi
1297 4247 1398 4340 quod
1429 4246 1612 4321 lohannes
1645 4247 1779 4321 ardens
1808 4255 1847 4323 et
1877 4246 1989 4321 lumi-

816 4382 929 4438 nosus
954 4365 1104 4439 emicuit
1133 4366 1181 4439 tut
1213 4366 1306 4441 sicin
1340 4367 1412 4441 sol:
1443 4368 1620 4442 assimilat
1650 4367 1749 4441 enim
1784 4366 1986 4444 iohannem

815 4486 998 4581 crystallo,
1015 4492 1054 4560 ai
1072 4486 1237 4581 parificat
1261 4486 1491 4581 splendorem
1511 4487 1668 4583 crystalli
1689 4488 1872 4583 splendori
1890 4490 1984 4564 solis

819 4606 872 4679 td
897 4607 1002 4681 cuius
1028 4607 1302 4705 intelligentiam
1327 4618 1385 4684 est
1410 4608 1701 4703 praenotandum,
1728 4610 1825 4703 quod
1857 4608 1986 4705 positio

735 4728 738 4733 ’
817 4732 890 4799 stat
916 4726 951 4799 in
978 4727 1065 4801 hoc:
1092 4728 1137 4801 sii
1162 4730 1216 4802 sol
1241 4728 1278 4801 in
1304 4728 1480 4823 principio
1504 4726 1720 4825 capricorni,
1740 4738 1778 4805 et
1803 4750 1877 4805 una
1901 4748 1987 4826 cry-

882 4917 909 4979 (¹)
927 4917 956 4967 E.
972 4920 1031 4969 duo.
1156 4917 1183 4983 (¹)
1200 4920 1226 4969 S.-
1243 4920 1318 4969 illud.
1444 4919 1470 4981 l't
1487 4920 1517 4969 tt.
1531 4921 1584 4970 laec
1601 4920 1708 4978 dicium,
1725 4919 1854 4969 dicentem
1869 4934 1888 4969 a
1903 4922 1954 4971 clia.

882 4992 909 5057 Γ)
925 4994 955 5043 E.
971 5000 1062 5059 quartu
1078 5000 1104 5045 at
1121 4997 1213 5047 uallium
1230 5010 1290 5060 pus
1306 4996 1434 5060 pennalis
1449 4997 1526 5047 huius
1541 4998 1656 5061 capituli,
1670 4996 1699 5047 in
1715 5010 1776 5062 qua.
