4842 6642
997 786 1066 851 126
1387 794 1592 848 coururorr
1616 793 1783 847 annunrsr

992 940 1040 1015 ab
1065 940 1133 1014 illis
1158 939 1347 1013 luminosis
1371 938 1569 1034 spiritibus,
1594 941 1654 1012 cite
1678 941 1723 1012 m'
1736 942 1938 1031 opportuno
1962 931 2001 1029 tt,
2019 937 2165 1029 scilicet,

993 1061 1030 1133 in
1056 1081 1163 1156 spera
1188 1059 1324 1153 Martis,
1348 1079 1444 1132 come
1471 1061 1557 1150 nino
1580 1061 1626 1132 cd
1649 1079 1755 1152 orna,
1790 1058 1893 1152 idest,
1920 1058 1980 1132 illa
2004 1058 2080 1132 duo
2111 1058 2167 1132 iu-

995 1186 1200 1256 strumenta
1227 1180 1379 1272 musica,
1409 1199 1493 1273 quae
1524 1179 1761 1254 artificialiter
1790 1179 1928 1254 iaciunt
1961 1178 2164 1253 mirabilem

996 1323 1141 1396 sonum,
1156 1305 1223 1396 fon
1248 1304 1345 1374 dolce
1369 1303 1529 1392 tintinna,
1555 1299 1659 1394 idest,
1685 1319 1831 1394 sonum,
1856 1303 1896 1372 in
1920 1309 2057 1392 umora
2082 1307 2166 1390 teca,

996 1421 1129 1516 *idest
1156 1421 1192 1494 in
1219 1421 1398 1516 temperie
1422 1426 1586 1515 extensu,
1611 1423 1650 1494 di
1673 1424 1776 1494 νηοῖο»
1807 1423 1928 1512 corde,
1953 1426 1991 1495 et
2015 1419 2117 1494 dicit:
2144 1441 2168 1492 a

997 1544 1049 1615 toi
1075 1544 1124 1616 do
1153 1544 1208 1614 cni
1236 1544 1273 1614 to
1301 1549 1386 1614 noto
1409 1561 1482 1614 non
1506 1536 1528 1615 c*
1549 1534 1756 1633 inuno*l¹).
1790 1541 1834 1614 Et
1865 1541 1923 1615 bic
1953 1547 2039 1616 nota
2070 1540 2168 1635 quod

997 1661 1223 1758 comparatio
1240 1672 1296 1737 est
1312 1661 1475 1756 propria3
1495 1661 1616 1756 primo
1634 1661 1721 1756 quia
1739 1663 1834 1736 sicut
1850 1661 2005 1736 diverse
2021 1660 2169 1736 chordae

997 1784 1034 1857 iu
1059 1784 1137 1879 lyra
1163 1782 1214 1856 ita
1240 1782 1334 1855 bene
1359 1781 1683 1876 proportionantur
1707 1781 1754 1857 ad
1786 1781 1956 1875 invicem,
1982 1781 2082 1876 quod
2116 1781 2170 1856 la-

997 1904 1098 1978 ciunt
1122 1903 1268 1977 dulcem
1286 1923 1440 1995 sonum3
1457 1902 1506 1978 ita
1523 1903 1581 1976 bic
1598 1903 1634 1976 in
1652 1902 1720 1976 ista
1737 1923 1849 1977 cruce
1865 1902 2020 1977 diversae
2036 1902 2170 1976 anime

997 2024 1046 2097 ita
1072 2023 1166 2097 bene
1185 2022 1453 2097 conveniebant
1477 2022 1516 2095 in
1540 2023 1693 2097 vocibus
1710 2023 1809 2118 quod
1828 2023 2008 2098 iaciebant
2024 2023 2170 2097 dulcem

998 2148 1166 2236 eantum3
1193 2149 1231 2216 et
1255 2141 1350 2215 sicut
1375 2161 1472 2243 saepe
1496 2163 1609 2216 sonus
1633 2141 1798 2216 musicus
1822 2141 1973 2216 auditur
1997 2162 2021 2216 a
2048 2141 2173 2216 multis

998 2284 1083 2338 cunr
1111 2261 1352 2337 delectatione
1376 2262 1439 2356 qui
1457 2270 1582 2337 tamen
1600 2283 1674 2336 nou
1691 2262 1897 2360 intelligunt
1914 2263 2035 2359 ipsum
2051 2255 2088 2355 d)
2114 2283 2174 2338 so-

998 2406 1106 2478 num3
1133 2384 1183 2458 ita
1208 2383 1266 2456 bic
1291 2390 1422 2456 cantus
1445 2383 1666 2458 audiebatur
1690 2383 1738 2457 ub
1762 2391 1895 2460 autore
1919 2405 2006 2458 eum
2024 2403 2172 2458 summa

962 2489 965 2495 ’
998 2505 1201 2597 dulcedine,
1227 2511 1265 2579 et
1290 2510 1414 2578 tumen
1434 2525 1507 2578 non
1525 2505 1797 2600 intelligebatur
1812 2495 1849 2596 (³)
1867 2504 1935 2578 nisi
1952 2505 1990 2578 iu
2007 2505 2171 2579 contuso.

998 2665 1047 2680 -
1061 2630 1134 2698 nen
1160 2627 1204 2696 m’
1218 2626 1353 2697 occorc’
1366 2626 1412 2696 io.
1439 2623 1504 2698 llic
1529 2630 1639 2698 autor
1663 2623 1819 2719 applicat
1848 2624 2102 2707 excellentiam
2129 2624 2174 2697 il-

1000 2745 1070 2819 lius
1087 2751 1230 2838 cantus,
1247 2743 1389 2818 dicens:
1409 2749 1482 2816 Bon
1499 2746 1686 2816 m'nccorr'
1697 2747 1733 2817 io
1749 2746 1934 2818 cb'clt’ero
1950 2746 1985 2818 α’
1994 2747 2063 2817 alte
2082 2746 2173 2834 lude,

1000 2864 1145 2958 scilicet,
1168 2863 1227 2936 illa
1242 2851 1293 2958 (⁸),
1314 2859 1487 2956 peroccid
1508 2884 1532 2935 n
1557 2884 1612 2936 me
1635 2866 1750 2956 amic,
1770 2863 1917 2956 scilicet,
1934 2863 1981 2938 ad
2003 2863 2172 2938 auditum

1001 3003 1126 3058 meum
1155 2983 1251 3056 istud
1275 2981 1434 3057 dictum:
1460 2986 1604 3074 literani
1628 3005 1647 3056 e
1671 2986 1771 3056 vind.
1799 2983 1843 3057 Et
1868 2983 1927 3057 bic
1957 2991 2043 3058 nota
2074 2983 2174 3077 quod

1001 3105 1058 3178 isti
1083 3103 1230 3200 spiritus
1256 3103 1440 3178 tortissimi
1465 3104 1709 3178 hortabantur
1728 3110 1899 3180 autorem
1925 3105 1973 3179 ad
1998 3104 2172 3179 virtutem

1000 3223 1231 3318 tortitudinis,
1249 3224 1354 3318 quasi
1371 3224 1552 3300 dicenter:
1580 3233 1790 3322 resurgeat
1808 3226 1914 3300 vince
1937 3225 2119 3300 mundum
2138 3231 2177 3299 et

1001 3349 1081 3422 eius
1097 3365 1296 3438 erumnas,
1309 3353 1347 3419 et
1364 3345 1506 3420 lortiter
1523 3367 1659 3442 pugna,
1672 3346 1767 3420 sicut
1784 3353 1822 3422 et
1839 3367 1907 3422 nos
1928 3347 2098 3422 lecimus:
2119 3345 2177 3419 vel

1002 3468 1106 3542 vince
1130 3473 1168 3542 te
1192 3464 1326 3561 ipsum.
1352 3465 1419 3539 nni
1446 3473 1571 3540 tamen
1596 3475 1786 3561 exponunt
1812 3467 1911 3561 quod
1928 3466 2012 3542 dicti
2030 3466 2178 3562 spiritus

1001 3587 1217 3662 cantabant:
1235 3594 1392 3677 exurgat
1407 3589 1578 3660 Dominus
1594 3594 1627 3660 ct
1641 3589 1851 3680 dnupmnr
1875 3590 2007 3660 irumici
2026 3590 2111 3676 ein,
2129 3586 2178 3660 si-

926 3687 927 3694 Ν
1002 3714 1065 3783 cut
1078 3706 1195 3780 simile
1208 3706 1481 3801 ponitursupra
1495 3705 1558 3779 XV
1571 3708 1732 3802 capitulo
1746 3707 1972 3803 Purgatorii3
1987 3707 2051 3782 sed
2072 3707 2176 3782 litera

1004 3848 1075 3902 non
1100 3827 1238 3922 patitur
1262 3825 1369 3900 istam
1395 3825 1671 3921 expositionem.
1685 3831 1799 3901 -Ιο,
1825 3827 1891 3901 llic
1907 3835 2018 3902 autor
2039 3826 2176 3901 descri-

1004 3949 1055 4022 bit
1080 3947 1269 4041 virtutem,
1294 3947 1496 4022 efficaciam
1522 3957 1560 4023 et
1584 3947 1758 4023 ellectum
1792 3949 1889 4022 illius
1919 3955 2049 4024 contus
2074 3949 2113 4022 in
2137 3967 2178 4022 se

1003 4075 1147 4160 autore,
1181 4067 1324 4143 diceus:
1350 4073 1392 4141 lo
1417 4071 1462 4140 m’
1475 4072 1715 4142 innumoroao
1744 4075 1840 4142 tauto
1868 4071 1996 4162 urion,
2031 4067 2178 4159 scilicet,

1004 4187 1145 4264 abbae
1171 4187 1328 4262 melodia
1354 4194 1393 4262 et
1415 4187 1519 4262 dictis
1551 4189 1686 4282 verbis,
1716 4191 1776 4261 cic
1807 4191 1917 4282 infino
1946 4209 1972 4261 ο
2005 4181 2044 4280 tt,
2076 4187 2180 4281 idest,

1006 4327 1125 4402 usque
1158 4307 1205 4382 ad
1239 4308 1348 4381 istum
1381 4314 1543 4403 cantum,
1573 4311 1709 4402 noum
1741 4311 1871 4382 alcuna
1903 4329 2000 4401 cosa,
2033 4308 2180 4400 scilicet,

1003 4427 1051 4502 de
1076 4429 1188 4502 rebus
1214 4449 1307 4524 quas
1334 4428 1474 4503 viderat
1499 4431 1557 4503 vel
1582 4427 1775 4503 audiverat
1800 4429 1893 4504 inlra
1920 4451 2067 4526 speram
2085 4431 2181 4504 llar-

1005 4546 1061 4639 tis,
1088 4549 1147 4619 ebe
1171 4550 1220 4620 mi
1248 4550 1383 4639 bgossc
1412 4569 1479 4622 con
1510 4541 1541 4620 si
1570 4550 1672 4621 dotci
1692 4551 1797 4640 aion,
1826 4549 1930 4644 idest,
1961 4557 2064 4624 tanta
2097 4549 2180 4623 dul·

1069 4774 1096 4836 ς’)
1113 4775 1149 4824 Lo
1159 4777 1248 4838 parole
1257 4777 1298 4828 ira
1307 4779 1317 4828 i
1325 4779 1377 4828 dno
1387 4779 1521 4830 obnubi
1530 4791 1577 4830 ron
1588 4778 1701 4841 cupollio
1710 4779 1752 4828 dri
1762 4778 1849 4832 codici
1860 4779 2011 4831 Strozziauo
2022 4795 2037 4831 e
2050 4781 2166 4835 muse.

1072 4851 1099 4912 ll)
1115 4851 1145 4900 E.
1162 4851 1260 4902 dictum
1277 4868 1378 4906 tonum.
1628 4851 1655 4916 ι’)
1674 4855 1703 4904 E.
1719 4855 1915 4920 intelligebatur
1931 4856 1963 4906 rb
1978 4869 2010 4906 eo
2026 4857 2082 4909 niul.

1073 4926 1100 4988 (⁸)
1116 4927 1147 4976 Ε.
1163 4940 1179 4976 ο
1195 4927 1221 4977 S.
1238 4927 1283 4979 illu
1298 4929 1418 4982 merulo
