4842 6642
766 859 904 916 murus
928 860 1086 917 nummus
1110 858 1280 915 OCTAVUS·
1533 850 1603 915 21³9

434 1005 610 1099 quietem,
621 1014 655 1081 et
666 1008 819 1098 ennead,
837 1006 939 1103 idest,
953 1016 990 1083 et
1007 1008 1057 1082 ita
1075 1008 1268 1083 cessabant
1284 1006 1422 1102 pariter
1437 1028 1460 1082 a
1477 1014 1602 1097 cauta,

434 1126 528 1201 sicut
552 1147 574 1201 a
601 1134 718 1220 motu,
745 1127 917 1202 facientes
942 1150 1092 1222 parvam
1120 1148 1285 1223 pausam.
1301 1132 1398 1203 -O
1418 1130 1513 1202 dieu.
1540 1128 1605 1202 Hic

434 1245 685 1341 descripturus
709 1248 820 1321 altam
848 1254 885 1321 et
910 1248 1064 1323 arduam
1093 1248 1286 1323 materiam
1314 1247 1398 1321 lacit
1414 1268 1520 1321 suam
1547 1247 1604 1321 in·

436 1366 664 1443 rocauonem
692 1387 758 1462 pro
784 1366 943 1442 subsidio
970 1366 1210 1464 implorando,
1226 1367 1322 1443 dent
1346 1375 1402 1442 est
1426 1368 1474 1445 de
1500 1387 1606 1441 more

435 1492 625 1582 poetarum
658 1486 831 1562 invocare
862 1508 934 1563 non
964 1487 1083 1563 solum
1116 1489 1151 1562 in
1184 1487 1365 1583 principiis
1378 1482 1416 1579 (¹)
1447 1507 1603 1562 suorum

434 1614 661 1704 poematum,
688 1608 751 1683 sed
777 1609 887 1683 etiam
906 1608 943 1684 in
965 1608 1047 1701 tine,
1065 1608 1213 1703 quando
1235 1609 1453 1705 perveniunt
1472 1608 1519 1683 ad
1536 1606 1606 1681 dil·

436 1728 564 1805 tieilem
584 1729 797 1824 materiam;
816 1749 926 1825 quem
946 1750 1088 1805 morem
1107 1736 1217 1805 antor
1234 1730 1302 1805 iste
1318 1728 1479 1804 servavit
1495 1748 1605 1825 egre-

434 1850 496 1947 gie
521 1850 557 1923 in
582 1855 658 1925 toto
684 1856 854 1945 poemate
882 1871 969 1943 suo,
1002 1850 1182 1925 invocavit
1213 1850 1310 1925 enirn
1344 1850 1441 1925 circa
1471 1849 1605 1944 princi·

435 1970 535 2067 pium
563 1970 697 2045 luterni
723 1979 762 2046 et
786 1971 822 2046 in
849 1969 932 2065 line,
958 1971 1006 2045 ita
1034 1971 1069 2043 in
1096 1970 1271 2065 principio
1289 1968 1495 2065 Purgatoru
1512 1976 1550 2057 et
1566 1968 1602 2041 in

436 2090 524 2183 llue;
552 2092 667 2166 multo
695 2092 825 2165 meins
850 2090 886 2165 in
913 2091 1088 2187 principio
1116 2089 1226 2163 buius
1251 2088 1423 2182 paradisi,
1444 2094 1482 2163 et
1506 2108 1605 2161 nunc

434 2230 564 2285 versus
592 2209 712 2285 tinem.
740 2210 888 2285 Invocat
914 2230 1004 2307 ergo
1029 2210 1086 2285 hic
1104 2230 1250 2283 musam
1269 2210 1306 2283 in
1323 2229 1473 2306 genere,
1491 2229 1603 2303 quam

435 2338 541 2405 vocat
568 2332 766 2429 Pegaseam
793 2332 840 2405 ab
865 2351 963 2426 equo
989 2332 1140 2426 Pegaso,
1161 2330 1269 2405 cuius
1287 2330 1524 2424 percussione
1540 2349 1604 2425 pe

391 2486 396 2497 ·
433 2450 488 2524 dis
512 2457 620 2526 natus
646 2458 702 2526 est
727 2450 806 2526 tons
831 2450 867 2525 in
893 2451 1064 2525 Parnaso.
1091 2450 1144 2524 dd
1169 2449 1277 2524 cuius
1301 2449 1519 2527 evidentiam
1551 2450 1606 2523 est

435 2571 714 2666 praesciendum,
742 2572 840 2666 quod
867 2571 1022 2647 Perseus
1052 2570 1145 2645 filius
1179 2568 1277 2644 loris
1310 2590 1442 2666 magua
1471 2568 1605 2643 virtute

439 2710 504 2763 sua
531 2690 718 2786 superavit
743 2690 942 2785 Medusam,
961 2690 1006 2765 de
1024 2712 1097 2785 qua
1117 2691 1255 2765 dictum
1274 2697 1329 2766 est
1345 2689 1453 2786 plene
1469 2690 1599 2763 interni

439 2809 609 2906 capitulo,
635 2811 741 2887 cuius
766 2812 924 2887 abscisso
954 2810 1072 2907 capite
1095 2812 1142 2885 de
1167 2809 1346 2908 sangnine
1376 2810 1456 2885 eius
1481 2808 1602 2883 subito

437 2938 544 3005 natus
561 2938 616 3005 est
629 2952 748 3026 equus
765 2933 884 3007 alatus
900 2932 1017 3006 dictus
1032 2933 1234 3027 Pegaseas,
1252 2939 1290 3007 et
1305 2931 1501 3027 allegorice
1514 2932 1605 3005 Per·

436 3070 521 3124 sens
547 3049 639 3125 tilius
673 3052 770 3127 lovis
803 3060 857 3128 est
889 3052 945 3126 vir
978 3052 1164 3127 virtuosus
1199 3052 1294 3127 tilius
1326 3051 1409 3127 liei:
1444 3051 1605 3147 Pegasus

436 3169 533 3243 lama
558 3178 626 3245 etc.
654 3172 758 3247 blodo
783 3173 829 3247 ad
855 3172 1080 3269 propositum
1108 3179 1219 3246 auter
1244 3180 1350 3247 vocat
1372 3191 1517 3245 musam
1536 3170 1606 3245 Pe·

435 3310 583 3387 gaseam
615 3313 637 3366 a
669 3292 765 3367 dicto
788 3312 898 3387 eque,
924 3293 1063 3368 diceus:
1095 3298 1321 3387 OPegmce,
1350 3293 1453 3386 idest,
1488 3310 1605 3385 musa,

435 3415 532 3505 dioc,
557 3413 659 3507 idest,
685 3414 817 3508 divina,
844 3414 929 3508 quia
955 3414 1095 3489 divinas
1113 3405 1149 3507 ζ’)
1179 3420 1320 3490 mentes
1346 3414 1459 3511 exigit
1475 3420 1545 3489 etc
1562 3412 1606 3486 Et

436 3531 607 3607 describit
633 3534 746 3629 ipsam
774 3556 918 3609 musam
949 3536 997 3608 ab
1029 3536 1109 3609 eius
1142 3535 1278 3609 virtute
1312 3541 1349 3609 et
1382 3534 1604 3629 proprietate

435 3652 603 3747 mirabili,
630 3654 771 3728 dicens:
797 3658 857 3728 cle
879 3658 935 3748 sut
957 3658 1106 3747 gloriosi
1129 3659 1176 3748 ρι’
1190 3658 1342 3749 tnpcgui,
1376 3654 1461 3749 quia
1488 3660 1605 3749 poetae

435 3772 530 3847 iuter
547 3779 700 3849 caeteros
724 3774 859 3848 artium
882 3775 1105 3871 professores
1124 3776 1324 3850 maximam
1342 3774 1496 3872 gloriam
1516 3793 1605 3849 con·

315 3892 320 3902 “
437 3900 656 3987 sequuntur,
683 3895 790 3969 cuius
816 3895 868 3970 rei
894 3894 1146 3992 dignissimum
1174 3894 1423 3971 testimouium
1448 3902 1504 3969 est
1528 3894 1605 3989 ipse

436 4021 563 4108 autor3
590 4034 674 4088 narn
703 4015 785 4089 licet
810 4022 846 4089 et
871 4034 937 4110 per
959 4016 1073 4089 multa
1092 4017 1226 4090 saecula
1243 4023 1341 4107 ante,
1358 4020 1396 4089 et
1414 4022 1494 4110 pust
1514 4034 1601 4089 eum

438 4134 572 4209 inerint
588 4134 699 4230 aliqui
719 4136 840 4232 magni
860 4135 1071 4230 philosophi,
1085 4137 1257 4233 theologi,
1275 4137 1461 4232 astrologi,
1481 4136 1603 4209 nullus

438 4262 561 4329 tamen
586 4255 778 4352 gloriosior
803 4263 903 4331 extat
929 4276 984 4331 eo.
1007 4256 1109 4331 Unde
1126 4256 1230 4331 dicit:
1249 4278 1268 4329 e
1288 4259 1439 4348 rcrtdtpll
1454 4260 1604 4347 lorrgeot,
1643 4266 1646 4275 '

437 4374 527 4449 idest
551 4394 618 4470 per
644 4376 794 4472 longum
820 4397 942 4451 aevurn
970 4376 1146 4469 viventia3
1173 4384 1211 4451 et
1235 4377 1340 4451 dicit:
1366 4383 1400 4450 et
1426 4381 1504 4470 essi,
1537 4379 1604 4451 sci·

438 4494 531 4589 licet,
559 4495 715 4593 ingenia·
730 4496 887 4571 reddunt
911 4497 1081 4593 gloriosa,
1100 4499 1131 4570 lo
1155 4499 1273 4571 dttadt
1297 4518 1317 4569 c
1339 4500 1353 4570 i
1377 4501 1490 4588 repat,
1516 4496 1601 4591 quin

435 4616 599 4691 civitates
624 4624 661 4691 el
688 4638 801 4713 regna
827 4618 984 4694 extincta
1012 4626 1049 4692 et
1073 4618 1191 4693 deleta
1220 4618 1312 4691 linunt
1337 4616 1497 4693 rediviva
1523 4636 1606 4691 car·

437 4736 594 4811 minibus
620 4744 824 4831 poetarum.
844 4738 965 4813 Poetae
983 4738 1081 4813 enirn
1100 4746 1238 4813 canunt
1258 4738 1417 4833 Troiam,
1435 4740 1605 4829 Romam,

435 4902 999 4911 -a——------——---.-.-.--.-.---..
1014 4904 1180 4910 -..-—-.-·-.-
1215 4905 1219 4909 .
1238 4906 1243 4909 .
1426 4904 1511 4911 ..-

497 4994 524 5055 l¹l
540 4994 570 5043 B·
588 4994 614 5043 in
631 4995 765 5059 principio.
1016 4991 1044 5057 (¹)
1060 4994 1090 5045 B.
1107 4995 1177 5046 bras
1191 5001 1300 5046 mentm.
