4842 6642
1590 805 1660 874 313

487 1084 652 1153 OANTUS
680 1086 915 1154 VIGESIMUS
943 1088 1136 1168 TERTIUS,
1159 1093 1195 1155 in
1217 1109 1277 1173 quo
1299 1090 1435 1173 ponitur
1460 1091 1660 1175 triumphans

619 1199 706 1281 vitm·
729 1199 842 1268 Mede
856 1201 992 1283 ponitur
1013 1221 1164 1268 ascensus
1184 1200 1229 1266 nd
1249 1219 1367 1267 nouom
1390 1223 1526 1285 speram

569 1465 721 1633 Coun
748 1562 916 1651 rouperto
934 1562 1031 1634 intro
1055 1563 1087 1634 le
1111 1567 1226 1633 amate
1242 1563 1380 1654 fronde.
1400 1561 1598 1656 Postquam
1616 1562 1652 1636 in

486 1678 667 1774 superiori
693 1679 853 1774 capitulo
878 1679 1046 1775 proxime
1070 1680 1288 1775 precedenti
1306 1689 1415 1756 autor
1441 1689 1564 1757 noster
1589 1682 1654 1758 de·

487 1799 627 1895 scripsit
653 1821 763 1874 suum
789 1820 983 1875 ascensum
1001 1800 1049 1876 ad
1065 1822 1211 1897 speram
1237 1808 1405 1904 octauam
1424 1823 1489 1898 per
1506 1803 1652 1900 signum

485 1919 741 2016 geminorum3
773 1941 872 1994 nunc
901 1927 1169 2016 consequenter
1199 1920 1237 1994 iu
1268 1921 1337 1995 isto
1362 1921 1474 1996 lllllll
1499 1923 1657 2019 capitulo

483 2039 656 2114 describit
688 2039 830 2114 curiam
869 2040 1163 2135 triumphantem·
1198 2061 1282 2136 quae
1320 2049 1475 2138 apparet
1510 2044 1547 2117 in
1581 2044 1655 2140 ipsa

484 2147 614 2234 octava
639 2179 758 2253 spera,
784 2167 821 2234 et
846 2180 957 2234 suom
983 2179 1175 2234 ascensum
1202 2161 1249 2236 ad
1275 2181 1410 2236 nonam
1428 2183 1596 2258 speram:
1619 2171 1658 2238 et

483 2298 645 2374 praeseus
668 2279 869 2375 capitulum
892 2285 1010 2374 potest
1030 2279 1192 2355 breviter
1208 2281 1317 2354 dividi
1335 2281 1373 2355 iu
1390 2291 1552 2377 quatuor
1569 2303 1656 2378 par-

482 2405 538 2476 tes
557 2400 759 2496 generales.
781 2400 820 2474 ln
843 2421 1004 2495 quarum
1031 2400 1148 2496 prima
1173 2409 1283 2476 autor
1308 2401 1479 2477 describit
1503 2403 1654 2499 disposi-

483 2519 621 2595 tionem
655 2519 841 2612 Beatricis,
867 2541 951 2615 quae
988 2521 1108 2616 ipsum
1145 2522 1335 2617 apparavit
1371 2522 1417 2598 ad
1457 2521 1652 2598 videndum

485 2639 772 2736 triumphantem
787 2633 825 2732 (¹)
852 2638 1042 2716 ecclesiam
1074 2640 1294 2716 venientem.
1327 2643 1366 2716 ln
1398 2642 1558 2719 secunda
1589 2643 1653 2719 de-

483 2759 608 2836 scribit
637 2759 772 2835 ducem
806 2759 917 2834 buius
945 2759 1130 2834 exereitus
1163 2760 1404 2856 triumphalis,
1430 2761 1503 2836 ibi:
1546 2765 1655 2851 Quale

482 2883 540 2954 nei
556 2882 745 2974 ptem‘lunii.
761 2879 800 2954 lu
813 2879 920 2955 tertia
936 2879 1106 2954 describit
1124 2879 1288 2957 militiam
1312 2902 1396 2976 quae
1418 2882 1586 2977 sequitur
1605 2881 1652 2959 ad

482 3001 602 3096 ipsum
627 2999 774 3094 ducem,
800 2999 869 3074 ibi:
896 2992 1029 3074 Perctd
1049 3003 1087 3074 lo
1108 3003 1234 3095 secde.
1254 3001 1293 3074 ln
1313 3007 1445 3095 qiuarta
1467 3010 1504 3077 et
1525 3000 1652 3078 ultima

480 3119 653 3195 describit
677 3139 813 3196 nouam
838 3139 997 3216 speram,
1024 3120 1091 3195 ibi:
1110 3125 1161 3194 Lo
1176 3124 1256 3196 reat
1271 3129 1401 3196 monto
1419 3121 1472 3196 Ad
1490 3117 1650 3218 primum

480 3262 571 3338 ergo
605 3240 699 3336 dico,
723 3239 824 3335 quod
855 3247 966 3316 autor
999 3241 1171 3317 describit
1202 3242 1473 3338 dispositionem
1510 3242 1651 3318 Beatri·

479 3362 541 3457 cis,
557 3381 641 3457 quae
665 3361 804 3457 aptarit
827 3361 886 3437 vel
911 3361 1045 3437 direxit
1070 3363 1189 3458 ipsum
1216 3363 1263 3437 ad
1288 3369 1504 3457 sequentem
1532 3369 1648 3438 mato-

479 3481 584 3556 riam.
610 3483 655 3556 ut
680 3481 799 3578 primo
825 3481 1042 3556 continuans
1071 3482 1165 3557 dicta
1191 3481 1361 3575 dicendis,
1387 3480 1544 3557 ostendit
1570 3482 1650 3556 eius

479 3599 746 3676 solicitudinem
766 3621 855 3697 erga
881 3622 922 3676 se
946 3622 1013 3697 per
1031 3622 1143 3676 unam
1162 3601 1475 3697 comparationem
1496 3601 1646 3696 claram,

480 3741 565 3815 quae
590 3721 752 3796 breviter
776 3727 848 3796 stat
872 3721 909 3795 in
936 3723 1023 3815 boc;
1049 3721 1148 3816 quod
1164 3720 1356 3796 sicut‘avis
1373 3721 1510 3796 babens
1531 3720 1569 3794 iu
1585 3741 1648 3796 ar-

479 3840 571 3915 bore
596 3840 721 3916 nidum
748 3848 786 3917 et
811 3842 942 3937 pullos,
968 3861 1035 3936 pro
1061 3840 1195 3935 quibus
1220 3839 1416 3916 educandis
1440 3860 1513 3916 uon
1535 3840 1649 3936 parcit

479 3960 608 4056 labori,
634 3961 753 4060 surgit
776 3970 863 4038 aute
887 3962 985 4038 diem
1012 3968 1053 4036 ut
1078 3961 1199 4036 videat
1223 3961 1349 4036 dulces
1380 3959 1471 4036 lilios
1501 3971 1538 4038 et
1566 3981 1675 4056 spe,

478 4086 554 4156 ctat
579 4101 710 4156 versus
726 4081 905 4157 orientem
928 4087 1124 4178 expectans
1139 4081 1390 4157 desideranter
1409 4088 1533 4157 ortum
1551 4081 1649 4184 solis,

479 4208 520 4275 ut
544 4201 656 4297 possit
680 4201 874 4297 providere
900 4201 980 4276 filiis
1006 4201 1055 4277 de
1079 4207 1247 4297 pastura;
1273 4202 1323 4275 ita
1347 4223 1370 4276 a
1396 4201 1503 4276 simili
1529 4203 1648 4278 stabat

477 4321 626 4398 Beatrix
656 4342 835 4397 conversa
865 4322 912 4397 ad
942 4321 1124 4397 orientem
1154 4327 1352 4416 expectans
1383 4319 1646 4417 apparitionem

476 4442 560 4517 solis
586 4441 726 4534 aetsrui,
748 4448 788 4516 ut
805 4440 1015 4537 provideret
1039 4439 1114 4514 dlio
1139 4461 1208 4515 suo
1234 4439 1339 4516 Danti
1364 4439 1411 4514 de
1435 4440 1517 4515 cibo
1542 4439 1648 4535 spiri·

476 4562 576 4638 tuali.
597 4560 703 4637 Nunc
722 4561 851 4637 ordina
869 4561 920 4635 sie
940 4561 1096 4655 literam,
1115 4567 1153 4635 et
1171 4577 1333 4655 expone:
1361 4565 1413 4634 Lo
1432 4563 1553 4634 donno
1577 4563 1649 4634 orio

474 4689 507 4760 si
524 4693 627 4759 moa
642 4690 751 4758 eretto
766 4689 959 4774 et‘aumta,
975 4681 1122 4775 scilicet,
1140 4701 1273 4756 versus
1294 4681 1465 4756 ultimum
1486 4681 1645 4773 coelum;

537 4941 567 5004 ι’)
581 4942 606 4994 S.
622 4941 819 5006 triumphalem.
