4842 6642
953 770 998 836 ot
1342 781 1547 838 uouenruu
1572 782 1740 840 ruamur

949 925 1035 1002 nibil
1060 925 1253 1021 proficiens
1278 925 1328 1000 ibi
1354 925 1484 1002 redivit
1508 925 1545 1000 in
1570 925 1724 1020 lutiam,
1749 925 1813 1000 ubi
1839 925 2001 1002 fructum
2027 927 2123 1024 opti-

950 1066 1056 1122 mum
1076 1045 1169 1121 iecit.
1192 1045 1308 1142 Elegit
1327 1045 1425 1120 euim
1443 1045 1510 1120 sibi
1526 1046 1573 1122 ad
1590 1045 1934 1141 contemplationem
1956 1056 2122 1125 macuta

948 1167 1073 1243 locum
1103 1165 1306 1240 solitarium
1342 1170 1380 1240 et
1409 1165 1585 1242 devotum
1625 1165 1662 1240 in
1699 1166 1793 1260 loco,
1828 1166 1892 1264 qui
1916 1167 2058 1243 dicitur
2087 1171 2125 1242 lo

958 1291 1086 1376 Vana,
1112 1285 1149 1360 in
1175 1291 1300 1362 monte
1325 1285 1389 1380 qui
1413 1285 1537 1361 dividit
1557 1285 1834 1362 Romaudiolam
1860 1308 1883 1362 a
1908 1287 2051 1382 Tuscia,
2068 1287 2125 1362 in·
2162 1315 2166 1323 ·

952 1414 1009 1484 ter
1038 1407 1226 1482 moenam
1260 1409 1297 1480 et
1326 1405 1512 1500 dretium3
1547 1427 1672 1500 aquo
1707 1414 1832 1481 monte
1863 1406 1940 1481 duo
1970 1407 2122 1482 domina

951 1527 1134 1620 oriuntur,
1167 1525 1302 1600 scilicet
1331 1526 1439 1602 Tiber
1467 1534 1505 1601 et
1533 1526 1666 1620 Arnus,
1696 1525 1821 1621 ibique
1851 1527 1985 1602 dicitur
2018 1548 2124 1604 rece·

952 1647 1045 1743 pisse
1082 1645 1252 1742 stigmata
1287 1646 1417 1721 Christi
1432 1640 1481 1738 (¹).
1517 1648 1622 1722 Nunc
1652 1646 1699 1722 ad
1724 1646 1894 1722 literam:
1927 1647 2055 1722 ordina
2085 1655 2124 1722 et

950 1771 1122 1842 construe
1148 1766 1219 1840 sic:
1245 1772 1288 1858 E,
1315 1767 1417 1861 idest,
1436 1773 1474 1842 et
1500 1767 1561 1842 ille
1577 1766 1805 1860 Franciscus,
1816 1788 1921 1860 prese
1941 1770 1990 1840 do
2011 1770 2123 1840 druto

950 1888 1103 1960 l'ultimo
1137 1889 1266 1978 sipilto,
1297 1886 1400 1981 idest,
1432 1886 1714 1984 contemplando
1748 1886 1797 1960 ibi
1828 1886 1967 1980 recepit
1997 1885 2123 1983 plagas

949 2005 1090 2083 Christi.
1118 2005 1161 2080 Et
1186 2013 1357 2081 notanter
1388 2006 1484 2101 dicit,
1517 2010 1540 2080 t
1552 2010 1684 2099 alliam,
1713 2006 1800 2100 quia
1833 2006 1996 2101 primum
2021 2005 2121 2103 sigil-

950 2125 1027 2201 lum
1045 2117 1082 2218 (¹)
1109 2126 1246 2222 recepit
1270 2127 1319 2202 ab
1343 2128 1567 2222 innocentio,
1592 2127 1795 2204 secundum
1813 2127 1862 2201 ab
1881 2126 2054 2220 Honorio,
2080 2135 2121 2202 ut

951 2248 1175 2344 prodicitur,
1195 2249 1345 2322 tertium
1371 2254 1408 2324 et
1434 2248 1605 2323 ultimum
1629 2269 1652 2324 a
1673 2249 1815 2326 Cbristo
1830 2238 1892 2340 tit:
1918 2251 1979 2322 cle
2007 2252 2121 2322 katte

952 2369 1109 2445 membra
1133 2372 1200 2444 due
1223 2372 1311 2443 onai
1330 2377 1520 2462 portam,
1537 2371 1574 2444 in
1600 2371 1681 2446 loco
1698 2370 1761 2466 qui
1779 2369 1911 2445 dicitur
1931 2373 1968 2442 lu
1992 2375 2121 2463 Verno,

950 2508 1062 2582 quern
1088 2488 1260 2563 describit
1284 2510 1306 2563 a
1326 2489 1473 2566 duobus
1493 2490 1706 2566 fluminibus
1730 2489 1889 2584 famosis,
1906 2489 2048 2567 dicens:
2066 2494 2125 2564 nel

951 2611 1061 2684 cnido
1077 2629 1191 2700 russo,
1206 2608 1311 2703 quasi
1329 2609 1437 2704 dicat,
1447 2631 1521 2684 non
1538 2609 1782 2686 marcelactus
1796 2597 1834 2700 (⁸)
1848 2609 1885 2682 in
1903 2611 1998 2686 lecto
2010 2610 2121 2704 molli,

949 2731 1012 2806 sed
1042 2731 1293 2826 contemplans
1324 2730 1361 2803 in
1393 2751 1483 2806 saxo
1512 2730 1627 2823 duro,
1658 2733 1756 2804 intro
1790 2735 1916 2804 Tenere
1947 2738 1980 2805 et
2008 2737 2119 2804 Arno.

949 2850 1058 2926 Tiber
1091 2851 1214 2926 oriens
1246 2871 1293 2924 en
1326 2849 1423 2926 dicto
1462 2856 1588 2926 monte
1621 2849 1757 2926 labitur
1792 2871 1911 2944 usque
1945 2851 2121 2945 Romam

950 2972 1084 3046 llurius
1099 2971 1364 3046 celeberrimus
1386 2992 1499 3066 opera
1517 2971 1787 3065 historicorum,
1806 2971 2121 3068 pbilosophorum,

950 3099 1144 3187 poetarum
1175 3097 1214 3166 et
1237 3090 1405 3166 omnium
1431 3091 1637 3166 doctorum.
1673 3093 1795 3167 Arnus
1819 3111 1910 3166 vero
1936 3091 2062 3166 dividit
2085 3099 2123 3168 ot

950 3212 1114 3288 interluit
1136 3211 1304 3288 Tusciam
1321 3212 1558 3307 provinciam,
1577 3233 1690 3307 quem
1715 3219 1825 3288 autor
1843 3213 1972 3307 pulcre
1995 3219 2034 3288 et
2057 3233 2119 3288 ar-

948 3333 1139 3410 tificialiter
1172 3333 1358 3429 descripsit
1388 3355 1511 3429 supra,
1543 3335 1750 3431 Purgatorii
1775 3333 1934 3429 capitulo
1959 3333 2049 3408 lut.
2076 3335 2149 3419 Et„

949 3455 1007 3528 bic
1033 3460 1117 3530 nota
1149 3453 1349 3547 moraliter,
1379 3455 1479 3548 quod
1504 3454 1598 3530 sicut
1627 3475 1674 3530 en
1702 3463 1827 3528 monte
1856 3453 2030 3549 praedicto
2054 3474 2121 3529 na·

948 3581 1104 3650 scuntru
1130 3596 1265 3672 magna
1294 3574 1458 3669 flumina,
1484 3593 1569 3669 quae
1604 3575 1757 3672 irrigant
1791 3595 1943 3672 magnas
1973 3581 2010 3649 et
2039 3575 2121 3670 pul-

949 3717 1031 3772 cras
1062 3695 1278 3791 provincias,
1304 3702 1342 3770 et
1372 3696 1558 3791 praecipue
1589 3695 1698 3773 Tiber
1729 3695 1794 3790 qui
1828 3696 1957 3792 irrigat
1984 3695 2120 3770 almam

952 3816 1083 3892 urbem
1110 3813 1265 3889 Romam
1283 3806 1341 3908 (³l3
1367 3815 1415 3890 ita
1447 3817 1495 3890 ab
1530 3815 1599 3890 isto
1632 3814 1826 3891 Francisco
1854 3815 2121 3892 descenderunt

951 3935 1056 4010 mulli
1082 3935 1218 4010 uberes
1244 3935 1311 4010 rivi
1337 3937 1400 4031 qui
1428 3936 1677 4034 irrigaverunt
1695 3957 1768 4010 non
1784 3937 1904 4010 solum
1927 3957 2039 4011 uuam
2061 3935 2119 4010 rel

949 4055 1041 4132 duas
1059 4055 1276 4152 provincias,
1294 4056 1484 4132 sedetiam
1508 4063 1622 4130 totam
1644 4055 1797 4149 ltaliam,
1815 4056 1931 4132 immo
1947 4062 1984 4132 et
2001 4061 2120 4130 mum

949 4177 1144 4270 muudum,
1172 4182 1214 4250 ut
1239 4196 1305 4271 per
1329 4197 1370 4250 se
1395 4183 1505 4272 patet,
1532 4183 1571 4252 et
1595 4175 1842 4272 principaliter
1866 4183 2030 4252 uncum
2058 4195 2122 4248 ro·

948 4317 1096 4374 monam
1124 4297 1328 4391 ecclesiam,
1355 4298 1443 4393 quia
1468 4298 1600 4374 iratres
1629 4296 1810 4374 Francisci
1825 4286 1863 4388 (⁰)
1881 4315 1947 4392 per
1967 4296 2120 4371 unirer-

949 4441 1033 4495 sum
1057 4418 1177 4495 diffusi
1203 4424 1307 4512 sunt;
1334 4439 1425 4515 ergo
1451 4419 1547 4494 bene
1575 4425 1614 4493 et
1645 4418 1907 4494 convenienter
1930 4417 2119 4512 descripsit

949 4542 1072 4616 locum
1098 4561 1120 4614 a
1145 4539 1248 4614 dictis
1273 4538 1496 4614 fluminibus.
1525 4539 1569 4612 ut
1585 4540 1655 4613 boc
1671 4538 1754 4614 dico
1771 4537 1865 4634 lecit,
1877 4541 1943 4630 poi
1957 4540 2018 4612 cle
2029 4559 2119 4630 prc-

1010 4771 1040 4833 ν)
1056 4772 1087 4822 Ε.
1103 4771 1164 4822 Jasu
1180 4771 1283 4822 Christi.
1406 4771 1436 4835 (¹)
1449 4771 1478 4822 8.
1493 4771 1667 4836 prlrtlogturn.
1791 4770 1819 4834 (⁸)
1836 4771 1865 4821 E.
1881 4785 1897 4822 a
1912 4771 1976 4822 iesu
1990 4770 2102 4823 Christo.

1012 4847 1040 4909 rt
1055 4847 1081 4898 S·
1097 4861 1269 4902 mmm
1405 4849 1434 4911 (¹)
1449 4849 1481 4900 ll.
1495 4861 1640 4900 romanam.

1013 4923 1041 4988 (⁸)
1057 4925 1087 4976 E.
1105 4925 1172 4976 beati
1187 4926 1318 4980 Franclrci
1333 4939 1382 4990 par
1396 4927 1549 4980 nurerum
1562 4925 1614 4978 iul
1629 4932 1698 4978 anat.
