4842 6642
490 1247 655 1316 CANTUS
683 1247 881 1327 DECIMUS,
905 1250 942 1312 iu
963 1267 1023 1330 quo
1044 1249 1178 1330 ponitur
1201 1267 1348 1313 oscoruus
1370 1246 1406 1313 in
1427 1268 1554 1330 speram
1575 1247 1662 1324 solio,

667 1359 722 1426 aot
742 1359 954 1425 introducitur
976 1364 1104 1424 sauctus
1129 1357 1266 1424 Thomas
1288 1359 1327 1424 de
1349 1358 1487 1442 Aquino.

567 1596 843 1769 Gonnurnno
867 1695 925 1766 net
942 1684 1010 1766 'suu
1035 1695 1147 1784 Fipiio
1172 1713 1240 1765 oon
1270 1695 1434 1766 ramore.
1460 1694 1659 1788 Postquam

490 1814 526 1888 in
552 1815 697 1888 duobus
721 1813 885 1908 capitulis
910 1813 1078 1907 proxime
1102 1812 1392 1907 precedentibus
1409 1820 1518 1886 antor
1536 1819 1660 1889 noster

491 1933 660 2008 tractavit
684 1939 721 2008 et
746 1932 1003 2008 determinavit
1027 1932 1073 2006 de
1097 1933 1293 2006 animabus
1317 1933 1483 2027 sequutis
1503 1931 1660 2008 intluen-

491 2055 578 2130 tiam
605 2053 756 2128 Veneris
772 2047 830 2148 (Ἲς
857 2073 954 2126 nunc
980 2059 1248 2146 consequenter
1274 2053 1311 2126 in
1336 2052 1406 2126 isto
1430 2051 1590 2148 capitulo
1614 2052 1659 2146 X,

491 2173 632 2250 accedit
655 2173 701 2248 ad
727 2171 958 2246 tractandum
985 2171 1031 2246 de
1055 2173 1249 2246 animabus
1275 2171 1487 2246 beatificatis
1506 2172 1578 2245 sub
1603 2171 1660 2244 in·

492 2293 640 2368 fluentia
666 2293 759 2368 solis.
788 2295 830 2366 ut
855 2312 1014 2388 praesens
1034 2293 1236 2387 capitulum
1254 2293 1415 2368 breviter
1431 2292 1605 2367 dividitur
1623 2292 1659 2366 in

492 2420 653 2508 quatuor
688 2420 809 2508 partes
841 2414 1052 2510 generaies;
1085 2413 1122 2486 in
1151 2414 1270 2507 prima
1303 2434 1463 2507 quarum
1490 2411 1660 2488 describit

489 2533 754 2610 ordinationem
782 2533 863 2608 coeii
882 2539 919 2608 et
937 2535 1065 2607 boram
1086 2534 1270 2628 temporis.
1289 2534 1329 2606 iu
1346 2534 1506 2608 secunda
1523 2532 1660 2607 descri-

491 2655 544 2730 bit
569 2655 648 2729 eius
673 2654 878 2750 ingressum
906 2653 942 2726 in
968 2673 1113 2748 speram
1135 2653 1231 2746 sotis,
1250 2659 1288 2728 et
1308 2653 1560 2728 exceltentiam
1577 2652 1673 2751 ani·¹

492 2795 639 2850 marum
656 2765 692 2866 (2)
707 2773 952 2866 existentium,
967 2773 1035 2846 ibi:
1056 2777 1104 2846 Lo
1122 2777 1280 2846 ministro
1300 2776 1474 2865 mappior.
1493 2775 1532 2846 ln
1550 2771 1657 2847 tertia

489 2893 658 2968 describit
679 2913 783 2967 suam
805 2891 1112 2988 regratiationem,
1138 2900 1176 2967 et
1201 2893 1383 2968 actionem
1400 2901 1439 2968 et
1456 2894 1658 2968 motionem

490 3014 635 3088 iliarum
663 3014 870 3088 animarum
899 3013 936 3086 in
955 3013 1130 3110 generati,
1149 3013 1222 3087 ibi:
1248 3019 1281 3086 E
1304 3017 1462 3087 Beotioc
1477 3005 1655 3087 ruminari.

488 3135 527 3207 in
553 3140 682 3228 quarta
710 3141 747 3208 et
773 3134 900 3207 ultima
926 3121 1097 3208 describit
1121 3133 1157 3207 in
1183 3133 1329 3229 speciali
1355 3155 1468 3208 urnam
1494 3134 1656 3208 animam

487 3255 702 3329 modernam
722 3254 1050 3349 praeclarissimam,
1074 3274 1159 3349 quae
1175 3255 1347 3330 describit
1366 3277 1408 3330 se
1424 3263 1461 3330 et
1477 3255 1657 3348 quiasdam

487 3375 629 3450 animas
654 3375 858 3472 singulares
882 3375 929 3449 de
954 3395 1059 3470 spera
1082 3375 1202 3469 solari,
1223 3376 1293 3448 ibi:
1312 3382 1346 3449 Ε
1359 3378 1493 3450 denuo.
1512 3375 1564 3450 Ad
1582 3374 1658 3471 pri-

487 3517 591 3568 mum
619 3494 767 3570 veniens
792 3495 873 3568 dico
898 3494 998 3589 quod
1022 3502 1131 3569 autor
1158 3495 1193 3568 in
1220 3495 1337 3590 prima
1362 3503 1468 3590 parte
1493 3494 1657 3591 generali

486 3613 656 3690 describit
680 3613 946 3688 ordinationem
965 3615 1067 3688 coeii:
1090 3622 1127 3689 et
1146 3613 1267 3709 primo
1292 3615 1503 3688 continuato
1528 3613 1658 3689 ordine

489 3733 675 3831 praemittit
695 3733 859 3809 ordinem
879 3734 1063 3828 nniversi;
1089 3740 1126 3809 et
1142 3735 1405 3811 sententialiter
1423 3737 1502 3811 vuit
1520 3734 1655 3830 dicere,

486 3854 586 3948 quod
618 3874 788 3928 summus
813 3855 912 3929 Deus
946 3875 1013 3928 sua
1048 3854 1219 3950 potentia,
1255 3854 1430 3949 sapientia
1459 3863 1497 3930 et
1526 3875 1657 3930 amore

401 4003 403 4007 ·
486 3973 583 4050 dedit
607 3974 774 4048 ordinem
800 3974 1027 4050 universitati
1053 3981 1332 4068 creaturarum
1351 3973 1449 4049 unde
1471 3974 1579 4049 dicit:
1606 3979 1657 4047 io

483 4099 602 4189 primo
627 4103 659 4167 ct
681 4095 853 4188 ineffabile
882 4099 1016 4186 valore,
1041 4095 1139 4169 Deus
1153 4085 1189 4187 (³)
1218 4101 1334 4190 pater,
1360 4095 1462 4188 idest,
1488 4095 1656 4190 omnipo-

392 4232 395 4239 ·
487 4225 578 4308 tens,
603 4214 666 4309 qui
693 4222 747 4290 est
773 4216 892 4310 primo
907 4204 945 4308 (⁴)
966 4216 1043 4290 sine
1067 4216 1255 4312 principio,
1281 4223 1320 4290 et
1339 4216 1499 4289 infinitus
1515 4216 1656 4290 iucom-

485 4335 784 4431 prehensibititer,
805 4339 1033 4427 puordortdo,
1060 4336 1206 4432 scilicet,
1233 4336 1478 4433 intelligendo,
1502 4340 1562 4410 uei
1591 4358 1656 4411 suo

486 4459 611 4549 moro,
628 4457 720 4532 idest
744 4457 901 4532 verbum
929 4457 1008 4532 eius
1034 4457 1132 4552 quod
1158 4465 1214 4532 est
1239 4457 1413 4552 sapientia
1438 4459 1563 4553 patris,
1589 4479 1657 4533 con

485 4581 650 4669 timore,
677 4577 779 4672 idest,
807 4577 940 4673 Spiritu
959 4579 1102 4672 Structo,
1122 4581 1194 4669 ote,
1220 4577 1323 4671 idest,
1340 4598 1453 4673 quem
1475 4600 1655 4677 amorem,

485 4700 591 4770 tuno
616 4719 635 4770 c
659 4701 800 4790 tutto,
820 4698 956 4774 scilicet
975 4705 1079 4792 pater
1100 4705 1136 4772 et
1154 4696 1260 4791 iilius,
1280 4702 1380 4791 spiro
1399 4704 1656 4794 runconere,

547 4881 614 4946 (¹18.
631 4895 778 4936 veneream.
1041 4872 1045 4882 ’
1113 4885 1141 4947 (¹)
1159 4886 1189 4935 E.
1207 4886 1353 4936 animumne
1368 4885 1464 4936 obtin
1477 4889 1654 4944 exbtentium.

547 4958 621 5018 (⁸213.
637 4959 706 5010 Deus
722 4963 982 5024 pateromnipotenr,
999 4964 1052 5026 qui.
1115 4963 1143 5024 (¹)
1160 4961 1185 5012 S.
1201 4963 1309 5026 primus.
