4842 6642
782 885 920 942 caurus
945 887 1102 942 uncinus
1127 887 1294 954 Qumrus.
1550 843 1626 941 1l9‘

448 1054 605 1114 uxorem
632 1032 717 1109 dicti
744 1031 879 1124 militis,
899 1036 997 1106 venir
1022 1035 1117 1106 datto
1133 1033 1288 1126 marcido
1303 1052 1411 1104 senza
1433 1034 1547 1104 iluiso
1565 1033 1621 1105 di·

441 1157 556 1248 pinio,
585 1152 688 1248 idest,
718 1152 795 1228 siue
824 1152 917 1229 iacie
946 1151 1079 1247 lunata,
1112 1152 1228 1226 immo
1257 1151 1457 1245 inquinata,
1487 1173 1506 1224 a
1534 1153 1619 1244 vidi,

449 1273 613 1348 nominat
637 1274 739 1368 alios,
765 1273 905 1349 dicens:
931 1295 950 1346 e
975 1275 1047 1346 vidi
1071 1276 1150 1364 quet
1178 1275 1232 1346 ἀί
1246 1275 1356 1363 Neri,
1380 1272 1509 1346 nobilis
1533 1270 1621 1346 civis

449 1393 495 1469 de
519 1393 647 1488 Nerlis,
666 1394 712 1468 de
736 1393 870 1487 quibus
895 1393 1038 1468 dicetur
1064 1393 1099 1466 in
1125 1393 1293 1487 sequenti
1323 1393 1493 1487 capitulo,
1511 1414 1530 1464 e
1545 1394 1625 1484 puel

449 1516 507 1588 del
525 1515 676 1607 Vemlio,
691 1511 784 1587 alius
801 1514 920 1588 bonus
937 1512 1132 1609 popularis,
1146 1533 1240 1608 pure
1252 1513 1379 1587 vivens
1395 1511 1474 1588 sine
1490 1531 1623 1606 pompa
1696 1525 1700 1532 “

451 1655 546 1707 vana
573 1633 742 1727 vestium,
760 1653 853 1706 esser
869 1636 1019 1706 conenit
1042 1636 1116 1707 clla
1137 1637 1227 1725 pelle
1248 1641 1420 1726 scouerta,
1445 1632 1531 1727 qnia
1552 1630 1623 1706 sci-

451 1753 546 1847 licet,
571 1751 764 1847 portabant
789 1751 998 1848 chlamydes
1023 1751 1070 1826 de
1094 1772 1272 1845 camossa,
1301 1753 1379 1826 sela
1407 1752 1513 1846 pelle,
1544 1751 1623 1824 sine

452 1873 577 1966 aliquo
603 1892 732 1967 pauno.
759 1872 803 1944 Et
828 1870 970 1946 dicit:e
994 1875 1024 1946 le
1048 1893 1108 1945 sue
1133 1876 1249 1945 donne
1264 1875 1395 1966 alfuso
1420 1879 1454 1946 et
1476 1877 1516 1946 al
1532 1893 1622 1965 pen-

451 1993 602 2081 neccbio,
628 1991 729 2084 idest,
756 1998 794 2065 et
823 1991 894 2064 vidi
926 2011 1062 2066 uxores
1092 2012 1222 2066 eorum
1254 1999 1444 2066 contentas
1476 1993 1556 2066 lusu
1585 1999 1623 2067 et

451 2133 584 2209 peus03
609 2113 709 2207 quud
734 2111 841 2188 bodie
868 2132 941 2187 non
966 2111 1102 2186 iaciunt
1127 2113 1341 2207 florentinae,
1360 2114 1474 2186 imme
1491 2119 1623 2187 vacant

452 2233 547 2326 suno,
575 2252 647 2307 non
673 2233 774 2306 lusn.¹
792 2232 845 2306 De
869 2251 1030 2326 quarum
1056 2233 1157 2306 cultu
1186 2232 1310 2308 videas
1334 2233 1422 2326 quid
1446 2232 1623 2327 scriptum

450 2353 572 2428 estin
602 2351 829 2448 Purgaturi0,
861 2351 889 2424 si
927 2351 1022 2426 scire
1056 2351 1154 2426 velis.
1181 2392 1231 2405 -
1260 2356 1291 2426 O
1320 2357 1525 2447 sorturtcte!
1557 2352 1623 2427 llic

450 2472 690 2570 Cacciaguida
724 2473 850 2546 volens
883 2471 1061 2546 damnare
1091 2471 1296 2547 discursum
1331 2475 1622 2569 florentinorum,

451 2595 513 2689 qui
541 2593 648 2669 hodie
677 2593 887 2668 discurrunt
916 2612 983 2688 per
1014 2599 1131 2666 tntum
1163 2593 1344 2667 mundum
1375 2595 1571 2690 cupiditate
1584 2587 1622 2689 (¹)

450 2715 561 2804 ducti,
588 2711 822 2788 commendat
848 2712 936 2786 illud
962 2719 1107 2807 tempus
1135 2717 1325 2807 tamquam
1347 2713 1443 2810 ielis,
1465 2724 1502 2791 et
1528 2716 1624 2792 vitu-

451 2841 556 2932 perat
580 2853 740 2931 praeseus
766 2823 956 2928 tamquam
978 2832 1275 2908 infelicissimum.
1297 2835 1400 2910 Unde
1420 2837 1621 2912 exclamat:

456 2961 487 3031 0
507 2960 708 3051 sermnem
733 2953 837 3046 idest,
861 2952 943 3028 dico
963 2952 1041 3028 illas
1059 2953 1272 3048 fortunatas,
1291 2957 1460 3050 quamvis
1477 2957 1515 3029 in
1531 2977 1624 3051 pau-

452 3097 540 3174 pere
565 3075 709 3170 habitu3
736 3074 835 3170 quod
860 3074 980 3148 statim
1008 3072 1137 3169 probat
1168 3096 1234 3169 per
1264 3067 1449 3172 ellectum,
1478 3077 1621 3152 diceus:

451 3201 618 3272 muscuna
651 3215 716 3270 era
747 3201 843 3269 certa
876 3198 967 3270 della
1001 3214 1066 3268 sua
1105 3197 1294 3286 sepultura,
1328 3196 1415 3289 quia
1446 3217 1625 3292 unaquae-

452 3337 528 3412 que
552 3316 768 3412 expectabat
793 3316 831 3389 in
856 3314 972 3410 patria
998 3335 1065 3388 sua
1089 3313 1184 3388 iuter
1201 3322 1383 3410 parentes,
1404 3319 1624 3416 consangui-

453 3457 553 3531 neos,
571 3442 608 3511 et
633 3442 748 3511 notos.
767 3438 811 3510 Et
835 3435 992 3511 ostendit
1013 3435 1210 3530 quomodo,
1233 3435 1375 3511 dicens:
1394 3443 1537 3530 enullc,
1554 3441 1625 3514 sci·

452 3557 546 3651 licet,
574 3557 707 3632 mulier
733 3557 936 3650 florentina,
954 3574 1019 3630 cra
1044 3577 1156 3630 ancer
1181 3559 1320 3631 ἀωονια
1343 3563 1401 3632 nel
1423 3563 1515 3650 letto,
1537 3561 1622 3653 quia

453 3677 615 3752 nendum
641 3684 721 3752 erat
745 3676 917 3752 derelicta
942 3697 964 3750 a
992 3675 1083 3769 viro,
1110 3697 1306 3751 remanens
1330 3677 1406 3752 sela
1432 3686 1471 3754 et
1495 3679 1624 3776 frigida

451 3798 488 3872 in
513 3798 627 3892 lect0;
654 3803 691 3872 et
716 3796 810 3890 dicit,
833 3818 899 3890 per
924 3799 1091 3887 manda,
1114 3796 1200 3891 quia
1230 3797 1365 3870 scilicet
1398 3798 1467 3871 viri
1492 3819 1623 3873 earum

453 3917 616 3992 noudum
642 3917 896 3992 discurrebant
920 3935 986 4011 per
1013 3915 1213 4008 mundum;
1231 3916 1319 4010 quia
1343 3917 1524 3992 florentini
1551 3939 1625 3993 nou

452 4041 555 4114 ibant
587 4037 625 4112 iu
661 4037 864 4132 Franciam‚
903 4037 1122 4131 Flandriam,
1158 4037 1339 4133 Angliam‚
1378 4037 1625 4133 Brabantiam‚

454 4161 549 4236 sicut
580 4179 696 4254 nunc;
723 4157 827 4252 quasi
860 4157 975 4232 dicat:
1008 4178 1094 4232 cum
1127 4157 1307 4231 llorentini
1342 4179 1439 4234 nunc
1468 4179 1626 4256 genera·

455 4281 537 4356 liter
554 4280 836 4378 peregrinentur
852 4298 919 4374 per
936 4285 1067 4372 totum,
1085 4286 1122 4352 et
1139 4284 1235 4352 stent
1250 4277 1313 4352 diu
1331 4285 1437 4354 extra
1457 4280 1625 4375 patriam,

452 4408 492 4478 et
516 4401 712 4497 aliquando
737 4419 803 4496 per
830 4405 947 4474 tutum
974 4403 1119 4493 tempus
1145 4398 1241 4490 vitae,
1266 4398 1297 4470 si
1331 4419 1467 4472 uxores
1493 4419 1625 4473 eorum

451 4528 662 4617 seqummr
696 4541 770 4616 eos,
806 4519 1017 4594 moriuntur
1051 4519 1087 4592 in
1127 4517 1245 4594 aliena
1283 4518 1398 4614 patria
1437 4519 1626 4595 infeliciter

451 4663 563 4739 saepe,
588 4663 673 4716 cum
701 4641 843 4716 dicatur
868 4639 1166 4748 proverbialiter:
1192 4642 1318 4712 Aliaria
1342 4648 1442 4712 terra
1466 4641 1550 4715 bene
1574 4646 1627 4716 vi-
1757 4666 1761 4676 ·

456 4768 521 4858 uis,
554 4766 617 4838 sed
648 4765 739 4837 mate
767 4762 851 4835 obis.
885 4759 921 4834 Si
958 4779 1150 4835 veronen
1184 4767 1402 4855 sequuntur,
1435 4770 1627 4838 remanent

518 5018 547 5084 (¹)
562 5021 593 5071 E.
610 5021 749 5085 cupiditate
764 5021 820 5072 sola
835 5019 915 5071 ducti.
