4842 6642
784 834 852 902 180
1175 844 1378 903 uounuruu
1402 842 1569 903 cananis}

781 990 845 1065 sed
871 987 995 1081 etiam,
1019 991 1035 1062 i
1055 990 1134 1062 suoi
1164 994 1333 1083 consorti,
1363 990 1511 1083 scilicet,
1541 985 1691 1065 Uceilini
1726 997 1763 1066 et
1795 990 1957 1067 Uberar-

781 1110 866 1184 dini.
892 1149 941 1163 -
971 1113 1002 1182 0
1038 1110 1316 1185 Buondelmontc.
1354 1110 1419 1185 Hic
1452 1108 1693 1206 Caeciaguida
1729 1108 1959 1206 indignanter

782 1232 966 1307 exclamat
981 1235 1108 1304 contra
1128 1229 1293 1305 insanam
1310 1230 1498 1307 lasciviam
1514 1230 1674 1325 iuvenis,
1693 1230 1758 1325 qui
1773 1230 1819 1305 od
1838 1250 1951 1305 unam

783 1350 1057 1449 persuasionem
1086 1348 1193 1424 unius
1219 1350 1379 1425 ioeminae
1404 1349 1540 1424 dimisit
1563 1350 1750 1446 propriam
1784 1369 1955 1443 uxorem,

784 1480 821 1548 et
845 1470 1042 1566 assumpsit
1067 1490 1162 1565 eam,
1189 1492 1274 1565 quae
1299 1471 1346 1546 de
1367 1472 1456 1567 jure
1480 1490 1562 1545 esse
1586 1491 1661 1546 non
1681 1476 1836 1567 poterat
1853 1471 1956 1547 Unde

783 1593 885 1670 dicit:
912 1615 934 1666 o
959 1593 1244 1681 Bcondelmonte,
1270 1602 1400 1684 quanto
1425 1594 1501 1666 mol
1519 1594 1666 1686 innomi
1689 1596 1720 1667 te
1744 1614 1857 1667 bozze
1880 1614 1955 1685 sue,

784 1714 886 1809 idest,
896 1712 1110 1788 affinitatem
1122 1711 1269 1786 iliorum
1280 1712 1518 1799 Amideorum
1531 1714 1628 1788 maie
1639 1712 1816 1809 dimisisti,
1826 1714 1958 1809 primo,

784 1836 883 1910 maio
909 1840 946 1908 et
970 1832 1105 1907 damno
1131 1832 1201 1927 tui3
1220 1832 1394 1925 secumo,
1411 1832 1507 1908 iiiius
1523 1834 1636 1929 partis
1652 1834 1958 1931 ghibellinorum3

785 1963 822 2031 et
847 1955 967 2049 tertio,
995 1960 1067 2028 tuae
1099 1954 1273 2048 civitatis;
1300 1960 1337 2029 et
1361 1954 1467 2029 dicit:
1488 1975 1557 2048 por
1580 1957 1632 2045 pti
1655 1957 1764 2029 utrm
1788 1960 1959 2051 consorti!

785 2076 932 2170 scilicet
958 2074 1004 2149 ad
1030 2074 1308 2169 persuasionem
1340 2074 1435 2149 iltius
1460 2074 1618 2149 dominae
1651 2074 1698 2150 de
1732 2076 1890 2151 Donatis.
1916 2076 1959 2151 Et

786 2195 868 2271 ideo
894 2196 1026 2289 subdit,
1044 2200 1224 2289 quantum
1250 2193 1390 2269 bonum
1417 2200 1617 2289 sequutum
1644 2194 1782 2291 suisset,
1799 2196 1829 2271 si
1849 2213 1959 2271 num·

787 2337 899 2410 quam
925 2316 1206 2391 Bondeimnntes
1223 2315 1407 2389 venissent
1422 2313 1468 2389 ad
1487 2314 1685 2408 civitatem,
1702 2316 1841 2392 dicens:
1863 2319 1959 2392 moto

786 2438 946 2513 scrobber
971 2440 1050 2529 tieti,
1085 2440 1145 2511 cbo
1174 2457 1241 2511 soc
1275 2440 1377 2527 bisti,
1410 2435 1498 2531 quia
1526 2436 1662 2512 scilicet
1696 2457 1769 2511 non
1802 2444 1959 2532 sequuta

789 2558 914 2633 tuisset
939 2556 1066 2631 divisio
1099 2562 1136 2631 et
1168 2556 1370 2632 destructio
1405 2555 1572 2649 civitatis,
1597 2556 1627 2630 si
1652 2557 1826 2651 antiquus
1857 2563 1955 2649 tuus,

788 2678 935 2774 quando
961 2678 1079 2773 primo
1105 2677 1276 2753 veniebat
1291 2677 1338 2751 ad
1355 2676 1593 2752 habitandum
1616 2678 1814 2771 civitatem,
1832 2677 1957 2753 inisset

787 2800 987 2875 suffocatus
1013 2799 1049 2873 in
1075 2796 1227 2872 flumine
1250 2798 1353 2873 Ema.
1386 2797 1488 2873 Unde
1516 2796 1621 2875 dicit:
1646 2820 1685 2873 se
1709 2802 1778 2873 Dio
1806 2802 1958 2873 {coesse

531 2978 534 2985 ,
648 2968 651 2979 2
787 2923 974 2997 coccednto
999 2921 1050 2992 od
1074 2924 1177 3008 Emn,
1203 2918 1350 3010 scilicet,
1376 2918 1477 3012 quod
1501 2919 1691 2995 habuisses
1716 2919 1960 3014 tuamseput-

788 3049 911 3116 turam
938 3041 975 3113 in
1000 3040 1152 3113 flumine
1176 3039 1279 3113 Eme.
1305 3040 1367 3113 Est
1392 3038 1491 3116 enim
1522 3040 1613 3114 Ema
1642 3039 1778 3113 fluvius
1810 3060 1959 3135 parvus,

788 3162 925 3237 distans
949 3182 972 3235 a
996 3157 1178 3234 Florentia
1204 3179 1271 3255 per
1298 3159 1366 3233 tria
1395 3158 1581 3252 milliaria3
1606 3160 1667 3233 vei
1691 3159 1808 3233 dicas:
1829 3181 1867 3232 se
1891 3161 1960 3231 Dio

790 3286 946 3357 t’ooesse
969 3282 1155 3353 cocceduto
1180 3282 1232 3353 cd
1255 3285 1358 3371 Eme,
1384 3280 1486 3374 idest,
1511 3279 1541 3353 si
1569 3279 1808 3355 remansisses
1838 3278 1887 3353 ibi
1917 3277 1963 3351 ad

791 3401 1040 3493 habitandum,
1054 3401 1103 3473 ita
1117 3400 1217 3493 quod
1235 3420 1308 3475 non
1325 3400 1486 3475 venisses
1499 3398 1665 3493 ulterius,
1680 3399 1828 3494 quando
1846 3398 1964 3493 primo

790 3522 963 3599 veniebas
980 3521 1026 3595 de
1043 3521 1138 3595 valle
1154 3519 1265 3595 Gravi
1281 3520 1328 3593 ad
1346 3519 1583 3595 habitandum
1609 3519 1844 3596 Florentiam.
1862 3518 1964 3593 Unde

789 3644 891 3719 dicit:
918 3646 954 3716 tc
975 3645 1096 3734 primo
1122 3644 1216 3715 cotto
1240 3643 1328 3714 cb'c
1353 3631 1434 3715 cittd
1460 3643 1591 3715 emisti.
1616 3641 1752 3715 Dicunt
1768 3639 1875 3716 enim
1898 3637 1964 3713 ali·

791 3765 866 3861 qui,
893 3762 991 3857 quod
1017 3762 1107 3835 Ema
1133 3782 1219 3836 cum
1246 3782 1315 3837 suo
1342 3762 1526 3837 territorio
1557 3768 1613 3837 est
1643 3761 1691 3837 de
1719 3759 1963 3836 Bondelmon·

791 3886 899 3960 tibus.
913 3924 963 3937 -
976 3888 1037 3955 Mc
1062 3884 1271 3955 conveniret.
1298 3882 1363 3956 Hic
1389 3880 1628 3979 Caeciaguida
1653 3901 1701 3957 ex
1728 3886 1848 3956 morte
1867 3879 1964 3952 Bon·

791 4003 984 4081 delmontis
1009 4001 1131 4098 arguit
1158 4003 1297 4076 maium
1323 4002 1538 4097 augurium,
1572 3999 1671 4095 quod
1705 3996 1963 4094 praenuntiavit

793 4126 955 4200 futuram
974 4121 1189 4197 effusionem
1208 4120 1322 4197 civitis
1345 4121 1543 4219 sanguinis.
1562 4123 1653 4197 Nam
1672 4120 1844 4195 dominus
1868 4118 1964 4191 Bnn·

792 4246 995 4320 delmontes
1013 4242 1080 4315 iuit
1097 4240 1309 4317 interiectus
1325 4249 1412 4317 ante
1429 4249 1588 4317 statuam
1607 4241 1740 4316 Martis.
1758 4241 1851 4316 Cum
1875 4259 1966 4335 ergo

794 4366 889 4439 biars
914 4362 958 4437 sit
984 4363 1083 4437 Deus
1108 4361 1204 4457 beili,
1231 4369 1270 4438 et
1292 4362 1452 4461 gaudeat
1476 4362 1657 4459 sauguine
1677 4363 1852 4455 bumauo,
1869 4361 1964 4435 bene

795 4484 1038 4559 sacrificatum
1067 4484 1135 4557 suit
1152 4483 1219 4557 sibi
1237 4484 1416 4580 sanguiue
1432 4485 1596 4557 humano
1612 4482 1728 4557 istius.
1746 4481 1837 4557 Dicit
1854 4501 1966 4577 ergo:

796 4610 858 4679 Mo
879 4607 1079 4677 concoctae·
1098 4605 1158 4677 cbe
1174 4607 1352 4677 diorenzc
1366 4608 1457 4697 sesso
1473 4606 1618 4693 cittimc,
1632 4603 1734 4696 idest,
1748 4600 1965 4675 sacrificium

796 4722 982 4819 sanguinis
1008 4723 1171 4817 humani,
1198 4723 1292 4797 sicut
1316 4724 1404 4797 oiim
1431 4722 1541 4799 fiebat
1569 4722 1673 4797 Marti
1698 4742 1722 4796 a
1748 4717 1965 4816 quibusdam

792 4841 982 4936 barbaris3
1015 4843 1072 4917 vet
1106 4845 1250 4935 bittine,
1288 4843 1434 4936 scilicet,
1468 4842 1516 4917 de
1549 4842 1824 4933 Bondelmonte‚
1862 4837 1966 4933 quasi

798 4962 944 5037 victima
980 4962 1077 5057 pacis
1111 4969 1239 5058 rupte.
1275 4963 1369 5038 Cum
1401 4962 1499 5039 enim
1535 4962 1622 5037 olim
1662 4961 1744 5057 quis
1782 4956 1966 5034 inhibebat
