4842 6642
815 813 886 881 512
1204 825 1409 883 conualuit
1433 825 1597 883 Plutum

812 970 1083 1065 damnatorum,
1097 977 1341 1068 purgatorum
1362 979 1399 1048 et
1417 972 1611 1048 beatorum
1628 971 1679 1050 ‘de
1700 993 1775 1048 uua
1790 971 1838 1047 ad
1856 991 1983 1065 unam,

812 1095 896 1166 dott'
908 1095 1028 1184 mmo
1053 1093 1182 1165 taram
1204 1094 1452 1167 dcwaoiucroo
1472 1095 1511 1166 ic
1532 1095 1583 1185 lto
1601 1095 1672 1184 occi,
1689 1092 1834 1187 idesta
1855 1101 1985 1170 centro

812 1219 921 1286 terrae
949 1231 1067 1305 usque
1097 1211 1144 1286 ad
1174 1231 1364 1286 summum
1392 1212 1486 1288 coeli.
1512 1211 1557 1287 Et
1581 1211 1667 1289 lacit
1696 1219 1836 1288 rectam
1861 1219 1983 1290 meta-

812 1332 963 1427 phoram
991 1332 1154 1406 vocando
1179 1331 1364 1408 internum
1391 1334 1582 1407 lacunam:
1608 1331 1773 1408 internus
1798 1339 1853 1408 est
1879 1333 1981 1410 locus

810 1471 994 1527 concavus
1017 1451 1191 1548 colligens
1216 1458 1253 1528 et
1278 1451 1466 1527 continens
1497 1471 1627 1528 onmes
1656 1451 1782 1528 sordes
1815 1460 1981 1529 mortno-

811 1580 895 1646 rum
931 1571 1017 1646 loris
1054 1577 1092 1648 et
1130 1572 1239 1666 intus,
1272 1559 1375 1648 sicut
1398 1571 1563 1666 nebulas,
1600 1579 1762 1649 stercora
1793 1572 1979 1650 bullientia

811 1700 850 1768 et
865 1694 973 1791 pices,
991 1698 1188 1788 serpentes,
1210 1684 1437 1769 infirmitates
1453 1700 1491 1768 et
1507 1693 1631 1770 omnia
1656 1693 1751 1770 loeda
1768 1701 1805 1770 et
1822 1693 1980 1770 horribi-

810 1815 878 1908 ila3
895 1814 990 1889 sicut
1007 1815 1044 1888 in
1062 1815 1192 1889 lacuna
1209 1819 1436 1890 concurrunt
1452 1819 1490 1890 et
1505 1815 1729 1912 colliguntur
1749 1833 1879 1892 ornnes
1897 1833 1980 1889 sor-

810 1934 875 2010 des
903 1955 1087 2030 aquarum
1114 1942 1359 2010 mortuarum.
1383 1933 1476 2024 Quia
1501 1954 1592 2032 ergo
1616 1943 1725 2011 autor
1754 1955 1866 2030 supra
1892 1935 1980 2010 vidit

809 2053 933 2129 omnia
962 2054 1010 2129 ab
1042 2053 1170 2129 infimo
1202 2075 1320 2150 usque
1350 2054 1397 2129 ad
1426 2075 1616 2130 summum
1651 2055 1811 2131 universi
1843 2062 1978 2150 preter

808 2196 998 2249 summum
1028 2174 1180 2270 bonum,
1209 2175 1290 2250 ideo
1319 2177 1426 2270 bene,
1452 2169 1656 2270 supplicae
1686 2183 1730 2268 tc,
1759 2175 1861 2272 idest,
1892 2197 1979 2273 pre-

806 2302 912 2372 catur
937 2295 1032 2372 sicut
1054 2295 1203 2371 intimus
1227 2297 1444 2372 altissimum
1465 2297 1675 2392 suppliciter
1700 2303 1738 2373 et
1764 2305 1977 2374 reverenter

805 2416 904 2513 petit,
925 2437 994 2510 pcr
1017 2419 1160 2512 mazio,
1188 2417 1291 2512 idest,
1318 2437 1365 2492 er
1390 2417 1507 2514 gratia
1533 2415 1677 2513 speciali
1699 2425 1895 2513 postquam
1914 2419 1980 2494 ba-

804 2537 885 2611 buit
909 2538 1066 2634 gratiam
1098 2538 1309 2636 generalem
1340 2537 1483 2613 videndi
1512 2538 1734 2636 generaliter
1765 2539 1890 2616 omnia
1910 2538 1979 2613 in·

806 2655 959 2732 visibilia
984 2657 1132 2751 viventi,
1159 2665 1256 2732 tunm
1280 2656 1330 2731 cii
1343 2662 1479 2750 mrbctc,
1508 2660 1569 2732 otte
1594 2679 1703 2752 possa
1733 2662 1864 2734 tcoorsi
1887 2663 1981 2752 copti

807 2781 915 2870 occbi,
940 2777 1086 2873 scilicet,
1111 2778 1427 2875 intellectualibus,
1442 2774 1504 2872 pail
1521 2782 1593 2854 otto
1617 2802 1721 2856 uerso
1740 2783 1899 2856 ramma
1916 2801 1979 2856 so-

808 2901 899 2992 tote(
916 2901 938 2990 ).
951 2903 1059 2973 -Et
1079 2903 1126 2972 io.
1152 2898 1218 2974 ilic
1249 2898 1459 2975 Bernartius
1490 2899 1575 2976 iacit
1608 2899 1906 2976 intercessionem
1931 2899 1979 2976 ad

809 3019 993 3118 Virginem
1020 3040 1088 3114 pro
1113 3026 1257 3114 autore,
1275 3017 1417 3094 dicens:
1444 3023 1536 3094 litto
1561 3023 1620 3096 obe
1638 3024 1711 3095 moi
1726 3041 1798 3096 oon
1823 3024 1900 3096 orci
1910 3041 1979 3114 per

808 3142 879 3214 noio
904 3143 1021 3230 ocdcr,
1046 3138 1151 3232 idest,
1176 3139 1240 3234 qui
1266 3159 1470 3236 numquam
1495 3139 1685 3217 ardentius
1701 3141 1906 3218 desiderari
1924 3141 1981 3215 vi·

808 3259 897 3335 dere
929 3257 1096 3334 ultimam
1126 3260 1295 3354 salntem,
1320 3255 1384 3353 pst
1415 3263 1514 3335 ct'io
1542 3265 1581 3356 so
1609 3283 1677 3355 por
1707 3267 1741 3338 to
1771 3283 1848 3354 sao,
1874 3259 1978 3357 idest,

808 3379 926 3477 magis
942 3397 1054 3473 quam
1072 3378 1223 3454 ardeam
1241 3386 1391 3475 propter
1416 3401 1527 3456 suum
1553 3381 1690 3478 ridere,
1712 3383 1749 3458 in
1775 3402 1850 3477 quo
1876 3388 1979 3457 notat
2014 3399 2017 3420 ¹

807 3499 907 3596 quod
930 3504 1041 3574 autor
1065 3499 1193 3574 babuit
1222 3499 1445 3598 singularem
1479 3501 1712 3578 devotionem
1745 3510 1783 3578 et
1813 3503 1980 3598 spemin

806 3620 1015 3715 Bernard03
1042 3619 1124 3694 ideo
1142 3619 1248 3695 dicit:
1266 3624 1291 3695 ti
1306 3642 1426 3715 porpo
1442 3625 1518 3698 tutti
1535 3625 1615 3698 mici
1626 3625 1777 3718 pncgbt,
1797 3621 1980 3699 affectuo-

807 3741 962 3836 sissime3
989 3749 1027 3817 et
1050 3741 1156 3817 dicit:
1183 3764 1203 3815 c
1224 3743 1336 3835 propo
1360 3745 1421 3817 cte
1444 3765 1516 3818 omo
1535 3748 1638 3820 muno
1653 3749 1781 3840 scorti,
1802 3745 1904 3840 idest,
1921 3745 1979 3819 in-

809 3861 1039 3939 sufficientes.
1066 3864 1109 3937 uc
1133 3862 1218 3938 lacit
1247 3863 1404 3958 primam
1437 3862 1659 3960 petitionem,
1686 3863 1830 3942 dicens:
1852 3865 1982 3960 percle*

810 3992 846 4056 to
869 3986 919 4074 pt
943 3985 1099 4074 coepit,
1116 3982 1221 4078 idest,
1237 3983 1424 4079 dissolvas,
1442 3988 1527 4077 opat
1541 3987 1630 4060 ambe
1645 3987 1683 4061 ui
1703 4007 1770 4060 stro
1786 3973 1978 4076 mortalita,

811 4100 913 4196 idest,
933 4123 1082 4178 omnem
1108 4103 1299 4180 tenebram
1320 4105 1441 4180 carnis
1461 4125 1545 4201 quae
1561 4106 1776 4182 obfuscabat
1792 4095 1829 4199 (¹)
1851 4107 1979 4181 lumen

810 4223 1068 4319 intellectuale,
1097 4227 1154 4299 coi
1173 4227 1311 4318 peplo
1335 4229 1420 4318 tuot,
1444 4226 1491 4303 ad
1522 4225 1637 4302 illium
1668 4219 1849 4323 tuum,.sl
1879 4229 1941 4300 cte
1958 4228 1982 4300 ’t
2138 4279 2142 4290 .

809 4365 943 4420 sommo
954 4346 1092 4438 placer,
1105 4344 1209 4441 idest,
1223 4346 1331 4441 Deus,
1344 4349 1395 4438 pti
1413 4349 1446 4420 si
1461 4349 1641 4442 disptepbi,
1654 4349 1742 4442 quia
1765 4353 1820 4423 est
1836 4347 1979 4423 velatus

808 4465 954 4541 iumine
978 4486 1058 4561 suo,
1084 4465 1133 4540 ita
1162 4472 1204 4540 nt
1233 4465 1347 4543 videri
1379 4487 1451 4543 non
1477 4469 1589 4566 possit
1613 4489 1679 4565 per
1706 4475 1889 4564 naturam,
1915 4468 1979 4544 sed

808 4606 876 4681 per
900 4586 1069 4683 gratiam.
1091 4626 1141 4641 -
1159 4593 1290 4662 locor.
1326 4587 1390 4662 iiic
1423 4588 1633 4664 Bernartius
1663 4588 1749 4665 tacit
1777 4587 1976 4664 secundam

807 4707 1035 4802 petitionem,
1051 4713 1089 4784 et
1104 4708 1194 4804 petit
1219 4709 1316 4804 quod
1341 4716 1423 4806 post
1450 4709 1560 4785 talem
1587 4709 1763 4786 visionem
1784 4716 1978 4786 conservet

871 4969 900 5035 (¹)
915 4971 945 5021 E.
960 4971 1049 5029 mm,
1065 4971 1130 5022 tuost
1145 4971 1263 5023 omnium
1280 4983 1370 5022 rerum
1385 4970 1471 5023 ssusam
1481 4998 1511 5010 -
1523 4973 1560 5024 Et
1574 4973 1606 5024 to.
1727 4971 1756 5039 (Ἴ
1772 4973 1803 5026 ll.
1818 4973 1945 5025 obruent·
