4842 6642
776 894 915 950 caurus
939 896 1131 951 vressruus
1156 894 1327 951 ocrsvus.
1559 884 1630 951 417

457 1040 559 1133 idest,
583 1039 843 1134 multiplicatur
869 1060 935 1135 per
961 1040 1139 1134 milliaria,
1152 1036 1216 1133 piri
1240 1040 1337 1114 clre’l
1360 1042 1512 1134 doppiar
1535 1043 1632 1133 denti

455 1161 601 1251 scurolo,
630 1161 735 1253 quasi
762 1160 869 1255 dicat,
895 1160 995 1254 quod
1021 1167 1125 1235 erant
1150 1161 1439 1236 innumerabiles
1468 1162 1562 1236 sicut
1594 1162 1630 1235 in

351 1329 354 1333 J
456 1280 544 1355 ludo
568 1280 786 1354 scacborum
813 1286 881 1355 etc.
908 1280 952 1354 Et
978 1280 1036 1355 bic
1061 1287 1146 1355 nota
1172 1279 1272 1377 quod
1293 1281 1522 1376 comparatio
1545 1281 1631 1356 lerri

456 1402 550 1491 bene
574 1401 746 1476 convenit
771 1402 974 1497 proposit0;
1000 1401 1093 1477 sicut
1127 1402 1225 1477 enim
1253 1421 1298 1477 ex
1326 1401 1425 1476 terro
1453 1402 1631 1476 candente

456 1542 542 1595 cum
570 1519 728 1594 trabitur
752 1540 797 1594 er
825 1520 911 1617 igne
936 1521 1112 1596 resultant
1139 1523 1264 1595 multae
1281 1521 1411 1596 lavillae
1429 1522 1631 1597 rutilantis-

456 1643 569 1735 simae‚
596 1642 645 1715 ita
667 1663 714 1716 ex
733 1643 832 1716 omni
852 1643 990 1727 circulo
1008 1642 1116 1739 igneo
1133 1643 1367 1718 emicuerunt
1384 1643 1489 1717 multi
1505 1643 1625 1739 angeli

457 1762 620 1838 volantes
638 1769 827 1855 tamquam
850 1762 979 1836 larillae
995 1761 1269 1838 ardentissimae.
1283 1767 1385 1835 -10
1401 1767 1544 1837 scateo.
1563 1763 1629 1837 Hic

456 1888 566 1957 autor
591 1882 761 1957 describit
791 1888 939 1957 cantum
971 1882 1316 1957 excellentissimum
1349 1882 1531 1957 dictorum
1562 1903 1629 1956 an·

455 2003 626 2098 gelorum
653 2001 705 2077 sic
730 2002 931 2076 volantium
950 2009 987 2078 et
1003 2002 1311 2097 dislavillantium‚
1325 2003 1467 2077 dicens:
1487 2007 1528 2075 10
1547 2025 1628 2077 sca·

455 2126 527 2197 tivo
544 2144 717 2216 ornabar,
739 2122 840 2216 idest,
857 2122 996 2199 cantari
1023 2126 1196 2218 hosanna,
1213 2126 1252 2198 di
1267 2145 1352 2197 coro
1369 2127 1407 2199 in
1422 2145 1522 2216 coro,
1540 2123 1627 2218 quia

455 2265 585 2321 omnes
605 2244 724 2340 angeli
742 2244 923 2319 dictorum
942 2265 1075 2319 norem
1093 2244 1265 2320 ordinum
1283 2245 1474 2321 laudantes
1491 2252 1527 2319 et
1546 2266 1629 2318 ma·

454 2362 666 2459 gnificantes
686 2364 803 2438 Deum
823 2348 1029 2457 cantabant,
1042 2366 1217 2457 mannua,
1234 2364 1338 2456 idest,
1351 2364 1522 2458 salvifica,
1537 2364 1624 2458 quia

454 2504 584 2559 omnes
600 2479 635 2577 (¹)
664 2490 863 2579 precantur
888 2485 1043 2558 salutem
1070 2484 1253 2577 omnium3
1279 2491 1317 2560 et
1341 2483 1445 2558 dicit:
1464 2488 1502 2558 at
1513 2492 1626 2577 puato

450 2608 548 2697 fisso,
579 2605 681 2698 idest,
715 2605 761 2679 ad
793 2605 912 2679 Deum
944 2606 1184 2699 immobilem,
1209 2608 1269 2679 cte
1292 2609 1349 2697 pli·
1368 2610 1454 2679 aare
1478 2608 1538 2678 atr
1550 2606 1627 2697 abi,

454 2724 556 2820 idest,
586 2725 649 2820 qui
675 2732 775 2799 tenet
799 2746 862 2801 eos
887 2725 934 2800 ad
958 2745 1010 2821 se,
1028 2731 1219 2820 tamquam
1244 2725 1292 2801 ad
1317 2746 1449 2801 eorum
1477 2726 1560 2819 ubi;
1586 2732 1624 2800 et

454 2844 551 2940 dicit,
576 2867 595 2918 e
626 2835 723 2919 terrd
747 2866 895 2937 compre,
921 2844 1022 2938 idest,
1049 2846 1184 2921 tenebit
1209 2848 1247 2920 in
1273 2846 1441 2920 futurum
1472 2866 1538 2941 per
1568 2846 1625 2919 in·

455 2964 557 3039 linita
582 2966 728 3059 sanna,
745 2969 803 3039 acl
825 2969 921 3059 qual,
947 2966 1082 3041 scilicet
1106 2966 1180 3059 ubi,
1197 2988 1335 3059 semprc
1352 2971 1450 3061 soro,
1476 2964 1624 3058 scilicet,

452 3085 498 3160 de
516 3086 704 3181 praeterito
724 3093 916 3182 postquam
935 3086 1048 3162 creati
1066 3092 1161 3161 sunt.
1175 3092 1270 3160 -Ε
1284 3090 1409 3178 quella
1426 3086 1491 3160 Hic
1511 3092 1621 3160 autor

450 3205 608 3281 ostendit
634 3206 819 3300 quomodo
843 3206 988 3282 Beatrir
1010 3207 1248 3303 explicaverit
1266 3206 1333 3281 sibi
1353 3205 1490 3281 seriose
1509 3205 1623 3279 dictos

451 3326 597 3403 ordines
624 3328 854 3423 angelorum,
871 3334 909 3401 et
934 3328 1053 3422 primo
1070 3328 1162 3401 duos
1179 3327 1327 3401 ordines
1344 3328 1501 3423 primos;
1523 3326 1622 3401 unde

449 3452 671 3523 connectens
693 3447 787 3521 dicta
800 3446 970 3541 dicendis,
988 3447 1091 3522 dicit:
1105 3452 1139 3521 Ε
1152 3450 1266 3540 quella
1283 3451 1343 3521 alre
1359 3449 1489 3521 aedem
1503 3450 1519 3519 i
1529 3467 1621 3539 pea-

450 3572 520 3643 ciar
554 3569 639 3659 dab·
671 3570 764 3641 cello
798 3570 870 3641 mio
903 3574 1025 3659 marte,
1057 3568 1143 3662 quia
1174 3568 1311 3644 scilicet
1343 3567 1549 3663 cogitabam
1582 3572 1622 3640 et

451 3689 663 3764 dubitabam
682 3687 769 3783 quid
785 3683 852 3762 sibi
868 3688 977 3763 vellet
994 3689 1053 3763 illa
1070 3688 1313 3781 dislavillati03
1332 3687 1502 3781 quamvis
1519 3686 1617 3761 enim

452 3808 591 3884 videret
608 3809 706 3884 illam
719 3808 994 3883 circulationem
1007 3808 1210 3904 angelicam
1226 3808 1330 3883 circa'
1344 3808 1474 3901 Deum,
1490 3814 1614 3879 tamen

452 3928 643 4025 ignorabat
668 3949 800 4004 eorum
826 3927 1091 4004 distinctionem
1123 3934 1159 4003 el
1192 3927 1471 4024 proprietatem3
1503 3927 1621 4000 dore:

451 4055 466 4124 i
500 4052 613 4124 cercld
643 4052 765 4143 primi,
794 4047 894 4143 idest,
929 4049 1003 4123 duo
1040 4048 1167 4123 circuli
1204 4049 1312 4144 primi
1351 4047 1468 4144 magis
1502 4065 1618 4141 prope

451 4176 628 4267 punctum
645 4176 729 4244 sunt
747 4168 821 4243 duo
834 4167 979 4245 ordines
991 4169 1226 4265 angelorum3
1240 4168 1338 4244 unde
1352 4167 1454 4243 dicit:
1473 4170 1621 4241 alanno

451 4292 649 4365 malratoi
669 4294 777 4383 carofi
801 4313 820 4363 e
843 4294 857 4364 t
881 4292 1029 4383 obaudi,
1060 4290 1204 4384 scilicet,
1223 4290 1259 4363 in
1284 4288 1622 4363 disiavillalionibus

449 4432 592 4487 eorum.
619 4413 662 4486 Et
686 4411 808 4486 subdit
832 4432 951 4505 qnare
985 4418 1059 4486 tam
1096 4410 1270 4486 velociter
1302 4416 1534 4503 moveantur,
1564 4407 1621 4481 di-

447 4552 552 4608 cens:
584 4526 655 4607 eorl
680 4536 800 4625 celoci,
827 4532 971 4628 scilicet,
998 4532 1035 4605 in
1063 4538 1175 4624 motu,
1202 4551 1357 4623 senuero
1380 4534 1395 4604 i
1417 4533 1496 4603 croi
1522 4532 1621 4621 marl,

445 4654 549 4749 idest,
575 4653 723 4727 vincula
749 4673 832 4749 quae
859 4658 983 4728 tenent
1007 4672 1071 4727 eos
1097 4652 1226 4749 ligatos
1258 4650 1306 4725 ad
1331 4650 1406 4744 ubi,
1429 4672 1496 4743 per
1520 4652 1621 4723 aad·

445 4777 572 4865 pltarsl
599 4776 640 4848 ot
664 4783 788 4867 panto,
814 4775 948 4849 scilicet
972 4774 1061 4868 beo,
1091 4780 1222 4866 quanto
1253 4792 1389 4866 poeno,
1415 4778 1452 4846 et
1477 4771 1573 4866 dicit,
1602 4794 1622 4845 e

515 5036 543 5103 (ί)
559 5038 589 5089 B.
607 5050 698 5089 ornnes
714 5038 741 5087 bi
759 5041 906 5101 precantur.

587 5148 612 5191 V·
1460 5146 1487 5189 rr
