4842 6642
833 817 906 887 tos
1225 832 1429 888 comrrou
1453 832 1620 886 nsmnrsr

833 983 872 1052 et
886 977 972 1052 alibi
992 999 1107 1076 saepe3
1132 986 1172 1054 et
1196 977 1301 1054 dicit:
1323 981 1412 1052 clr'a
1427 979 1579 1053 asaza
1595 979 1700 1050 ltotiu
1717 967 1825 1051 ocrrd
1840 980 1879 1052 iu
1890 981 2013 1072 primo

832 1099 960 1172 ct’ello
983 1101 1040 1172 sto
1063 1101 1235 1192 disposta,
1261 1098 1366 1191 quasi
1390 1097 1506 1173 dicat:
1538 1116 1611 1171 non
1642 1097 1782 1172 invenit
1806 1117 1888 1172 eam
1916 1099 2013 1174 bene

833 1215 1042 1312 dispositam
1059 1217 1107 1292 ad
1123 1225 1269 1292 rectum
1286 1223 1323 1292 et
1343 1224 1488 1292 certum
1510 1237 1668 1313 regnum
1687 1217 1797 1292 nnius
1822 1237 2011 1294 monarcae

833 1345 983 1433 propter
995 1338 1245 1434 partialitates,
1258 1337 1468 1434 tyrannides
1483 1345 1520 1413 et
1532 1338 1628 1413 belia
1640 1337 1822 1433 intestina,
1829 1330 1956 1412 sedari
1971 1343 2011 1413 iu

833 1458 1288 1552 metonomicos,
1306 1457 1474 1534 insidebit
1490 1457 1578 1532 illnd
1596 1457 1714 1532 altum
1733 1459 1882 1553 solium,
1898 1460 2011 1553 quale

834 1577 940 1653 dwet
968 1577 1198 1654 maiestatem
1230 1577 1426 1673 imperialis
1459 1576 1629 1652 culminis
1663 1577 1699 1652 in
1736 1578 1899 1674 principe
1932 1585 2008 1653 am

834 1699 1020 1794 virtuoso3
1044 1705 1082 1774 et
1105 1698 1210 1773 dicit:
1237 1718 1262 1772 u
1287 1703 1346 1772 oie
1362 1707 1398 1774 tn
1414 1703 1465 1791 pti
1480 1700 1577 1774 ocelli
1597 1701 1691 1792 teni,
1709 1699 1814 1795 idest,
1831 1699 1931 1795 quod
1949 1719 2010 1774 so-

835 1822 913 1896 lum
940 1827 980 1895 tn
1005 1819 1210 1916 specialiter
1235 1819 1389 1916 inspicis,
1410 1842 1479 1913 par
1503 1823 1541 1894 tu
1565 1841 1701 1894 corono
1720 1823 1782 1895 cte
1801 1823 1833 1894 d
1846 1817 1869 1895 e*
1889 1810 1951 1912 piri
1966 1841 2008 1893 su

829 1949 949 2034 postu,
976 1940 1079 2034 idest,
1106 1946 1256 2036 propter
1280 1959 1457 2016 coronam
1482 1939 1610 2038 gloriae
1630 1961 1715 2036 qnae
1740 1943 1892 2037 estjam
1913 1960 2010 2035 prae·

718 2087 727 2102 ·
835 2067 963 2156 parata
982 2059 1121 2136 meritis
1140 2059 1227 2156 suis,
1241 2061 1336 2134 sicut
1352 2081 1527 2136 coronam
1547 2061 1776 2157 imperialem
1793 2059 1903 2158 digne
1922 2080 2008 2156 pro-

836 2181 971 2256 meruit
996 2180 1033 2254 in
1049 2187 1174 2275 terra3
1195 2187 1234 2256 et
1253 2179 1349 2276 dicit,
1367 2185 1453 2275 pria
1468 2183 1529 2255 ctu
1546 2190 1581 2256 tu
1600 2184 1676 2256 ceni
1699 2203 1725 2255 o
1749 2188 1864 2274 quae
1879 2201 2007 2270 nozze,

834 2300 939 2396 quasi
963 2299 1079 2375 dicat:
1105 2307 1307 2394 antequam
1334 2300 1504 2375 moriaris
1529 2308 1566 2375 et
1592 2300 1717 2375 venias
1734 2301 1781 2376 ad
1801 2301 1906 2376 utam
1924 2300 2006 2397 glo·

835 2421 940 2515 riam,
966 2420 1031 2495 nbi
1056 2419 1168 2495 etiam
1194 2427 1234 2494 tu
1261 2421 1466 2518 expectaris
1496 2421 1619 2496 divina
1647 2422 1767 2519 gratia
1799 2427 1836 2496 et
1867 2421 2006 2496 meritis

835 2541 918 2615 tuis.
932 2541 1037 2616 Unde
1051 2542 1134 2616 volo
1151 2542 1251 2636 qnod
1268 2541 1449 2640 inteiligas
1466 2543 1586 2638 tacite,
1600 2543 1700 2638 qnod
1718 2543 1862 2618 Beatrix
1881 2549 2006 2618 osten·

834 2663 887 2738 dit
910 2663 1032 2738 autori
1054 2662 1181 2740 sedem
1208 2665 1322 2760 ipsius
1347 2683 1504 2739 monam
1530 2685 1617 2740 curn
1640 2684 1777 2739 corona
1794 2665 1923 2739 laurea
1940 2685 2005 2739 sn-

835 2804 965 2880 spensa
981 2783 1151 2880 desuper.
1177 2785 1223 2860 Et
1248 2784 1466 2860 benedicit:
1487 2793 1687 2880 antequam
1705 2791 1827 2860 coenet
1844 2784 1903 2879 ibi,
1923 2785 2010 2879 qnia

835 2903 1014 2980 llenrlcus
1030 2905 1204 3000 prolatus
1224 2913 1396 2980 mortuus
1412 2911 1468 2982 est
1497 2906 1694 2982 MCCClllll
1719 2903 1779 2980 die
1800 2904 1913 2978 xxiv
1938 2925 2009 2979 an·

833 3027 931 3124 gusti
957 3026 995 3102 in
1024 3027 1154 3102 Tuscia
1185 3026 1223 3101 in
1255 3027 1404 3103 castello
1439 3026 1536 3122 quod
1562 3027 1695 3102 dicitnr
1725 3027 2005 3119 Bonconvento3

835 3153 947 3223 nutor
978 3167 1069 3223 vero
1099 3155 1271 3224 mortuns
1302 3155 1357 3224 est
1387 3147 1588 3224 llCGCXlll
1614 3147 1661 3222 de
1691 3167 1818 3223 mense
1848 3154 2009 3243 septem-

835 3267 911 3342 bris
935 3265 972 3340 in
999 3266 1089 3344 iesto
1113 3274 1250 3344 sancte
1274 3267 1394 3344 crucis
1419 3267 1456 3342 in
1481 3266 1628 3343 civitate
1644 3267 1841 3361 Ravenna,
1863 3267 1924 3342 nbi
1948 3287 2012 3342 se-

836 3387 961 3483 pnltns
984 3393 1041 3462 est
1065 3388 1164 3484 apud
1195 3390 1319 3464 locum
1356 3389 1514 3464 iratrnm
1551 3389 1737 3464 minorum
1768 3387 1806 3462 in
1842 3388 2011 3481 sepulcro

838 3527 974 3606 magno
999 3527 1098 3583 cnm.
1114 3509 1176 3583 tali
1202 3508 1384 3606 epitaphio
1409 3509 1509 3604 qnod
1534 3509 1618 3586 iecit
1647 3507 1832 3586 lohannes
1856 3507 1903 3582 de
1928 3506 2011 3581 Vir-

836 3627 923 3726 gilio
947 3629 1068 3737 bonus
1093 3636 1427 3726 contemporaneus
1444 3631 1524 3706 eins
1545 3636 1581 3706 et
1599 3631 1751 3706 amicus.
1765 3669 1816 3684 —
1829 3633 1879 3702 Lu
1904 3631 2008 3702 ctera

837 3749 902 3824 llic
927 3749 1073 3824 Beatrix
1098 3749 1260 3847 assignat
1286 3771 1436 3826 cansam
1464 3752 1676 3848 generalem
1695 3771 1813 3846 quare
1832 3749 2010 3826 ilenricns

837 3890 911 3946 non
936 3869 1068 3968 diriget
1093 3870 1247 3965 ltaliam,
1264 3869 1408 3946 dicens:
1436 3875 1487 3944 La
1503 3873 1597 3946 ricco
1614 3874 1803 3966 copidipto,
1820 3869 1922 3966 idest,
1943 3890 2011 3946 cn·

837 3989 976 4086 piditas,
1003 4011 1087 4086 quae
1119 3991 1283 4067 obcaecat
1318 4011 1383 4067 ros
1417 3991 1566 4086 italicos,
1593 3993 1642 4066 ita
1678 3999 1719 4066 nt
1753 4013 1825 4067 non
1860 3991 2010 4068 rideatis

836 4111 1028 4207 proprium
1054 4112 1304 4208 sennodum,
1330 4115 1390 4188 cte
1415 4111 1447 4186 n’
1459 4117 1641 4207 ammoto,
1665 4113 1768 4208 idest,
1794 4133 1879 4208 ane
1904 4113 2009 4189 iasci-

839 4239 903 4306 nat
927 4251 993 4307 vos
1019 4252 1126 4308 more
1152 4231 1446 4328 incantatricum,
1466 4233 1557 4308 o’tu
1572 4237 1652 4329 [otti
1667 4236 1773 4308 omit
1787 4237 1826 4308 ot
1837 4233 2010 4328 [minino

837 4354 899 4426 cte
922 4371 1027 4426 mcor
1047 4373 1115 4447 per
1136 4357 1233 4448 same
1257 4356 1417 4426 ecardo
1443 4357 1502 4428 vso
1527 4356 1563 4426 ta
1588 4354 1697 4445 botin,
1723 4361 1761 4427 et
1785 4359 1839 4428 est
1865 4353 2010 4448 pulcer-

839 4471 934 4546 rima
967 4469 1184 4547 similitudo:
1221 4471 1315 4547 sicut
1350 4471 1448 4548 enim
1479 4473 1679 4548 iniantulns
1712 4472 1908 4568 aliqnando
1943 4493 2010 4570 pro

839 4591 950 4667 nihilo
974 4593 1184 4690 indignatus
1207 4592 1367 4668 allicitur
1393 4593 1501 4688 ieme,
1523 4601 1561 4670 et
1587 4600 1711 4670 tamen
1738 4593 1859 4669 rennit
1883 4593 2007 4668 cibum

838 4731 951 4806 quern
968 4712 1122 4810 porrigit
1145 4713 1212 4787 sibi
1231 4710 1289 4810 pia
1306 4713 1432 4788 nutrix
1448 4733 1528 4809 sna,
1547 4721 1588 4788 nt
1604 4713 1744 4808 quietet
1760 4714 1887 4789 fletum
1906 4713 2006 4809 eins3

840 4831 890 4908 ita
916 4852 982 4907 vos
1006 4832 1117 4908 italici
1141 4853 1208 4931 pro
1234 4834 1344 4909 nihilo
1369 4833 1451 4909 irati
1470 4840 1507 4909 et
1523 4833 1696 4932 indignati
1717 4832 1811 4909 sicut
1827 4853 1895 4930 pro
1911 4855 2005 4910 vana

839 4951 1059 5048 partialitate
1092 4953 1276 5031 morimini
1307 4955 1416 5050 lame,
1450 4961 1487 5032 et
1516 4955 1617 5031 omni
1643 4957 1740 5031 malo
1773 4954 2005 5032 incommodo
2063 5027 2070 5038 .
