4842 6642
841 835 912 904 loll
1231 847 1434 902 couauruu
1459 823 1626 902 rnnanrsr

838 989 905 1064 sita
931 991 991 1065 illa
1017 991 1136 1088 ligura
1162 997 1414 1086 apparuerunt
1438 989 1559 1066 autori
1578 989 1615 1064 in
1635 989 1782 1085 propria
1801 989 1916 1064 torma
1936 990 2009 1066 bu-

838 1132 948 1210 mana
972 1119 1010 1185 et
1034 1111 1210 1206 angelica.
1238 1111 1418 1186 Construe
1442 1111 1494 1185 sio
1519 1111 1684 1186 literam:
1703 1113 1771 1183 Poi
1795 1113 1824 1204 li
1841 1113 1926 1204 fiori
1942 1114 2009 1186 ele

833 1234 954 1326 [anille
979 1234 1028 1304 mi
1050 1233 1083 1304 si
1106 1231 1287 1305 cambus
1311 1234 1347 1304 iu
1373 1234 1539 1324 mappior
1567 1235 1664 1326 (mla,
1698 1229 1800 1326 idest,
1825 1250 2009 1327 apparue-

837 1359 926 1427 runt
950 1351 1038 1426 mibi
1064 1352 1100 1426 in
1125 1353 1300 1448 pulcriori
1326 1359 1364 1427 et
1390 1351 1557 1426 nobiliori
1576 1352 1711 1450 ligura:
1735 1359 1772 1428 et
1793 1371 1878 1447 quae
1898 1350 2009 1426 luerit

838 1472 896 1547 illa
924 1471 1044 1569 ligura
1070 1472 1238 1566 ostendit,
1264 1471 1406 1548 dicens:
1436 1465 1466 1545 si
1500 1475 1599 1546 ob'io
1629 1475 1701 1546 uidi
1728 1471 1889 1545 undele
1920 1475 2010 1546 corti

748 1671 752 1678 ,
838 1594 897 1666 del
925 1594 990 1667 ciel
1018 1595 1210 1686 manifeste,
1242 1591 1388 1688 scilieet,
1420 1593 1611 1668 bominum
1643 1600 1681 1668 et
1707 1593 1947 1688 angelorum3
1973 1598 2011 1666 et

838 1713 888 1788 ita
913 1719 1176 1809 apparuerunt,
1211 1695 1281 1787 cosi
1314 1735 1410 1788 conte
1439 1723 1539 1807 pente
1562 1721 1654 1788 stuta
1687 1697 1782 1788 sotto¹
1809 1714 1930 1807 larum
1956 1719 2012 1788 est

839 1835 937 1910 enirn
964 1833 1067 1908 larva
1092 1834 1367 1931 velamenque
1394 1835 1476 1931 quis
1508 1835 1744 1932 transfigurat
1769 1834 1898 1910 laniem
1925 1853 2012 1929 pro·

839 1955 956 2050 priam
982 1974 1066 2049 quae
1092 1954 1205 2050 vulgo
1231 1956 1435 2050 appellatur
1461 1958 1645 2030 muralem
1660 1995 1710 2010 -
1727 1957 1786 2029 cllo
1801 1973 1894 2051 pore
1917 1956 2011 2027 ultro

839 2076 899 2148 ele
918 2077 1054 2167 pmmo,
1075 2074 1162 2169 quia
1183 2074 1329 2150 videtur·
1355 2075 1465 2150 iacies
1491 2076 1618 2170 pulcra
1636 2081 1673 2150 et
1691 2095 1790 2169 sana,
1809 2073 1871 2149 ubi
1892 2074 2012 2169 primo

839 2194 1039 2290 apparebat
1064 2194 1180 2290 turpis
1205 2202 1244 2270 et
1269 2194 1458 2289 terribilis3
1486 2202 1523 2270 et
1549 2197 1617 2270 boc
1648 2195 1750 2270 dico:
1776 2216 1813 2268 se
1836 2197 1868 2268 si
1890 2201 2011 2286 merle,

806 2376 810 2383 .
839 2313 941 2407 idest,
959 2314 989 2387 si
1008 2315 1068 2388 illa
1084 2334 1175 2411 gens
1193 2313 1351 2409 expoliat
1367 2335 1419 2408 se,
1437 2317 1474 2388 lu
1489 2315 1692 2389 teutmaro
1709 2335 1781 2389 non
1804 2334 1885 2405 sua,
1908 2313 2010 2408 idest,

837 2433 1088 2530 apparentiam
1123 2433 1360 2531 impropriam
1396 2441 1433 2510 et
1467 2435 1649 2531 alienam3
1682 2441 1719 2511 et
1749 2435 1846 2529 dicit,
1879 2437 1916 2507 in
1949 2436 2011 2508 olto

840 2557 1018 2648 dispereo,
1043 2554 1145 2649 idest,
1171 2556 1341 2650 subque
1367 2555 1473 2630 latuit
1506 2563 1543 2630 et
1573 2556 1756 2630 occultata
1782 2554 1868 2628 luit:
1894 2560 1932 2628 et
1956 2552 2008 2628 sic

838 2675 921 2752 ride
946 2675 1132 2771 quomodo
1158 2677 1383 2772 comparatio
1409 2684 1464 2752 est
1489 2696 1649 2752 consona
1671 2676 1758 2751 huic
1784 2680 2008 2750 transmuta-

839 2795 1049 2872 tioni-0
1073 2799 1250 2889 splendor.
1277 2797 1341 2872 llio
1365 2805 1476 2872 autor
1501 2797 1752 2893 descripturus
1777 2817 1905 2872 veram
1932 2796 2010 2871 lor·

837 2938 936 2992 mam
957 2916 1111 3012 paradisi
1131 2917 1303 3014 implorat
1320 2917 1522 2993 subsidium
1539 2917 1670 2993 divinae
1687 2917 1826 3015 gratiae,
1842 2923 1884 2992 ut
1900 2915 2011 3012 possit

837 3038 978 3113 reterre
1003 3037 1218 3134 qualitatem
1237 3039 1346 3113 buius
1373 3039 1538 3133 visionis3
1557 3039 1656 3114 unde
1671 3038 1776 3115 dicit:
1799 3039 2011 3132 Ospiendor

837 3160 875 3232 di
899 3161 983 3249 Dio,
1008 3157 1110 3252 idest,
1135 3177 1160 3232 o
1185 3159 1248 3232 lux
1275 3159 1408 3254 divina,
1431 3181 1498 3253 per
1526 3162 1582 3234 oali
1605 3163 1648 3264 io·
1666 3162 1750 3252 vidi,
1776 3159 1878 3254 idest,
1904 3157 2010 3234 cuius

837 3278 956 3376 gratia
988 3297 1058 3374 ego
1089 3277 1172 3373 vidi,
1198 3279 1391 3374 degustata
1426 3279 1485 3354 illa
1515 3300 1625 3376 aqua,
1652 3301 1736 3374 quoe
1769 3286 1849 3355 erat
1882 3281 2009 3353 lumen

836 3399 1044 3476 discurrens
1068 3399 1115 3474 ad
1141 3399 1294 3474 modum
1320 3420 1441 3496 aquae,
1459 3407 1501 3474 ut
1521 3402 1644 3498 paullo
1668 3409 1754 3477 ante
1780 3401 1918 3476 dictum
1942 3407 2008 3492 est,

835 3523 944 3595 lullo
969 3522 1113 3614 bonaso,
1138 3519 1286 3614 seilicet,
1312 3520 1440 3596 beatos
1464 3529 1501 3596 et
1526 3522 1678 3619 angelos
1698 3521 1763 3617 qui
1780 3520 2005 3616 triumphant

836 3642 875 3716 in
899 3642 975 3715 alto
1000 3641 1095 3715 coelo
1120 3640 1168 3714 de
1192 3661 1325 3716 eorum
1351 3639 1523 3734 victoriis,
1541 3648 1583 3715 ut
1609 3641 1741 3716 totiens
1765 3640 1904 3715 dictum
1931 3646 2005 3732 est;

838 3761 935 3836 unde
960 3761 1056 3856 dicit,
1073 3763 1132 3836 del
1145 3782 1257 3853 reparo
1274 3782 1410 3855 oerum,
1432 3761 1530 3856 quod
1548 3782 1694 3859 semper
1714 3763 1820 3836 lloret
1844 3767 1882 3835 et
1908 3779 2003 3833 nun-

836 3901 948 3976 quam
976 3880 1093 3975 perdit
1113 3901 1254 3978 regem,
1271 3880 1342 3955 sub
1359 3901 1434 3976 quo
1454 3887 1492 3956 et
1508 3903 1530 3955 a
1550 3903 1625 3978 quo
1641 3887 1728 3956 sunt
1747 3879 1871 3978 omnia
1891 3900 2004 3977 regua

836 4021 980 4098 regum,
999 4021 1083 4095 quae
1102 4000 1276 4076 transfert
1300 4001 1347 4076 de
1372 4007 1482 4098 gente
1508 4001 1545 4075 in
1565 4009 1726 4098 gentem,
1748 4002 1882 4074 domnii
1901 3995 2004 4091 virli,

686 4141 693 4153 ·
836 4119 937 4216 idest,
956 4127 1087 4215 praesta
1114 4119 1202 4193 mibi
1228 4121 1441 4216 potentiam,
1458 4142 1481 4194 a
1498 4124 1557 4196 dir
1581 4123 1712 4195 oom'io
1737 4124 1772 4195 lo
1799 4123 1883 4212 uidi,
1900 4119 2004 4213 idest,

833 4240 880 4316 ad
893 4239 1172 4316 describendum
1187 4261 1315 4316 veram
1335 4241 1492 4317 sormam
1506 4241 1543 4317 in
1556 4263 1630 4338 qua
1645 4241 1715 4316 vidi
1734 4241 1852 4338 ipsum
1871 4241 2004 4315 trium-

834 4363 947 4457 pbum
974 4361 1166 4435 bominum
1192 4369 1230 4436 et
1255 4362 1485 4459 angelorum.
1500 4367 1676 4438 -Luma
1695 4364 1760 4439 llio
1784 4369 1893 4438 autor
1911 4362 2003 4437 lacta

832 4480 1061 4558 invocatione
1085 4482 1260 4558 continuo
1285 4483 1457 4558 describit
1485 4504 1656 4580 regnum,
1677 4483 1714 4558 in
1732 4504 1808 4579 quo
1825 4483 2004 4583 gloriatur

832 4602 949 4677 dictus
976 4601 1194 4697 triumphus.
1222 4603 1265 4676 ltt
1291 4603 1454 4680 breviter
1479 4605 1558 4678 vult
1579 4604 1702 4680 dicere
1722 4603 1821 4698 quod
1839 4602 1926 4679 illud
1947 4603 2005 4677 lu-

833 4743 919 4798 men
943 4721 1119 4817 diviuum‚
1138 4723 1237 4818 quod
1255 4725 1373 4821 primo
1391 4723 1586 4800 ridebatur
1603 4724 1750 4800 extendi
1776 4724 1814 4799 iu
1839 4726 2004 4821 longum,

832 4850 913 4918 erat
938 4863 1036 4918 nunc
1062 4844 1284 4940 rotundum3
1311 4851 1348 4920 et
1373 4846 1443 4920 boc
1469 4852 1524 4921 ost
1555 4847 1654 4940 quod
1688 4853 1842 4922 vocatur
1866 4846 2002 4920 ooelunr

834 4981 1064 5059 empyreum,
1097 4964 1197 5058 quod
1230 4985 1303 5040 non
1337 4972 1392 5040 est
1417 4965 1609 5062 corporale
1634 4966 1728 5041 sieut
1752 4964 1875 5040 ueteri
1908 4965 2004 5059 ooeli,
