4842 6642
795 856 1150 939 mnrus'vrnusruus
1175 884 1318 939 rnruus.
1564 874 1638 960 277

316 1069 319 1073 ·
467 1029 604 1124 mundi,
624 1030 729 1124 quasi
753 1029 860 1124 dicat,
887 1030 987 1125 quod
1012 1029 1079 1104 iste
1104 1029 1281 1125 septimus
1309 1028 1453 1124 planeta
1480 1035 1636 1103 vocatur

464 1150 542 1226 sive
566 1150 824 1226 denominatur
849 1149 1031 1224 Saturnus
1056 1171 1078 1224 n
1103 1149 1264 1225 Saturno
1295 1169 1395 1246 rege.
1426 1149 1510 1223 Fuit
1540 1150 1636 1226 enim

464 1271 645 1349 saturum
670 1270 716 1346 de
738 1271 792 1347 rei
812 1271 969 1346 ueritate
987 1292 1053 1346 ren
1070 1271 1198 1372 insulae
1216 1272 1346 1363 Cretae,
1364 1291 1439 1366 quo
1458 1276 1636 1368 regnante

466 1395 624 1469 multum
651 1393 768 1490 viguit
789 1393 940 1489 justitia,
961 1401 998 1469 et
1023 1394 1141 1468 insula
1159 1392 1219 1468 illa
1242 1393 1364 1467 tloruit
1381 1393 1552 1468 omnibus
1569 1392 1636 1466 ho-

465 1513 538 1607 nis;
564 1513 647 1592 ideo
665 1519 780 1608 poete
798 1512 996 1608 finxerunt,
1017 1514 1117 1607 quod
1142 1520 1231 1588 aetas
1248 1534 1365 1588 aurea
1382 1514 1450 1588 luit
1465 1513 1535 1587 sub
1557 1513 1637 1604 illo;

464 1634 512 1709 de
536 1654 610 1728 qua
631 1634 711 1729 jem
737 1653 834 1728 saepe
857 1633 997 1708 dictum
1023 1642 1091 1728 est,
1123 1635 1187 1710 sed
1218 1634 1403 1730 praecipue
1428 1634 1636 1730 Purgatorii

465 1752 738 1851 capitu103-ide0
762 1752 867 1828 dicit:
893 1761 982 1829 sotto
1006 1758 1062 1827 cni
1079 1757 1226 1847 piaeque
1246 1759 1331 1847 opni
1348 1757 1491 1829 molisio
1509 1760 1638 1844 morta,

465 1875 551 1970 quin
577 1874 614 1948 in
639 1873 700 1948 illa
726 1879 834 1948 aetnte
859 1873 1025 1948 homines
1052 1875 1226 1950 vixerunt
1258 1876 1472 1950 innocenter
1498 1881 1535 1950 et
1560 1874 1638 1948 sinc

466 1995 574 2088 ritio;
600 1994 701 2088 quod
724 1993 833 2069 debet
857 1993 1006 2090 intelligi
1032 1994 1127 2068 sicut
1153 1993 1306 2089 exposui
1324 1994 1558 2090 praenllegato
1578 2013 1640 2066 cn-

465 2115 591 2212 pitulo.
604 2155 655 2170 -
676 2117 750 2188 Vidi
777 2116 896 2188 uncle.
927 2114 994 2191 llic
1018 2123 1140 2209 autor,
1165 2115 1347 2212 descripto
1381 2115 1484 2212 signo
1510 2134 1635 2189 nurenc

464 2237 584 2329 scnlae,
611 2254 711 2309 nunc
733 2233 904 2310 describit
927 2233 1075 2330 spiritus
1095 2235 1399 2329 splendidissimus
1421 2240 1638 2330 apparentes

464 2354 502 2428 in
527 2375 584 2451 en,
600 2354 751 2434 dicens:
786 2357 861 2430 Vidi
883 2357 1005 2447 uncie,
1031 2354 1104 2430 ridi
1129 2354 1240 2431 etium
1267 2357 1304 2430 in
1330 2356 1501 2452 praedicta
1528 2353 1637 2450 scale,

463 2479 553 2549 tunti
575 2477 768 2568 splendori,
798 2475 900 2571 idest,
926 2476 1130 2572 splendidos
1160 2477 1318 2572 spiritus,
1348 2479 1493 2550 scender
1521 2479 1636 2567 pinso,
1688 2461 1692 2468 ’

463 2595 610 2690 scilicet,
640 2615 769 2669 versus
793 2616 871 2688 nos,
892 2617 960 2688 per
988 2599 1014 2670 n·
1046 2598 1168 2687 predi,
1193 2596 1375 2691 praedictae
1401 2595 1520 2688 scale,
1537 2597 1589 2668 cl'
1602 2597 1637 2667 io

458 2718 587 2810 penui
610 2717 662 2789 cd'
674 2718 759 2806 opici
782 2718 884 2806 turne,
901 2718 961 2789 cde
981 2720 1130 2809 parnei
1146 2719 1246 2809 cuin,
1264 2737 1330 2812 per
1346 2715 1509 2791 diversos
1527 2716 1636 2789 orbes

462 2835 700 2910 distributum
729 2842 772 2917 ‚et
791 2894 798 2914 .,
807 2835 1029 2930 distinctum,
1051 2839 1146 2930 fosse
1175 2839 1304 2930 diffuso
1330 2839 1462 2931 quindi,
1490 2836 1637 2928 scilicet,

463 2975 532 3051 per
556 2955 656 3030 illam
682 2956 839 3040 scalam:
865 2976 932 3051 per
944 2949 982 3049 (¹)
1010 2957 1080 3032 hoc
1105 2956 1224 3031 innuit
1242 2965 1353 3032 autor
1378 2957 1475 3053 quod
1501 2957 1558 3031 isti
1584 2963 1638 3030 te·

465 3073 602 3150 nebant
627 3097 816 3150 summum
835 3075 992 3172 gradum
1010 3076 1254 3171 beatitudinis
1272 3082 1310 3152 et
1326 3098 1393 3172 per
1409 3097 1638 3171 consequens

465 3193 614 3268 luminis
633 3201 672 3269 et
687 3194 897 3290 splendoris.
923 3196 986 3270 Est
1010 3216 1101 3292 ergo
1125 3195 1184 3270 hic
1210 3195 1427 3291 notandum,
1449 3197 1548 3292 quod
1571 3195 1639 3270 Su-

466 3320 611 3409 turnus,
629 3313 726 3390 inter
749 3315 821 3390 ulia
845 3335 959 3411 opera
985 3316 1100 3391 multa
1118 3337 1203 3412 quae
1221 3316 1315 3412 iecit,
1333 3317 1416 3392 lecit
1434 3316 1531 3391 viros
1549 3337 1637 3391 con-

463 3434 706 3530 templativos,
716 3435 908 3530 solitarios,
917 3436 1130 3530 abstractos,
1142 3438 1433 3512 melancholicos.
1445 3437 1547 3513 Unde
1556 3437 1636 3512 Ari-

464 3556 613 3631 stoteles
642 3556 736 3632 libro
760 3557 1042 3640 ‚Problematum
1076 3564 1200 3632 moret
1234 3578 1347 3649 unam
1384 3559 1637 3652 quaestionem,

466 3697 584 3770 qunre
599 3697 730 3752 omnes
741 3677 922 3774 sapientes
936 3677 1061 3752 mundi
1079 3677 1216 3753 luerint
1224 3668 1260 3770 (²)
1277 3677 1539 3772 melancholici,
1553 3677 1637 3752 licet

467 3816 542 3870 non
566 3814 590 3871 e
613 3817 805 3892 converso,
822 3797 909 3893 quia
926 3804 1014 3871 tunc
1033 3802 1154 3872 essent
1174 3797 1350 3891 superflui
1368 3797 1548 3893 sapientes
1566 3805 1635 3873 etc.

467 3915 569 3990 Talin
598 3915 656 3991 hic
689 3917 892 3992 ride-E
917 3938 1023 3990 cone.
1057 3916 1122 3990 Hic
1155 3924 1266 3991 autor
1297 3917 1467 3992 describit
1497 3925 1636 4011 actum,

468 4037 620 4111 modurn
647 4044 684 4113 et
709 4037 916 4113 discursum
941 4037 1088 4112 illarum
1113 4037 1323 4112 animarum
1352 4058 1417 4133 per
1443 4058 1638 4134 compara-

467 4157 604 4232 tionem
629 4159 768 4234 clnram
794 4160 976 4255 polorum,
995 4179 1079 4252 quae
1098 4177 1165 4254 per
1182 4179 1223 4232 se
1240 4166 1295 4233 est
1312 4158 1398 4233 satis
1425 4159 1634 4253 munilesta3

469 4277 750 4359 ideoconstrue
769 4287 807 4355 et
826 4298 969 4374 expone
994 4277 1137 4353 literam
1163 4278 1235 4354 sic:
1262 4284 1426 4371 liparen
1450 4300 1475 4352 n
1500 4302 1554 4354 ine
1578 4283 1638 4354 cde

466 4401 518 4472 tut
540 4401 659 4490 nwdo,
684 4399 831 4492 scilicet,
858 4405 981 4473 motus
1006 4402 1043 4472 et
1067 4417 1212 4492 cursus,
1239 4402 1333 4493 fosse
1356 4401 1464 4492 quivi,
1489 4399 1638 4496 scilicet,

466 4519 504 4596 in
536 4520 634 4594 scala
662 4539 791 4613 nureo,
819 4521 859 4592 in
889 4520 1001 4611 quello
1030 4520 1207 4610 ssnniltur,
1241 4518 1342 4614 idest,
1376 4519 1413 4594 in
1443 4521 1637 4616 splendore

468 4640 614 4715 illorum
631 4646 842 4714 sanctorum
861 4631 1242 4733 contemplativorum,
1268 4641 1328 4712 cln
1346 4642 1487 4714 insieme
1502 4663 1635 4736 punine,
1659 4632 1664 4642 '

464 4762 568 4857 quasi
584 4752 634 4854 (³),
658 4760 806 4853 scilicet,
823 4781 958 4856 magna
980 4758 1175 4833 multitudo
1194 4759 1390 4855 spirituum
1416 4769 1637 4860 aggregato-

526 4945 603 5009 (¹113.
618 4951 645 4997 et
661 4959 708 5010 per
723 4947 774 4998 hoc
790 4947 875 4997 innuit
891 4951 969 4998 autor
983 4950 1074 4996 noster
1090 4945 1168 5009 quod.

528 5021 555 5085 (⁸)
571 5027 595 5081 ὅ,
612 5021 728 5074 suerunt·
1052 5021 1079 5084 (ἢ
1097 5021 1127 5071 Ε.
1142 5022 1202 5086 quin
1218 5015 1324 5074 scilicet.
