4842 6642
833 877 972 932 mnros
997 879 1222 936 rnronsruus.
1492 865 1496 872 '
1539 873 1609 938 lot
1748 837 1749 845 Ν

440 1031 528 1120 potu
554 1023 650 1096 illius
673 1023 813 1127 gratie.
840 1023 884 1096 ltt
908 1020 1066 1100 ostendit
1094 1047 1212 1121 quare
1241 1027 1469 1104 inclinaverit
1498 1050 1538 1104 se
1562 1030 1609 1106 ad

441 1144 639 1220 bibendum
660 1144 707 1218 de
726 1161 837 1238 aqua,
862 1144 1004 1220 dicens:
1016 1167 1086 1239 per
1102 1151 1167 1242 sur
1186 1170 1299 1223 oocor
1320 1152 1474 1240 mipliori
1488 1153 1611 1243 spepli,

440 1267 542 1360 idest,
567 1266 728 1361 specula,
753 1267 846 1356 deoli
869 1269 977 1359 ocati,
1003 1268 1108 1362 quasi
1133 1268 1250 1344 dicat:
1275 1270 1456 1346 habebam
1483 1272 1611 1346 oculos

439 1388 566 1481 bonos,
585 1386 673 1481 quia
693 1387 879 1484 vigoratus
903 1388 999 1482 luce,
1024 1409 1110 1484 quae
1136 1389 1377 1466 circumfulsit
1402 1412 1463 1466 me
1488 1391 1610 1486 paullo

439 1529 563 1604 supra,
593 1507 657 1582 sed
691 1528 763 1581 non
798 1507 1028 1582 sufficiebant
1054 1509 1195 1604 adbuc;
1222 1510 1303 1585 ideo
1328 1511 1374 1585 ad
1401 1511 1609 1586 laciendum

441 1629 537 1727 ipsos
562 1626 734 1702 meliores
759 1627 858 1702 volui
884 1628 1012 1703 bibere
1036 1630 1084 1704 de
1107 1628 1167 1705 illa
1184 1651 1281 1724 aqua
1308 1650 1393 1725 quae
1419 1651 1491 1704 non
1517 1629 1610 1704 bihi-

441 1758 503 1823 tur
532 1748 599 1823 nisi
628 1737 715 1824 cum
741 1748 856 1825 oculis
881 1748 1198 1844 intellectualibus,
1228 1751 1416 1849 intelligas.
1449 1751 1492 1826 Et
1521 1757 1609 1826 nota

441 1871 539 1966 quod
563 1870 789 1966 comparatio
821 1876 876 1945 est
908 1870 1054 1967 propria
1084 1872 1130 1946 de
1163 1871 1340 1946 infantulo
1373 1873 1419 1947 ad
1451 1877 1631 1948 matrem.

439 1992 499 2067 vel
530 1991 725 2085 nutricem,
753 1991 850 2086 quia,
877 1998 920 2065 ut
950 1993 1040 2066 alias
1072 1991 1212 2067 dictum
1243 2000 1309 2086 est,
1335 1993 1481 2068 Beatrir
1514 2000 1609 2068 tam-

358 2101 365 2112 ’
440 2133 553 2206 quam
579 2111 637 2206 pia
667 2118 788 2187 mater
818 2111 1011 2208 diligenter
1044 2113 1143 2189 iuvet
1168 2113 1338 2187 alumnos
1364 2134 1462 2206 suco,
1489 2114 1609 2210 primo

438 2233 541 2325 lacte,
573 2231 705 2307 deinde
735 2253 853 2327 pane,-
873 2232 976 2326 idest,
1009 2233 1080 2308 levi
1114 2239 1151 2307 et
1182 2233 1267 2307 torti
1301 2233 1476 2308 doctrina.
1509 2233 1610 2310 Sicut

437 2372 527 2449 ergo
542 2352 740 2426 infantulus
754 2351 818 2447 qui
836 2353 996 2426 multum
1012 2353 1110 2427 stetit
1122 2353 1201 2427 sine
1215 2353 1307 2448 cibo,
1324 2361 1480 2451 urgente
1497 2354 1606 2450 lame,

438 2492 479 2547 se
502 2472 656 2570 porrigit
682 2493 811 2548 versus
836 2473 912 2567 lac;
940 2473 988 2547 ita
1022 2481 1133 2548 autor
1163 2474 1225 2568 qui
1254 2474 1413 2548 multum
1444 2481 1605 2572 steterat,

438 2592 564 2669 videre
572 2614 661 2686 suo,
682 2593 760 2668 sine
784 2593 1030 2670 declaratione
1048 2595 1144 2669 illius
1164 2595 1305 2692 figure,
1334 2602 1489 2695 urgente
1512 2597 1609 2672 desi-

438 2713 551 2808 derio,
577 2713 698 2789 subito
723 2735 764 2790 se
794 2715 980 2791 inclinavit
1011 2736 1142 2790 versus
1174 2716 1310 2791 undam
1337 2717 1383 2792 ad
1408 2717 1605 2791 sedandam

438 2833 658 2909 sitim-E
678 2828 707 2908 si
732 2856 837 2910 come.
869 2835 934 2910 llic
966 2843 1076 2911 autor
1106 2837 1277 2912 describit
1310 2837 1482 2914 ellectum
1513 2837 1607 2912 illius

439 2956 631 3053 potationis
655 2963 693 3032 et
718 2957 919 3048 efficaciam
947 2957 1042 3031 illius
1070 2977 1190 3052 aquae,
1217 2977 1301 3053 quae
1326 2957 1507 3054 vigoravit
1533 2957 1608 3031 vir-

438 3083 556 3163 tutem
588 3077 739 3152 visivam
768 3076 815 3152 ad
846 3077 999 3152 videnda
1033 3077 1205 3172 praedicta
1235 3078 1272 3151 in
1310 3078 1457 3174 propria
1490 3077 1607 3154 torma

437 3204 475 3274 et
504 3220 594 3274 vera
627 3199 805 3292 essentia3
836 3198 934 3274 unde
962 3197 1069 3272 dicit:
1101 3203 1135 3271 lt
1160 3191 1190 3271 sl
1220 3219 1328 3292 coma,
1363 3198 1464 3292 idest,
1495 3219 1606 3293 qnam

436 3318 519 3414 cito,
545 3323 583 3394 lu
602 3321 749 3415 *pronde
773 3322 859 3394 dede
880 3320 1149 3412 penetrante,
1176 3319 1279 3413 idest,
1306 3317 1518 3394 extremitas
1550 3318 1608 3395 vol

435 3441 629 3516 summitas
658 3441 854 3515 oculorum
889 3460 1072 3533 meorum,
1103 3440 1207 3515 denua
1239 3442 1277 3514 di
1309 3443 1365 3533 lei,
1402 3439 1504 3533 idest,
1536 3463 1608 3537 gu-

435 3568 627 3638 staverunt
657 3569 914 3636 summotenus
948 3561 994 3636 de
1024 3561 1083 3637 illa
1115 3583 1226 3657 aqua,
1259 3554 1331 3634 cosi
1365 3565 1412 3634 mi
1430 3583 1546 3654 parce
1570 3563 1608 3666 di

434 3703 500 3756 rna
524 3685 720 3774 tuaptezza
752 3685 915 3756 dioenutu
944 3685 1066 3774 wudu,
1091 3682 1194 3776 idest,
1229 3682 1327 3777 quod
1354 3683 1505 3778 longum
1539 3683 1607 3756 llu-

437 3803 544 3877 minis
563 3803 700 3878 visum
734 3803 801 3880 luit
834 3803 900 3877 sibi
936 3823 1019 3878 esse
1052 3803 1224 3878 effectum
1261 3803 1480 3898 rotundum,
1519 3802 1605 3898 quia

436 3923 572 3999 scilicet
602 3923 749 3998 videbat
779 3943 900 3998 rosam
932 3923 1147 4018 rotundam3
1178 3923 1294 3998 etita
1328 3924 1445 3998 torma
1471 3924 1605 3998 llorum

436 4049 473 4119 et
506 4043 713 4119 favillarum
747 4049 888 4118 mutata
922 4049 977 4118 est
1016 4043 1081 4137 ibi,
1114 4042 1208 4119 sicut
1245 4043 1497 4119 manifestatur
1533 4049 1608 4117 sta-

436 4165 512 4239 tim.
539 4203 590 4220 -
615 4167 691 4238 Poi.
731 4164 796 4240 llic
832 4169 942 4239 autor
977 4164 1161 4240 declarata
1197 4163 1399 4239 mutatione
1436 4163 1605 4258 fluminis,
1754 4160 1762 4174 '

435 4286 597 4361 declarat
627 4285 870 4360 mutationem
905 4285 1039 4361 tlorum
1077 4291 1114 4360 et
1149 4285 1356 4360 favillarum
1392 4305 1457 4381 per
1492 4306 1603 4359 unam

435 4404 745 4502 comparationem
773 4405 977 4500 propriam;
1004 4413 1042 4480 et
1067 4405 1228 4484 breviter
1253 4405 1331 4480 vult
1361 4404 1483 4480 dicere
1508 4403 1606 4498 quod

432 4527 561 4603 accidit
586 4526 634 4604 de
657 4527 734 4600 istis
759 4526 853 4600 sicut
878 4526 925 4600 de
950 4525 1171 4619 bominibus,
1193 4525 1256 4621 qui
1282 4523 1494 4618 aliquandiu
1520 4545 1608 4620 pur-

434 4653 607 4722 taverunt
645 4647 766 4722 larvas
804 4647 875 4721 sub
910 4644 1046 4741 quibus
1082 4667 1156 4721 uon
1189 4645 1518 4743 cognoscebantur,
1541 4645 1604 4740 qui

434 4775 559 4863 postea
584 4768 651 4843 illis
677 4768 847 4864 depositis
872 4773 1052 4865 apparent
1076 4767 1112 4842 in
1137 4767 1287 4863 propria
1307 4767 1426 4842 torma
1443 4769 1606 4842 bumana

435 4893 471 4964 et
496 4887 688 4984 pulcriori;
714 4889 764 4964 itu
789 4911 812 4964 a
837 4889 944 4963 simili
970 4888 1067 4964 beati
1093 4894 1131 4964 et
1154 4887 1288 4986 angeli,
1315 4887 1378 4983 qni
1409 4887 1527 4983 primo
1554 4887 1608 4962 la·

437 5015 591 5084 luerunt
614 5010 685 5084 sub
710 5007 829 5108 ligura
854 5010 988 5083 norum
1021 5015 1058 5084 et
1088 5007 1308 5104 lavillarum‚
1339 5012 1465 5104 postea
1494 5006 1607 5104 depo-
