4842 6642
801 867 939 932 caurus
965 867 1155 922 vrensvuus
1178 867 1323 922 narnus.
1569 853 1639 920 281

475 1033 548 1087 non
574 1012 725 1087 auditur
750 1013 787 1086 in
813 1013 873 1088 iila
898 1033 1003 1108 spera
1024 1015 1183 1108 Saturni,
1204 1012 1299 1088 sicut
1316 1010 1454 1086 audivit
1473 1010 1510 1084 in
1527 1011 1645 1086 omni·

472 1133 543 1207 bus
567 1132 647 1208 aliis
663 1131 778 1228 speris
796 1131 1038 1207 inferioribus.
1056 1133 1149 1208 Dicit
1165 1153 1276 1230 ergo:
1298 1154 1316 1204 e
1335 1133 1396 1222 di’,
1415 1129 1515 1224 idest,
1534 1130 1645 1205 etiam

473 1253 666 1328 manifesta
691 1252 780 1326 mihi
806 1272 969 1346 oausam,
991 1249 1120 1347 percle
1150 1258 1188 1328 lo
1220 1255 1318 1327 dolce
1351 1254 1518 1346 siosonio,
1544 1251 1646 1344 idest,

474 1373 598 1448 suavis
611 1372 803 1448 harmonia
813 1365 861 1467 (¹),
870 1375 908 1446 di
916 1376 1090 1467 paradiso
1101 1377 1134 1448 si
1146 1382 1220 1448 tuoe
1232 1377 1269 1447 io
1282 1379 1401 1465 poeste
1412 1377 1532 1462 ruote,
1546 1370 1647 1464 idest,

475 1491 616 1567 circuio
641 1492 801 1586 Saturni,
819 1493 883 1586 qui
908 1499 964 1568 est
987 1493 1143 1588 amplior
1160 1499 1196 1568 et
1213 1492 1320 1567 altior
1337 1490 1479 1566 caeteris
1499 1490 1645 1566 oireulis

474 1614 720 1709 planetarum,
747 1619 785 1688 et
809 1633 875 1708 per
899 1633 1127 1708 consequens
1153 1613 1212 1688 hic
1241 1613 1391 1688 deberet
1409 1633 1488 1688 esse
1506 1612 1647 1688 dulcior

474 1734 667 1809 harmonia
685 1740 723 1808 et
740 1733 917 1828 meludia;
935 1739 971 1808 et
988 1733 1091 1808 dicit:
1110 1735 1170 1806 oie
1185 1753 1299 1806 suono
1315 1725 1345 1804 si
1361 1735 1486 1806 denoto
1502 1728 1562 1825 pto
1578 1754 1647 1825 per

474 1856 614 1945 lettre,
631 1852 734 1948 idest,
753 1873 837 1947 quae
862 1853 1076 1950 symphonia
1093 1853 1244 1926 auditur
1261 1851 1310 1926 ita
1328 1851 1491 1927 suaviter
1509 1852 1546 1925 in
1569 1852 1647 1926 aliis

474 1974 588 2070 speris
613 1972 855 2048 inferioribus.
869 2014 919 2028 -
936 1980 985 2046 Tu
1009 1976 1078 2047 itui.
1105 1972 1171 2048 ilie
1195 1979 1305 2048 autor
1323 1973 1424 2068 ponit
1442 1973 1647 2068 responsio-

474 2116 559 2171 nem
586 2094 684 2170 Petri
710 2093 876 2168 Damiani
901 2093 948 2169 ad
974 2094 1138 2188 quesita,
1157 2094 1220 2188 qui
1243 2092 1363 2189 primo
1389 2093 1583 2188 respondet
1601 2093 1648 2167 ad

473 2215 672 2292 secundam
699 2215 925 2310 petitionem,
956 2215 1098 2290 dicens:
1125 2223 1162 2290 et
1194 2214 1255 2290 illa
1289 2215 1411 2290 anima
1443 2213 1561 2307 beata,
1594 2217 1648 2288 ri-

471 2358 574 2430 spose
605 2358 630 2408 a
664 2357 743 2409 me:
768 2343 805 2411 to
828 2338 889 2409 ltoi
921 2339 1045 2427 loeo,
1071 2336 1174 2430 idest,
1204 2334 1385 2430 auditum,
1416 2331 1576 2429 morule,
1612 2342 1649 2410 et

473 2477 541 2553 per
566 2476 797 2552 consequens
813 2455 1064 2551 impotentem,
1076 2447 1108 2528 si
1122 2476 1219 2529 come
1234 2457 1261 2528 ’l
1279 2458 1376 2548 uiro;
1390 2448 1480 2548 perd
1500 2458 1558 2546 qul
1574 2475 1646 2527 lton

472 2581 505 2651 vv'
528 2584 636 2651 conto
657 2597 724 2670 per
749 2578 830 2668 puel
850 2578 910 2648 ele
938 2579 1093 2650 Beotvloe
1116 2595 1191 2649 noo
1216 2577 1264 2647 lto
1288 2578 1387 2667 rivo;
1414 2573 1516 2668 quasi
1538 2573 1644 2668 dieat,

473 2695 603 2772 eadem
630 2695 772 2770 ratione
797 2716 871 2789 qua
897 2715 970 2769 non
995 2694 1142 2791 potuisti
1162 2694 1289 2769 videre
1314 2693 1478 2770 laetitiam
1505 2701 1542 2768 et
1567 2694 1649 2789 pul·

474 2814 694 2891 critudinem
713 2814 899 2909 Beatricis‚
919 2835 992 2888 non
1009 2820 1112 2910 potes
1128 2812 1259 2889 audire
1282 2813 1477 2888 melodiam
1496 2820 1648 2908 cantus3

474 2955 559 3030 quae
583 2955 696 3009 eausa
712 2941 769 3010 est
785 2935 966 3031 assignata
983 2954 1095 3029 supra
1111 2934 1149 3008 in
1165 2933 1340 3029 principio
1363 2933 1521 3029 capituli,
1542 2934 1646 3028 quasi

473 3055 588 3130 dieat:
614 3055 709 3130 sieut
733 3073 808 3130 non
832 3054 950 3129 vidisti
974 3076 1086 3151 supra
1117 3055 1154 3128 in
1185 3053 1337 3130 introitu
1367 3073 1484 3150 sperae
1515 3074 1647 3149 super-

473 3175 732 3252 exaltationem
758 3174 944 3268 Beatrieis,
963 3197 1047 3270 quae
1068 3183 1192 3250 umen
1215 3181 1295 3250 erat
1321 3175 1474 3251 lucidior
1501 3182 1538 3252 et
1564 3177 1648 3272 pul-

472 3295 571 3371 crior
597 3317 711 3391 quam
738 3315 917 3390 umquam
944 3294 1094 3370 vidisses
1118 3315 1223 3390 eam3
1250 3295 1300 3370 ita
1321 3316 1419 3370 nunc
1445 3317 1518 3371 non
1544 3297 1648 3371 audis

471 3422 623 3490 rantum
650 3416 746 3491 siout
770 3415 807 3489 in
831 3415 912 3490 aliis
936 3415 1063 3511 speris,
1087 3422 1124 3491 et
1150 3422 1275 3491 tamen
1301 3415 1360 3491 hie
1385 3422 1440 3491 est
1466 3415 1648 3492 excellen-

472 3534 544 3610 tior
569 3557 683 3631 quam
715 3535 901 3612 audiveris
924 3557 1118 3631 umquam,
1144 3557 1192 3611 ne
1222 3537 1291 3610 sub
1317 3536 1430 3612 nimia
1456 3537 1649 3612 dulcedine

471 3654 718 3748 confundaris,
745 3655 840 3729 sicut
865 3676 932 3751 per
958 3655 1073 3729 risum
1100 3655 1274 3730 Beatriois
1300 3655 1430 3731 luisses
1462 3655 1647 3730 contusus.

473 3815 523 3829 -
538 3771 614 3849 (lid.
640 3775 706 3850 Hic
731 3775 862 3851 Petrus
887 3775 1086 3850 Damianus
1108 3775 1303 3872 respondet
1327 3775 1374 3850 ad
1401 3776 1556 3872 primam
1583 3797 1648 3872 pe-

474 3894 653 3989 titionem,
674 3894 820 3989 seilicet,
847 3917 959 3991 quam
978 3897 1026 3970 ob
1043 3916 1194 3970 eausam
1214 3895 1346 3970 locavit
1371 3915 1411 3971 se
1436 3901 1511 3970 tam
1533 3917 1647 3993 prope

473 4022 662 4112 autorem3
689 4037 775 4111 quae
793 4015 981 4112 responsio
1005 4016 1106 4090 oiara
1131 4023 1196 4091 est
1223 4015 1327 4091 Unde
1346 4015 1449 4092 dicit:
1470 4019 1505 4092 io
1524 4020 1648 4092 diecesi

474 4145 572 4212 tento
587 4132 649 4230 pot
663 4119 707 4230 (Ἴ
715 4158 784 4230 per
797 4139 887 4231 sorti
900 4140 1004 4231 sesto,
1022 4135 1124 4231 idest,
1142 4143 1186 4211 ut
1202 4136 1362 4212 iacerem
1389 4136 1451 4211 tibi
1481 4138 1648 4234 gratula-

476 4258 612 4333 tionem
644 4263 789 4352 quatu
820 4255 1032 4331 invitaveris
1062 4256 1110 4331 ad
1139 4257 1363 4354 petendum3
1390 4266 1427 4334 et
1459 4259 1560 4335 dicit:
1591 4259 1651 4334 'ool

474 4379 552 4451 dire
576 4399 595 4449 e
619 4397 686 4451 oon
710 4379 747 4450 lo
772 4379 846 4450 lece
870 4379 930 4450 ele
954 4379 1003 4450 mi
1026 4365 1221 4472 ammento,
1250 4378 1352 4474 idest,
1375 4401 1449 4474 qua
1475 4401 1545 4478 ego
1562 4401 1645 4454 sum

474 4505 628 4573 ornatus
653 4503 691 4574 et
716 4499 860 4573 velatus
885 4499 1172 4591 tamquam'sub
1197 4499 1384 4594 manteim,
1402 4508 1439 4575 et
1461 4521 1534 4574 non
1560 4521 1646 4575 cum

474 4626 597 4694 cantu.
611 4659 661 4673 -
675 4612 730 4692 Ne*
745 4613 820 4712 piri.
846 4617 912 4692 Hic
937 4617 1068 4692 Petrus
1093 4617 1301 4694 Damianos
1325 4620 1517 4716 respondet
1545 4619 1649 4715 quae-

535 4856 564 4918 t't
580 4857 611 4908 Ε.
626 4857 771 4917 harmonia,
788 4857 886 4908 retituet
901 4857 1040 4913 cantilena.
1056 4857 1086 4907 ot
1097 4857 1228 4920 pamdtm

537 4933 565 4997 (¹)
580 4933 606 4983 S.
621 4934 748 4996 pluvialia
763 4934 834 4983 oculo
849 4939 925 4984 santa
940 4946 986 4997 per
1001 4934 1067 4996 sorti
1081 4934 1156 4996 serta,
1172 4933 1245 4984 idest.
1254 4933 1323 4983 -E.
1339 4935 1384 4998 piri
1397 4946 1444 4996 per
1460 4933 1479 4982 li
1493 4935 1568 4996 prodi
1583 4934 1650 4984 dello

472 5011 542 5060 reolo
556 5015 635 5060 sunto
648 5010 686 5059 rol
698 5023 746 5074 por
759 5010 826 5073 sorti
840 5011 914 5075 sesto,
931 5011 1004 5061 idest.
