4842 6642
798 800 869 868 418
1184 810 1390 868 conunruu
1413 812 1587 867 rnnnnrsr

793 978 961 1051 possono,
978 956 1124 1052 scilicet,
1140 956 1290 1031 similari
1311 964 1459 1054 puncto,
1477 964 1575 1032 tanto
1592 964 1724 1051 quanto
1739 976 1805 1030 son
1819 957 1971 1047 sublimi,

797 1078 898 1173 idest,
924 1078 999 1173 alli,
1024 1080 1257 1172 excellentes,
1283 1100 1308 1150 a
1333 1081 1450 1172 tuder,
1479 1078 1626 1171 scilieet,
1651 1077 1812 1151 divinam
1847 1096 1974 1152 essen·

798 1198 900 1273 tiam.
916 1238 965 1253 -·-
981 1201 1112 1290 Qucoli.
1139 1198 1203 1273 llic
1230 1198 1377 1273 Bealrin
1397 1198 1581 1294 specificat
1606 1197 1758 1273 tertium
1789 1196 1973 1289 ordinem,

797 1318 943 1412 scilicet,
971 1321 1207 1410 thronorum,
1226 1320 1369 1394 dicens:
1392 1322 1514 1412 Oacgli
1528 1321 1615 1393 ulti
1630 1322 1761 1409 omont,
1783 1318 1886 1411 idest,
1904 1339 1974 1392 an-

796 1438 866 1533 geli
884 1439 1055 1514 ardentes
1073 1459 1202 1514 amore
1218 1439 1328 1515 simul
1346 1461 1434 1516 cum
1452 1440 1596 1536 primis3
1612 1438 1710 1513 unde
1726 1438 1831 1515 dicit:
1844 1442 1904 1512 clu
1918 1440 1974 1512 'n-

799 1568 903 1635 torao
928 1563 980 1653 qli
1004 1582 1133 1653 nonno,
1166 1560 1305 1635 scilicet
1336 1561 1433 1636 circa
1460 1561 1555 1647 duos
1580 1560 1730 1656 primos,
1754 1562 1972 1633 nontamen

797 1684 891 1754 nont
913 1682 972 1754 del
994 1684 1114 1754 divino
1138 1688 1284 1774 ospello,
1311 1680 1398 1775 quia
1424 1682 1523 1757 Deus
1548 1701 1615 1776 per
1634 1680 1732 1775 ipsos
1748 1679 1893 1754 ordinat
1908 1680 1973 1775 ju·

795 1800 886 1875 dicia
913 1821 992 1895 sna,
1019 1809 1056 1875 et
1080 1801 1182 1885 dicit:
1203 1799 1335 1894 percle*
1356 1804 1382 1875 'l
1407 1805 1526 1895 primo
1558 1808 1704 1875 mauro
1735 1803 1972 1891 mamam,

796 1923 900 2015 quasi
927 1922 1038 1996 dicat:
1065 1922 1159 1995 sicut
1184 1929 1239 1995 est
1264 1923 1468 2017 completus
1494 1923 1634 2018 primus
1652 1922 1835 1997 ternarius
1857 1921 1972 1995 trium

799 2042 1065 2135 ternariorum3
1092 2062 1175 2115 nam
1203 2062 1338 2116 novem
1364 2042 1512 2117 ordines
1536 2049 1623 2116 suut
1648 2041 1803 2115 distincti
1829 2040 1865 2115 in
1899 2048 1975 2116 tres

798 2162 988 2255 ternarios
1015 2182 1174 2257 quorum
1202 2162 1354 2256 quilibet
1386 2162 1547 2238 continet
1579 2172 1654 2238 tres
1684 2162 1849 2255 ordines,
1875 2161 1974 2236 unde

797 2281 939 2377 primus
967 2282 1149 2355 ternarius
1175 2282 1337 2357 continet
1362 2283 1559 2378 seraphim,
1591 2282 1783 2358 cherubim
1809 2287 1848 2357 et
1873 2282 1976 2355 thro-

800 2422 877 2475 nos,
904 2404 950 2475 Et
975 2402 1161 2498 subiungit
1189 2402 1289 2497 quod
1315 2423 1447 2478 eorum
1472 2403 1666 2478 delectatio
1690 2410 1747 2477 est
1772 2408 1873 2477 tauto
1890 2422 1975 2497 pro-

803 2523 947 2597 lundior
966 2523 1206 2597 delectatione
1226 2524 1383 2598 aliorum
1403 2525 1665 2617 ternariorum,
1683 2531 1824 2618 quanto
1840 2544 1973 2598 eorum

801 2643 893 2718 risio
920 2644 1036 2739 magis
1062 2644 1306 2740 protundatur
1331 2644 1368 2719 in
1393 2645 1480 2739 lleo,
1515 2652 1553 2720 el
1577 2650 1717 2737 quanto
1750 2645 1832 2739 plns
1865 2643 1976 2720 habet

801 2764 1016 2860 cognitionis
1041 2762 1087 2837 de
1113 2782 1159 2838 eo
1184 2763 1248 2857 qui
1273 2772 1330 2839 est
1354 2764 1507 2839 ultimus
1532 2763 1623 2838 finis.
1641 2764 1733 2840 llicit
1754 2785 1861 2861 ergo:
1881 2785 1901 2839 e
1919 2761 1977 2839 dd

801 2904 939 2975 sapae,
966 2882 1113 2977 scilicet,
1140 2890 1178 2957 tu
1207 2904 1365 2980 magnus
1389 2884 1594 2981 theologus,
1619 2886 1680 2959 cde
1710 2887 1796 2976 eald,
1826 2884 1974 2977 scilicet,

800 3002 960 3098 predicti
986 3008 1061 3077 tres
1087 3003 1244 3098 ordines,
1269 3006 1389 3077 muno
1414 3007 1530 3078 dilello
1555 3011 1685 3096 quanto
1706 3006 1742 3077 lu
1757 3025 1824 3079 ruo
1849 3006 1975 3079 ocdulc

801 3126 1034 3217 siprosondo
1058 3126 1117 3196 nel
1139 3145 1236 3215 vero,
1255 3124 1357 3218 idest,
1383 3123 1421 3197 in
1445 3123 1533 3217 Deo,
1559 3124 1622 3217 qui
1648 3132 1705 3199 est
1721 3124 1796 3219 ipsa
1816 3123 1971 3217 veritas3

800 3253 837 3320 et
861 3245 969 3321 dicit:
1003 3249 1041 3319 ln
1071 3248 1130 3319 cle
1162 3248 1191 3317 s'
1205 3253 1350 3338 acqucla
1382 3248 1468 3337 corti
1498 3249 1671 3338 intellello,
1706 3246 1794 3340 quia
1827 3245 1976 3321 animus

801 3365 949 3443 undem
967 3366 1119 3461 quiescit
1138 3375 1285 3462 reperto
1301 3366 1379 3461 ipso
1398 3387 1497 3460 vero,
1516 3366 1611 3442 sicut
1628 3366 1767 3442 dictum
1785 3371 1841 3441 est
1862 3386 1974 3461 supra

801 3486 837 3561 in
864 3486 1025 3583 capitulo
1050 3487 1159 3561 huius
1186 3486 1357 3579 Paradisi,
1376 3487 1439 3562 ubi
1455 3486 1559 3562 dicit:
1583 3489 1705 3579 poscet
1725 3489 1764 3560 in
1778 3507 1856 3560 csso
1878 3506 1975 3561 corne

796 3610 879 3701 [erc
900 3610 938 3681 in
956 3608 1076 3681 lustra.
1092 3646 1141 3661 -
1158 3610 1291 3695 Ouinci.
1306 3606 1372 3681 llic
1389 3606 1535 3681 Benlrix
1554 3626 1601 3681 en
1622 3606 1726 3681 dictis
1747 3606 1845 3682 elicit
1861 3626 1975 3681 uuam

800 3728 1018 3803 seutentiam
1045 3728 1264 3821 notabilem3
1291 3733 1328 3803 et
1356 3728 1518 3803 breviter
1542 3727 1755 3822 dicitquod
1781 3748 1863 3803 esse
1888 3728 1976 3805 bea·

806 3857 884 3925 turn
911 3852 1130 3949 angelorum
1157 3852 1337 3927 tundatur
1361 3852 1399 3925 in
1424 3858 1509 3925 actu
1529 3850 1824 3945 videndilleum,
1845 3851 1977 3926 nonin

804 3980 888 4049 actu
914 3974 1079 4068 amandi,
1095 3973 1191 4048 unde
1210 3974 1316 4049 dicit:
1340 3975 1464 4061 (inieci
1486 3974 1518 4046 si
1538 3963 1612 4065 ριιὸ
1625 3974 1761 4064 cedere,
1779 3973 1914 4048 scilicet
1930 3992 1977 4048 en

800 4113 857 4186 eo,
884 4092 983 4187 quod
1008 4092 1147 4168 dictum
1175 4098 1231 4169 est
1254 4093 1302 4167 dc
1325 4092 1402 4166 istis
1425 4091 1599 4188 angelicis
1615 4091 1811 4187 spiritibus,
1838 4092 1902 4187 qui
1920 4093 1975 4167 ri·

801 4212 888 4287 deut
912 4211 1072 4286 divinam
1098 4212 1307 4306 essentiam,
1332 4232 1429 4285 come
1452 4214 1476 4283 l'
1488 4231 1583 4284 esser
1607 4212 1720 4303 beato
1740 4212 1887 4304 scilicet,
1908 4232 1976 4287 au·

750 4346 755 4355 ’
802 4333 985 4430 gaiorum,
1009 4336 1041 4407 si
1063 4336 1176 4428 fondo
1201 4335 1281 4407 rull
1295 4339 1367 4406 ullo
1387 4332 1448 4405 cle
1468 4334 1564 4421 cede,
1582 4330 1685 4427 idest,
1704 4332 1741 4406 iu
1758 4332 1898 4407 visione
1918 4332 1976 4407 vel

801 4451 1019 4549 cognitione,
1047 4474 1121 4526 non
1150 4456 1189 4526 in
1218 4454 1298 4546 quel
1324 4453 1376 4526 cl'
1389 4471 1487 4541 cmc,
1517 4450 1620 4547 idest,
1652 4473 1725 4528 uon
1755 4452 1792 4526 in
1826 4458 1977 4527 amante

805 4573 863 4647 vel
887 4580 971 4647 actu
999 4573 1156 4668 amoris;
1183 4580 1220 4648 et
1245 4572 1350 4647 dicit:
1375 4575 1434 4645 cle
1457 4575 1580 4665 poscic
1607 4576 1772 4664 secondo,
1789 4573 1894 4667 idest,
1918 4591 1978 4646 se·

804 4692 931 4786 quitur
956 4700 1036 4788 post
1062 4693 1239 4768 visionem
1266 4694 1325 4768 vel
1350 4692 1607 4789 cognitionem.
1626 4694 1670 4767 El
1690 4693 1749 4768 hic
1775 4702 1861 4769 nota
1878 4692 1978 4788 quud

804 4812 875 4888 noc
906 4812 992 4887 dicit
1023 4819 1134 4888 autor
1171 4812 1258 4909 quia
1296 4834 1405 4888 amor
1441 4812 1604 4888 nascitur
1633 4834 1655 4889 a
1689 4812 1908 4912 cognitione,
1939 4819 1977 4886 et

806 4940 908 5010 tanto
934 4932 1016 5027 quis
1042 4934 1122 5029 plus
1147 4942 1249 5010 amat
1273 4940 1414 5029 quanto
1439 4932 1520 5029 plus
1545 4934 1660 5028 ridet,
1687 4934 1785 5011 unde
1815 4933 1862 5009 ad
1891 4953 1977 5028 per-
