4842 6642
817 844 889 911 ato
1208 853 1412 910 connnruu
1437 852 1604 908 rnnnmsr

815 1000 879 1096 qni
912 999 1010 1075 videt
1047 999 1085 1074 in
1123 999 1266 1074 somnio
1302 1019 1413 1074 unam
1451 996 1759 1074 mirabilissimam
1797 998 1988 1092 visionem,

814 1120 909 1196 sicut
933 1117 1129 1215 aliquando
1154 1118 1298 1195 andivi:
1324 1118 1413 1194 vidit
1437 1119 1556 1193 Deum
1577 1124 1615 1193 et
1631 1117 1776 1192 beatam
1800 1117 1987 1215 Virginem

814 1260 901 1314 cum
929 1244 1004 1314 tota
1021 1237 1124 1314 curia
1150 1238 1188 1313 in
1213 1237 1398 1314 letissimo
1414 1237 1527 1332 lesto;
1543 1237 1674 1312 deinde
1694 1237 1868 1334 evigilans
1893 1238 1989 1314 bene

815 1357 1033 1434 recordatur
1057 1378 1099 1432 se
1123 1357 1295 1433 habuisse
1325 1357 1501 1434 visionem
1530 1357 1910 1452 delectabilissimam3·
1924 1359 1987 1433 sed

816 1498 888 1554 nou
911 1473 948 1571 (¹)
983 1484 1102 1573 potest
1136 1477 1345 1554 meminisse
1381 1478 1576 1574 specialem
1617 1477 1775 1554 formam
1815 1477 1915 1573 eins;
1950 1485 1987 1552 et

815 1604 939 1674 tamen
975 1597 1157 1672 memoria
1189 1597 1285 1672 illius
1317 1597 1462 1672 visionis
1495 1597 1647 1673 contusa
1682 1597 1777 1694 parit
1800 1617 1986 1673 summam

813 1717 1043 1794 dulcedinem
1069 1717 1107 1792 in
1135 1717 1260 1793 animo
1291 1718 1381 1795 eius.
1408 1719 1513 1794 Nunc
1541 1725 1716 1794 construe
1744 1718 1887 1794 literam
1915 1717 1986 1793 sic:

814 1843 856 1913 lo
878 1861 944 1912 coo
968 1842 1073 1930 cotol,
1097 1837 1247 1933 scilicet,
1271 1839 1309 1914 in
1334 1838 1577 1914 memorando
1597 1837 1775 1915 visionem
1800 1839 1907 1913 istam
1932 1839 1988 1913 al-

814 1960 1002 2054 tissimam,
1037 1963 1140 2052 quote
1171 1962 1274 2052 corui,
1312 1959 1439 2056 supple
1474 1967 1541 2054 est,
1577 1963 1637 2035 circ
1669 1963 1753 2035 oedc
1785 1964 1985 2052 coenando,

813 2080 917 2176 idest,
942 2080 1006 2176 qni
1032 2081 1142 2156 habet
1160 2079 1338 2156 visionem
1365 2079 1582 2174 insomnio,
1615 2103 1634 2155 c
1664 2083 1701 2155 to
1727 2083 1892 2176 passione
1919 2084 1986 2156 im-

809 2223 949 2295 pressa,
981 2200 1075 2276 sicut
1110 2203 1311 2278 vehemens
1347 2200 1551 2296 delectatio,
1584 2205 1735 2294 mmm,
1768 2202 1912 2297 scilicet,
1947 2203 1984 2277 in

812 2327 948 2416 mente,
974 2323 1068 2415 dopo
1091 2323 1121 2395 il
1141 2342 1269 2413 coppo,
1295 2320 1431 2420 scilicet
1456 2321 1493 2396 in
1517 2320 1650 2418 vigilia,
1675 2343 1694 2396 c
1718 2323 1855 2416 tutuo,
1883 2321 1983 2415 idest,

813 2440 930 2516 torma
957 2440 1114 2536 propria,
1145 2462 1219 2516 non
1247 2443 1343 2516 ridde
1372 2444 1446 2515 olla
1470 2448 1593 2533 meno,
1619 2441 1721 2537 idest,
1754 2462 1827 2517 non
1857 2459 1985 2517 rerer-

812 2560 902 2636 titnr
926 2561 974 2636 ad
999 2561 1236 2637 memoriam:
1263 2567 1301 2637 et
1325 2581 1415 2636 vere
1440 2581 1543 2636 eram
1571 2560 1662 2657 talis,
1688 2564 1748 2635 cte
1772 2565 1874 2654 puori
1902 2569 1986 2636 uua

811 2704 908 2757 cessa
933 2685 1005 2757 uria
1030 2684 1173 2775 meone,
1197 2689 1232 2756 ct
1252 2683 1281 2755 il
1302 2684 1412 2773 doloc,
1443 2681 1548 2776 idest,
1574 2681 1715 2758 intensa
1735 2683 1900 2778 dulcedo,
1926 2687 1986 2759 olle

811 2825 945 2896 oucpue
975 2805 1025 2878 du
1058 2825 1150 2897 csso,
1180 2802 1328 2898 scilicet,
1364 2802 1515 2898 risione,
1549 2823 1661 2878 onoor
1693 2807 1742 2878 nri
1770 2807 1900 2880 duddo
1929 2809 1987 2880 nel

811 2944 910 3017 cuor,
936 2925 1024 3020 quia
1049 2923 1169 2999 adhuc
1198 2922 1316 2999 sentio
1347 2922 1510 3017 aliquam
1539 2922 1684 3019 stillam,
1709 2923 1812 3019 idest,
1837 2931 1980 3022 guttam

811 3044 907 3120 illius
939 3043 1129 3119 immense
1159 3042 1369 3119 dulcedinis.
1402 3043 1446 3118 nc
1477 3041 1535 3118 hic
1564 3049 1651 3118 nota
1682 3044 1869 3138 quomodo
1903 3045 1983 3119 hec

811 3164 1005 3241 artificiosa
1035 3163 1263 3260 comparatio
1294 3163 1508 3238 somniantis
1540 3163 1788 3260 propriissime
1820 3163 1982 3240 declarat

812 3284 1049 3361 intentionem
1075 3283 1216 3359 autoris
1241 3284 1279 3360 in
1304 3284 1373 3358 isto
1391 3284 1488 3359 finali
1506 3285 1677 3381 capitulo,
1695 3285 1783 3380 qnia
1798 3291 1908 3361 autor
1925 3292 1982 3360 to·

812 3412 889 3481 tam
914 3426 1021 3480 suam
1048 3405 1226 3480 visionem
1249 3404 1377 3480 habuit
1397 3405 1434 3480 in
1451 3405 1606 3500 somnio,
1623 3405 1718 3482 sicut
1737 3405 1813 3502 ipse
1830 3413 1983 3482 testatus

811 3526 928 3602 estin
954 3525 1074 3621 primo
1099 3524 1260 3620 capitulo
1285 3523 1397 3599 totius
1422 3524 1554 3621 operis,
1575 3525 1639 3599 ubi
1658 3524 1767 3599 dixit:
1790 3532 1902 3619 tempo
1917 3547 1982 3600 cra

811 3649 875 3720 dut
894 3648 1069 3740 prmdpio
1093 3647 1152 3719 del
1174 3648 1320 3719 mamm
1345 3649 1411 3719 etc.
1427 3685 1477 3700 -
1493 3639 1581 3719 Cori.
1599 3644 1664 3720 llic
1682 3652 1792 3721 antor
1817 3645 1983 3742 propalat

811 3765 1053 3842 deficientiam
1080 3784 1158 3838 suae
1183 3763 1330 3839 visionis
1354 3783 1422 3860 per
1438 3765 1514 3840 duo
1531 3765 1713 3861 exempla,
1731 3786 1849 3840 unum
1872 3773 1982 3841 natu·

812 3888 901 3982 mle,
927 3892 964 3961 et
989 3882 1313 3979 aliud'artiticinle,
1339 3883 1482 3960 dicens:
1511 3875 1590 3958 Gosi
1608 3887 1646 3960 ta
1665 3905 1750 3960 neoc
1772 3889 1805 3960 si
1828 3887 1983 3978 duipilla

811 4011 851 4083 ol
873 4009 958 4100 sote,
986 4004 1089 4100 idest,
1115 4005 1282 4100 liquescit
1306 4013 1344 4080 et
1369 4004 1487 4101 perdit
1521 4006 1678 4081 sormam
1704 4026 1832 4082 suam:
1858 4013 1896 4082 et
1926 4015 1982 4084 est

811 4127 958 4225 propria
975 4125 1185 4219 similitudo,
1198 4125 1293 4201 sicut
1317 4125 1379 4199 nix
1396 4124 1524 4200 debilis
1541 4132 1577 4202 et
1596 4126 1799 4202 resolubilis
1816 4127 1982 4222 privatur

812 4247 958 4345 propria
983 4246 1102 4321 forma
1127 4245 1174 4320 ad
1198 4246 1361 4320 calorem
1387 4245 1471 4320 eolis
1496 4245 1683 4341 sensibilis,
1710 4247 1758 4322 ita
1785 4265 1891 4322 mens
1911 4249 1982 4322 hu-

811 4389 922 4443 mana
947 4365 1074 4442 debilis
1098 4374 1136 4441 et
1162 4365 1307 4441 infirma
1334 4365 1485 4461 moliata
1507 4373 1564 4441 est
1588 4366 1706 4442 torma
1732 4387 1809 4442 snae
1833 4367 1982 4443 visionis

810 4487 1047 4585 phantasticae
1056 4486 1104 4562 ad
1112 4487 1275 4562 calorem
1290 4486 1983 4583 soliseterni,quantnmcnmqueosset

811 4608 894 4683 alba
919 4615 961 4682 ut
986 4607 1061 4702 nix,
1086 4605 1178 4682 idest
1203 4627 1297 4702 pura
1322 4597 1361 4682 et'
1386 4605 1537 4702 munda,
1565 4606 1652 4702 quin
1673 4607 1752 4682 talis
1778 4615 1982 4704 preparata

811 4728 880 4803 mit
903 4736 1103 4824 antequam
1129 4726 1345 4803 ascenderet
1369 4727 1406 4801 in
1431 4728 1582 4822 coelum,
1599 4727 1700 4804 sicut
1716 4736 1903 4804 ostensum
1926 4738 1982 4807 est

873 4991 901 5054 (¹)
917 4991 948 5040 rt
965 5004 1017 5042 non
1034 4989 1196 5050 recordatur,
1213 5003 1261 5041 nec
1278 4993 1362 5053 potest
1376 4963 1534 5043 meminisse.
