4842 6642
785 820 854 887 192
1172 828 1377 885 6611666666
1402 830 1567 885 6666616(

779 978 849 1052 tori
865 970 901 1070 (¹)
930 976 1182 1071 expulsionem
1208 976 1299 1051 eius
1326 976 1379 1051 Ad
1405 975 1512 1051 cuius
1537 976 1757 1051 evidentiam
1779 982 1835 1052 est
1861 996 1959 1070 prae-

780 1098 969 1174 sciendum
996 1097 1095 1191 quod
1120 1096 1268 1192 vigente
1291 1107 1396 1192 parte
1416 1097 1636 1171 Blancorum
1656 1095 1692 1169 in
1710 1096 1857 1172 civitate
1873 1096 1957 1170 Flo

781 1218 921 1309 rentiae,
946 1217 1052 1292 cuius
1078 1222 1188 1311 caput
1213 1222 1294 1292 erat
1323 1217 1496 1291 dominus
1526 1216 1658 1291 Verius
1674 1208 1711 1309 (¹)
1742 1219 1789 1293 (16
1820 1217 1956 1312 Circlis,

780 1339 933 1435 expulso
957 1337 1106 1412 domino
1130 1336 1260 1412 Cursio
1285 1338 1333 1413 de
1355 1338 1504 1413 Donatis
1521 1336 1684 1433 principe
1700 1338 1854 1414 alterius
1870 1359 1956 1433 par·

781 1461 837 1551 tis,
859 1480 951 1554 papa
975 1456 1180 1532 Bonilacius
1206 1459 1333 1533 rolens
1358 1478 1581 1552 componere
1601 1458 1734 1532 dictam
1756 1458 1954 1550 civitatem,

780 1586 817 1656 61
833 1577 1027 1675 pacificare
1043 1584 1177 1672 partes,
1195 1577 1311 1651 voluit
1328 1578 1466 1653 hahere
1482 1577 1597 1652 duces
1614 1578 1786 1673 partium.
1805 1578 1953 1652 Etcum

782 1699 977 1795 reperisset
993 1697 1095 1773 illurn
1111 1698 1158 1773 de
1176 1698 1330 1772 Circnlis
1346 1697 1483 1771 durum
1502 1703 1540 1770 61
1557 1697 1837 1793 implacabilem,
1850 1699 1953 1772 illum

782 1840 870 1895 vero
895 1820 942 1894 de
971 1818 1118 1892 Donatis
1147 1818 1185 1891 in
1214 1818 1386 1893 omnibus
1420 1838 1460 1892 se
1492 1818 1744 1894 subiicientem
1777 1820 1955 1894 voluntati

780 1963 870 2035 sua,
886 1939 1079 2033 ordinavit,
1094 1939 1191 2033 quod
1211 1939 1365 2014 Carolus
1381 1938 1599 2014 Sine-Terra
1619 1940 1761 2015 veniret
1777 1941 1824 2015 (16
1840 1941 1956 2015 Frau-

779 2062 836 2137 616
861 2062 898 2134 16
924 2060 1062 2135 ltaliam
1089 2060 1158 2133 suh
1186 2060 1334 2135 nomine
1360 2058 1519 2155 paciarii,
1546 2060 1608 2153 qui
1641 2060 1787 2135 sedaret
1813 2061 1894 2135 lites
1918 2069 1956 2137 et

780 2182 976 2256 discordias
994 2180 1149 2275 ubique:
1169 2180 1233 2275 qui
1251 2180 1401 2255 veniens
1418 2180 1653 2274 Florentiam,
1673 2180 1855 2257 ordinavit
1872 2202 1959 2257 eam
2033 2243 2035 2248 .

780 2303 828 2377 ita
854 2303 960 2395 bene,
978 2301 1074 2405 61661
1091 2301 1269 2395 scriptum
1292 2306 1348 2375 est
1367 2323 1481 2396 supra
1499 2301 1536 2373 in
1557 2302 1763 2397 Purgatorii
1785 2301 1955 2397 capitulo,

778 2428 816 2498 61
844 2422 930 2497 alibi
961 2440 1067 2516 sape.
1100 2421 1151 2495 Ad
1186 2420 1332 2496 literam
1365 2442 1456 2518 ergo
1488 2420 1574 2495 dicit
1602 2429 1732 2496 autor:
1770 2427 1956 2512 (lacertosi

778 2544 1062 2633 666166666616
1086 2531 1148 2632 pro
1171 2542 1204 2613 si
1227 2562 1342 2633 cerco,
1369 2541 1470 2633 idest,
1498 2548 1720 2637 procuratur
1746 2564 1811 2639 per
1837 2542 1955 2617 domi·
2093 2596 2098 2609 .

781 2684 871 2739 num
897 2663 1069 2740 Cursinm
1096 2663 1142 2737 de
1159 2662 1308 2737 Donatis
1331 2668 1369 2737 et
1388 2663 1489 2737 alios.
1509 2664 1554 2737 ut
1569 2663 1673 2738 dicit:
1690 2686 1710 2737 6
1733 2671 1821 2737 16616
1846 2656 1952 2738 ocrrd

776 2790 879 2879 salto,
905 2782 992 2878 quia
1018 2781 1153 2856 scilicet
1180 2803 1240 2856 res
1264 2783 1440 2857 sortietur
1465 2782 1639 2858 ellectum
1669 2785 1707 2857 in
1739 2784 1951 2879 triennium,

779 2909 882 2980 6611
906 2898 960 2978 oid
987 2924 1113 2995 pensa,
1139 2903 1287 2997 scilicet,
1313 2903 1487 2999 praedicto
1502 2895 1540 2996 (³)
1566 2905 1709 2999 Cursio,
1739 2913 1778 2981 et
1805 2904 1953 2980 domino

779 3029 935 3101 Musatto
960 3025 1007 3098 (16
1031 3024 1231 3098 1666666116
1256 3024 1303 3098 (16
1328 3023 1457 3099 eadem
1484 3033 1600 3120 parte,
1623 3027 1687 3120 661
1713 3025 1952 3123 personaliter

779 3147 825 3222 de
851 3144 1003 3220 Francia
1029 3153 1177 3220 etcum
1207 3144 1348 3240 magnis
1374 3145 1536 3238 pecuniis
1557 3155 1593 3219 61
1615 3148 1768 3241 propriis
1785 3146 1953 3240 expensis

779 3264 954 3341 conduxit
979 3264 1151 3339 Carnium
1179 3262 1393 3358 praedictum
1422 3286 1542 3360 usque
1571 3267 1814 3360 Florentiam,
1840 3266 1953 3341 61616

778 3386 906 3461 habuit
930 3390 1109 3479 optatnm3
1131 3390 1167 3457 61
1184 3384 1288 3457 dicit:
1308 3375 1344 3456 nl
1361 3387 1450 3457 (1666
1469 3390 1582 3459 Croto
1600 3394 1682 3461 16116
1705 3382 1741 3461 (11
1764 3391 1798 3461 st
1819 3409 1950 3477 mereo,

777 3506 879 3599 idest,
904 3505 942 3577 in
968 3503 1070 3578 curia
1098 3524 1263 3597 romana,
1294 3503 1356 3577 ubi
1392 3511 1466 3578 tota
1498 3506 1557 3580 die
1588 3508 1759 3582 venditur
1790 3508 1952 3583 Christus

757 3632 815 3723 61
839 3645 964 3718 sacra,
990 3644 1081 3719 ergo
1106 3623 1201 3697 bene
1227 3623 1360 3718 poterit
1385 3625 1492 3700 rendi
1518 3633 1635 3701 status
1661 3629 1770 3702 unius
1798 3628 1952 3703 civitatis

777 3755 947 3821 terrenae.
962 3784 1010 3797 -
1023 3748 1075 3815 La
1099 3746 1211 3836 colpu
1232 3743 1297 3817 llio
1314 3744 1554 3842 Cacciaguida
1570 3748 1728 3822 ostendit
1748 3748 1847 3843 quod
1867 3769 1951 3843 pars

777 3866 934 3962 perdens
959 3865 1055 3938 ultra
1082 3863 1260 3939 damnum
1286 3866 1393 3939 cadet
1417 3866 1453 3939 in
1479 3868 1679 3963 infamiam,
1706 3870 1800 3943 sicut
1824 3878 1881 3945 est
1904 3868 1951 3942 de

779 4007 902 4079 more;
935 3985 1032 4060 undo
1065 3985 1168 4059 dicit:
1203 3990 1257 4058 Lo
1289 3990 1392 4078 colpo
1425 3980 1567 4079 sopatro*
1599 3992 1636 4062 16
1663 3998 1769 4081 purte
1800 3994 1946 4081 offeruc,

778 4108 881 4203 66661
908 4107 1022 4181 dicat:
1050 4106 1290 4201 imputabitur
1316 4107 1409 4201 parti
1435 4107 1656 4183 Blaucorum
1676 4128 1761 4203 quae
1781 4110 1948 4203 pelletur,

778 4228 864 4322 6616
889 4227 978 4301 dum
1006 4226 1161 4301 miseriis
1186 4226 1335 4319 aliquod
1359 4226 1500 4302 crimen
1531 4236 1570 4303 61
1597 4237 1744 4323 catera,
1768 4231 1948 4320 1661166,

776 4348 879 4441 idest,
906 4346 1002 4421 lama
1029 4353 1066 4419 61
1091 4346 1255 4421 clamore
1280 4347 1394 4442 vulgi,
1412 4347 1519 4422 cuius
1535 4349 1714 4443 judicium
1734 4356 1790 4425 est
1808 4369 1948 4423 caecum

777 4472 813 4539 et
839 4465 983 4557 salsum,
1011 4472 1051 4537 ut
1081 4465 1295 4561 plurimum,
1321 4488 1418 4541 come
1440 4472 1561 4562 socle,·
1587 4470 1669 4545 ideo
1694 4473 1789 4544 bene
1817 4469 1948 4546 dicitur

778 4584 999 4679 vulgariter:
1027 4584 1126 4685 Deus
1152 4593 1189 4661 16
1214 4586 1406 4682 custodiat,
1431 4590 1480 4662 alr
1506 4588 1689 4663 honestat
1706 4590 1780 4663 tibi.
1800 4589 1948 4663 Etsub-

777 4704 847 4777 dit:
874 4726 933 4777 ma
959 4707 995 4778 16
1021 4709 1190 4799 condocta,
1217 4730 1302 4801 quae
1326 4716 1452 4803 postea
1477 4719 1666 4806 sequetur,
1684 4716 1735 4804 pto
1760 4714 1949 4786 1661161666

840 4890 868 4954 (“1
884 4892 915 4941 Ε.
931 4894 1017 4944 autori
1034 4908 1139 4945 cauum
1156 4897 1234 4947 huius
1249 4898 1418 4959 expulsionis.
1434 4898 1487 4949 Ad.

840 4966 868 5029 (¹)
883 4968 915 5019 E.
932 4969 1025 5021 Nerius
1041 4972 1072 5021 (16
1088 4970 1208 5025 circulis.
1408 4974 1436 5036 (¹)
1452 4974 1482 5025 rt
1499 4976 1624 5039 prodiero
1641 4976 1746 5027 domino
1760 4975 1861 5029 Curtio.
