4842 6642
793 845 862 912 1oo
1186 850 1391 909 couuuuun
1415 851 1582 906 unium

789 1007 826 1076 ut
850 1002 921 1076 hoo
945 999 1045 1074 dieo:
1071 1021 1108 1072 se
1134 1002 1170 1072 lu
1189 1006 1289 1089 pente
1304 1001 1365 1072 clu
1378 993 1443 1091 ptl
1460 999 1619 1088 uatium
1639 998 1679 1069 ol
1694 998 1837 1090 mondo,
1860 996 1968 1092 idest,

789 1128 954 1218 pastores
979 1120 1154 1226 eeclesiae,
1179 1121 1244 1214 qui
1270 1120 1351 1215 plus
1376 1118 1524 1194 deviant
1547 1139 1570 1193 a
1591 1118 1753 1214 vestigiis
1770 1125 1964 1214 pastorum

787 1243 1042 1338 antiquorum,
1067 1262 1180 1337 quam
1206 1241 1279 1316 ulia
1303 1261 1394 1336 geos
1419 1238 1546 1314 muudi
1570 1260 1595 1313 a
1621 1238 1780 1336 vestigiis
1804 1259 1961 1314 suorum

789 1365 1115 1462 praedeoessorum,
1140 1383 1214 1435 uon
1234 1364 1330 1455 fosse
1349 1368 1443 1436 stulu
1464 1381 1634 1451 nouerca,
1654 1359 1757 1454 idest,
1775 1361 1960 1436 matrinia:

787 1493 827 1561 et
851 1486 984 1562 dicitur
1009 1503 1181 1577 noverca,
1207 1483 1314 1578 quasi
1339 1502 1476 1558 uocem
1499 1482 1625 1576 archa,
1651 1481 1709 1556 vel
1730 1503 1826 1556 uova
1848 1485 1963 1558 archa

790 1607 869 1682 siue
903 1607 1048 1698 sructu3
1082 1604 1139 1678 vel
1170 1603 1303 1679 dicitur
1327 1604 1434 1698 juxta
1467 1602 1660 1698 vulgarem
1690 1602 1963 1698 etymologiam,

787 1729 984 1818 mariana,
1003 1724 1107 1819 quasi
1134 1729 1255 1798 mater
1272 1724 1391 1820 ignea,
1409 1724 1467 1798 vel
1485 1722 1591 1817 quasi
1608 1730 1728 1798 mater
1746 1721 1867 1820 lignea
1885 1723 1963 1798 siue

788 1865 937 1939 amore3
963 1867 988 1918 u
1016 1849 1155 1939 Gesore,
1184 1843 1286 1937 idest,
1312 1844 1537 1939 imperatori,
1554 1843 1641 1938 quia
1661 1842 1780 1919 omnis
1800 1845 1961 1940 impera·

785 1976 845 2042 lou
870 1973 1025 2042 vocatur
1050 1967 1183 2060 Cesar,
1203 1970 1245 2039 ut
1261 1985 1358 2060 saepa
1379 1964 1518 2039 dictum
1536 1970 1602 2058 est,
1620 1985 1694 2055 mo,
1714 1964 1853 2060 supple,
1872 1966 1960 2041 luis·

784 2093 852 2180 set,
874 2088 1038 2180 beulpna,
1056 2087 1122 2188 ipsi
1140 2086 1287 2180 Caesari,
1304 2105 1400 2158 conte
1416 2087 1551 2159 mudlu.
1570 2083 1623 2158 m
1641 2085 1739 2178 quod
1759 2085 1961 2183 solendum,

785 2207 886 2302 quod
911 2208 1004 2282 siout
1030 2207 1142 2282 relert
1166 2207 1353 2281 Bruuetus
1377 2205 1528 2280 Latinus
1555 2205 1592 2279 iu
1618 2225 1686 2281 suo
1707 2205 1908 2301 Thesauro,
1926 2214 1963 2282 et

787 2325 1006 2404 Ricobaldus
1026 2327 1271 2402 Ferrarieusis
1291 2326 1329 2400 iu
1344 2346 1414 2401 sua
1433 2325 1625 2419 Chronica,
1643 2345 1757 2400 causa
1773 2326 1964 2402 discomliae

786 2449 882 2524 luter
907 2447 1133 2522 Frlderioum
1166 2452 1203 2521 et
1233 2445 1425 2521 ecclesiam
1457 2445 1526 2519 luit
1552 2444 1632 2519 talis
1664 2449 1796 2520 etu-
1810 2450 1960 2520 Solium

785 2568 849 2643 llic
874 2568 1115 2665 Cauciaguida
1140 2572 1337 2641 enumerat
1352 2564 1423 2641 alia
1441 2564 1552 2660 mala,
1573 2583 1659 2659 quae
1687 2572 1846 2659 sequuta
1874 2573 1961 2640 suut

784 2709 832 2764 ox
871 2688 946 2784 ipsa
962 2680 999 2782 (¹)
1024 2687 1258 2796 dissensione.
1298 2687 1343 2760 Et
1378 2685 1510 2780 primo,
1544 2684 1631 2779 qula
1661 2685 1750 2780 jum
1778 2705 1961 2779 quomm-

784 2809 870 2886 dam
897 2808 1073 2885 nobilium
1100 2813 1277 2903 usurpata
1303 2812 1398 2880 suut.
1426 2804 1529 2880 Unde
1556 2804 1662 2879 dicit:
1688 2807 1828 2879 Summi
1856 2810 1960 2878 Mou-

785 2933 930 3005 lemurlo
956 2950 1068 3003 uueor
1084 2930 1137 3002 de'
1154 2930 1266 3017 Genti,
1283 2926 1418 3002 scilicet
1435 2925 1614 3000 comitum
1634 2924 1857 3019 Guidouum,
1878 2926 1962 3020 qui-

785 3051 856 3126 uus
876 3051 1004 3124 datum
1022 3055 1103 3124 emt
1118 3048 1166 3122 ab
1185 3048 1426 3142 imperatore3
1444 3046 1556 3121 modo
1571 3066 1663 3122 vero
1680 3052 1736 3120 est
1753 3047 1962 3121 eommunis

784 3171 988 3265 Florentiae,
1014 3168 1114 3264 quod
1145 3161 1239 3264 post'
1258 3168 1406 3264 longam
1439 3168 1581 3264 brigam
1614 3173 1787 3242 emerunt
1816 3172 1886 3241 ete
1917 3167 1961 3240 ut

786 3291 903 3389 tangit
938 3289 1037 3365 allud
1071 3290 1224 3381 mulum,
1257 3288 1344 3381 qula
1374 3286 1424 3360 illi
1455 3286 1619 3361 colerent
1655 3307 1729 3381 ms,
1760 3286 1824 3380 qui
1858 3305 1957 3360 nuuc

787 3418 923 3508 regunt
938 3405 1123 3486 civitatem
1140 3407 1344 3484 Florentia.
1364 3407 1468 3481 Unde
1486 3406 1591 3481 dicit:
1616 3410 1770 3480 solumi
1791 3411 1806 3481 i
1825 3409 1957 3498 Caum,

784 3533 830 3608 de
856 3531 930 3607 istis
955 3530 1215 3627 saepedictum
1241 3536 1308 3623 est,
1333 3534 1372 3602 et
1401 3527 1544 3602 dicetur
1578 3527 1737 3623 capitulo
1768 3528 1961 3622 sequeuti3

783 3657 841 3728 ml
860 3657 988 3748 pietur,
1012 3653 1113 3747 idest,
1140 3651 1301 3747 plebatu,
1318 3653 1493 3743 d'Acooe5
1519 3650 1642 3722 laone
1666 3649 1763 3723 euim
1790 3655 1846 3723 est
1869 3649 1955 3724 villa

783 3774 977 3850 oomitatus
1010 3771 1216 3864 Florentiae,
1250 3769 1297 3845 de
1329 3790 1404 3864 qua
1438 3770 1590 3844 luerunt
1615 3769 1750 3843 circuli
1784 3769 1958 3864 praedicti.

783 3895 888 3969 llodo
913 3893 1010 3988 dicit,
1037 3892 1135 3989 quod
1160 3892 1282 3966 adhuc
1306 3896 1447 3965 starent
1477 3889 1514 3963 in
1547 3909 1637 3964 rure
1668 3909 1748 3963 suo.
1774 3891 1818 3963 Et
1843 3892 1959 3986 augit

783 4015 883 4092 aliud
917 4005 1081 4108 malum,
1098 4013 1186 4108 quia
1216 4012 1276 4087 alli
1309 4018 1431 4087 esseut
1455 4010 1576 4085 adhue
1609 4011 1744 4104 villani,
1769 4011 1833 4104 qui
1859 4031 1958 4086 uuue

783 4136 989 4234 gloriantur
1015 4134 1120 4210 valde
1150 4133 1196 4208 de
1226 4132 1422 4207 nobilitate.
1450 4131 1495 4205 llt
1519 4131 1627 4206 dicit:
1662 4153 1682 4203 e
1709 4135 1821 4225 forse,
1851 4131 1959 4206 dubi·

784 4259 884 4352 tavit,
910 4256 997 4351 quia
1022 4255 1107 4330 licet
1132 4253 1188 4328 isli
1216 4254 1422 4328 habitarent
1446 4252 1484 4326 iu
1507 4272 1608 4346 rure,
1628 4257 1751 4326 tameo
1769 4259 1876 4328 eraut
1893 4271 1961 4326 no·

784 4371 873 4452 biles
899 4383 937 4452 ot
961 4381 1137 4470 potentes.
1165 4373 1219 4448 lld
1245 4373 1344 4467 quud
1374 4371 1564 4448 selendum
1591 4378 1659 4446 etc.
1685 4371 1778 4446 Dicit
1805 4391 1963 4468 ergon

781 4499 880 4593 forse
903 4501 917 4571 l
941 4497 1220 4587 Booudelmouti,
1234 4494 1374 4589 supple,
1395 4499 1527 4588 esseut,
1540 4495 1579 4565 lu
1605 4495 1833 4585 Voldtpn'eue,
1854 4492 1959 4585 idest,

786 4618 942 4692 lavalle
976 4617 1047 4710 illa,
1074 4615 1172 4690 uude
1204 4615 1325 4710 primo
1356 4619 1539 4689 venerunt
1570 4613 1618 4686 ad
1646 4613 1831 4686 civitatem
1848 4601 1962 4704 (¹).-

786 4743 938 4830 Sempro.
965 4738 1030 4811 llic
1055 4735 1295 4832 Caeciaguida
1329 4754 1376 4809 ex
1409 4733 1513 4807 dictis
1540 4733 1676 4829 arguit,
1702 4732 1801 4827 quod
1832 4731 1961 4806 mixtio

849 4999 877 5062 (ι)
893 4997 918 5048 s·
936 4996 1012 5048 (peu,
1271 4995 1298 5059 (¹)
1314 4994 1346 5045 Β.
1363 4995 1495 5046 civilatem
1510 4995 1659 5046 Florentio.
1667 5020 1698 5034 -·
1708 4995 1819 5058 W·
