4842 6642
893 893 1033 948 cunnus
1056 892 1225 949 nncruus.
1602 878 1648 950 39

475 1059 512 1112 sc
539 1059 613 1113 non
646 1040 857 1130 com'ucqno
880 1039 983 1111 ch’al
1014 1059 1096 1112 mar
1130 1059 1202 1110 non
1233 1040 1265 1112 si
1296 1042 1389 1133 culo,
1425 1040 1520 1114 sicut
1548 1062 1649 1137 aqua

478 1159 608 1255 stagni,
633 1178 721 1234 cum
749 1163 872 1233 temen
889 1158 1009 1232 omnis
1025 1178 1124 1253 aqua
1145 1159 1362 1234 naturaliter
1388 1158 1583 1236 inclinetur
1603 1161 1649 1237 ad

475 1299 592 1372 mare,
618 1281 774 1370 wando,
800 1299 867 1372 pro
896 1279 995 1372 quia,
1021 1282 1056 1353 lo
1080 1282 1210 1386 rapqio
1244 1282 1337 1353 delto
1369 1284 1515 1373 praeto,
1547 1281 1650 1374 idest,

476 1399 599 1475 radius
623 1399 756 1474 divinae
772 1400 912 1495 gratiae,
930 1402 1021 1472 ottde
1041 1402 1234 1474 succende
1258 1422 1383 1474 verace
1407 1422 1543 1492 amore,
1561 1403 1649 1495 quia

477 1527 599 1596 rectus
624 1540 732 1593 amor
757 1519 877 1594 divina
894 1518 1013 1615 gratia
1030 1519 1244 1595 accenditur
1260 1520 1307 1594 ad
1324 1521 1524 1597 amandum
1544 1542 1649 1595 sum-

477 1661 581 1715 mum
609 1639 761 1731 bonum,
787 1663 806 1714 c
829 1642 889 1712 cbc
908 1642 973 1732 poi
996 1659 1111 1714 cresce
1135 1642 1305 1733 amando,
1341 1641 1427 1736 qnia
1457 1662 1565 1717 amor
1597 1642 1650 1717 sic

475 1781 653 1837 accensus
678 1758 852 1834 continuo
871 1760 988 1856 magis
1004 1759 1135 1856 llagrat
1160 1760 1295 1834 ardore
1310 1753 1346 1854 (¹)
1365 1761 1539 1856 caritatis,
1557 1765 1649 1836 mol-

475 1885 626 1974 tiplicotc
657 1883 695 1954 in
729 1888 772 1968 tc,
802 1900 888 1955 nam
927 1879 1051 1955 radius
1082 1879 1215 1955 divinae
1243 1881 1372 1976 gratie
1407 1882 1526 1975 primo
1559 1903 1650 1958 con-

476 2001 583 2078 cessit
608 2007 644 2076 te
669 2000 892 2075 descendere
924 2020 991 2095 per
1028 1999 1226 2094 infernum,
1256 2001 1419 2074 secundo
1448 2003 1650 2078 ascendere

474 2142 541 2217 per
558 2122 694 2196 scalam
715 2121 939 2217 purgatorii3
957 2127 994 2196 et
1011 2141 1110 2196 nunc
1126 2121 1236 2196 tertio
1253 2121 1419 2197 concedit
1440 2122 1503 2196 tihi
1521 2144 1651 2198 ascen·

474 2241 565 2318 dere
588 2262 655 2337 per
685 2262 870 2316 summam
906 2242 1044 2316 scalam
1075 2241 1249 2336 paradisi3
1276 2240 1375 2314 unde
1411 2241 1519 2317 dicit:
1555 2250 1651 2318 tanto

474 2365 648 2456 neptem
672 2366 711 2436 in
735 2369 779 2452 tc,
805 2364 865 2436 che
881 2365 907 2435 ti
925 2365 1078 2436 condoce
1093 2381 1135 2434 su
1148 2383 1216 2454 per
1232 2364 1348 2452 quello
1365 2366 1478 2454 scola,
1503 2362 1650 2456 scilicet,

476 2483 572 2577 coeli,
598 2490 636 2559 et
660 2482 764 2558 dicit:
790 2487 837 2575 u’,
863 2481 966 2576 idest,
993 2483 1102 2574 undo,
1129 2503 1256 2555 ncssun
1280 2485 1440 2556 descende
1464 2504 1574 2557 senza
1596 2487 1651 2556 ri-

474 2605 578 2695 solir,
604 2603 691 2697 quia
717 2603 840 2676 nullus
865 2601 1051 2678 descendit
1066 2602 1114 2677 de
1133 2603 1238 2696 coelo,
1257 2603 1320 2696 qui
1342 2623 1415 2677 uon
1433 2604 1648 2680 reascendat

474 2723 607 2820 ipsum,
634 2724 727 2798 sicut
752 2729 851 2818 putet
876 2722 922 2797 de
949 2723 1074 2797 multis
1098 2723 1238 2819 angelis
1255 2728 1293 2798 et
1309 2724 1503 2798 animabus
1521 2725 1649 2800 beato-

476 2865 574 2918 rum.
601 2844 645 2917 Et
664 2843 716 2916 sic
732 2850 819 2917 nota
836 2863 904 2937 pro
921 2849 1066 2936 autore,
1084 2842 1183 2936 quod
1204 2842 1235 2916 si
1255 2842 1306 2918 sic
1326 2849 1382 2918 est
1398 2843 1519 2918 adhuc
1538 2844 1649 2920 debet

476 2962 613 3038 reverti
638 2962 684 3036 ad
710 2961 942 3056 paradisum
969 2962 1068 3037 unde
1086 2964 1165 3058 jam
1193 2962 1259 3036 sibi
1285 2983 1383 3058 saepe
1401 2965 1569 3059 promisit
1589 2985 1649 3040 re-

327 3141 330 3147 .
475 3082 592 3157 ditum
618 3082 665 3158 ad
690 3082 846 3156 coelum:
872 3087 910 3156 et
936 3081 1030 3156 beno
1056 3082 1142 3176 quia
1168 3082 1425 3175 unusquisque
1440 3082 1550 3160 debet
1566 3104 1651 3158 cre·

474 3203 564 3279 dere
589 3223 629 3278 se
654 3223 735 3278 esse
759 3202 806 3277 de
831 3221 989 3276 numero
1014 3202 1274 3278 salvandorum
1291 3193 1348 3295 (Ἲς
1379 3209 1415 3278 tu
1440 3207 1652 3297 oucisaper

476 3327 514 3400 di
530 3327 614 3416 quai
631 3327 754 3418 pionte
777 3326 949 3416 s'infiora
962 3330 1082 3416 questa
1098 3325 1304 3416 plirlandu,
1329 3324 1421 3398 idest
1445 3345 1492 3399 ex
1518 3325 1652 3419 quibus

473 3445 667 3521 animabus
706 3443 840 3520 lloridis
874 3445 1011 3519 teritur
1041 3444 1110 3520 ista
1142 3465 1296 3538 corone,
1331 3448 1391 3519 ebe
1414 3448 1555 3520 'nmmo
1588 3467 1653 3520 oa-

473 3568 638 3660 qbcppiu,
672 3564 777 3658 idest,
812 3585 897 3659 quae
930 3584 1066 3640 corona
1101 3564 1317 3638 lloridorum
1349 3565 1545 3640 doctorum
1579 3565 1652 3640 cir-

475 3685 667 3781 cumspicit
691 3685 964 3778 delectabiliter,
990 3688 1027 3758 lc
1052 3686 1141 3759 delta
1166 3687 1300 3775 donne
1326 3685 1462 3759 scilicet
1483 3685 1650 3780 pulcram

475 3805 663 3882 scientiam
704 3805 907 3901 theologie,
941 3807 993 3878 cb'
1006 3807 1046 3879 al
1075 3807 1139 3878 ciel
1168 3807 1393 3898 leccatore,
1429 3805 1532 3899 idest,
1565 3825 1650 3898 que

474 3926 614 4001 animat
639 3931 677 4001 et
703 3925 846 4021 vigorat
872 3924 978 3999 lead
1003 3924 1276 4000 ascendendum
1302 3925 1564 3998 coelum—Io
1585 3928 1649 4019 sbi.

474 4044 540 4120 llic
564 4046 723 4120 Thomas
748 4045 928 4140 explicato
945 4043 1125 4120 desiderio
1141 4045 1283 4119 autoris
1301 4043 1424 4140 incipit
1440 4045 1651 4120 satisfacere

475 4164 541 4259 ipsi
566 4163 760 4258 desiderio,
778 4164 1013 4238 manifestans
1029 4165 1149 4259 primo
1165 4185 1206 4240 se
1223 4165 1355 4260 ipsum.
1377 4163 1430 4239 hd
1448 4164 1554 4238 cuius
1571 4164 1650 4238 evi·

474 4283 635 4358 dentiam
662 4291 717 4358 est
742 4283 1009 4379 presciendum
1035 4284 1136 4378 quod
1152 4285 1222 4359 iste
1237 4285 1395 4358 Thomas
1417 4283 1484 4356 luit
1508 4282 1651 4358 italicus

475 4403 522 4478 de
549 4422 664 4500 regno
690 4402 840 4498 Apuliae,
866 4402 913 4478 de
939 4403 1084 4478 civitate
1105 4423 1190 4498 quae
1214 4403 1347 4478 dicitur
1363 4401 1563 4498 Aquinum,
1583 4423 1655 4478 no-

476 4523 538 4597 bili
562 4541 712 4620 genere,
739 4522 825 4617 quia
851 4521 898 4596 de
928 4522 1122 4597 comitibus
1147 4522 1193 4598 de
1218 4523 1362 4618 Aquino
1379 4521 1650 4617 antiquissimis,

474 4643 624 4718 scientia
649 4645 784 4736 clarus,
802 4643 876 4718 vite
898 4642 1057 4740 insignis,
1083 4643 1147 4736 qui
1172 4643 1332 4739 plurima
1358 4642 1499 4739 scripsit
1523 4644 1653 4739 praeci-

471 4784 546 4860 pue
569 4764 607 4837 in
630 4785 735 4839 sacra
754 4763 935 4860 theologia
949 4770 1031 4858 etc,
1045 4763 1105 4839 cui
1125 4763 1263 4839 dictum
1282 4770 1354 4838 est:
1373 4764 1468 4838 bene
1484 4765 1655 4859 scripsisti

548 4949 553 4977 l

536 4953 565 5089 ὃ
580 4949 612 5078 ἓ
628 4963 820 5089 :rulrozdornm
836 5033 864 5080 et
879 5043 906 5080 se
922 5029 954 5080 ad
970 5028 996 5080 ld
1012 5029 1074 5080 totis
1088 5027 1224 5080 admotus
1238 5041 1399 5094 preparare:
1416 5034 1444 5078 tc
1459 5029 1527 5079 ccci.
