4842 6642
820 868 959 927 CANTUS
984 874 1209 929 monemus.
1531 864 1603 929 445

425 1009 589 1087 ascendit
616 1012 893 1110 hemisperium‚
916 1023 1017 1091 tanto
1045 1016 1160 1115 magis
1185 1017 1308 1093 omnis
1332 1020 1437 1093 stella
1462 1020 1605 1094 celatur

427 1132 542 1227 nobis,
560 1131 654 1209 adeo
675 1134 775 1228 quod
801 1137 921 1211 solum
949 1137 1094 1213 videtur
1120 1139 1186 1213 sol.
1207 1139 1310 1215 Unde
1335 1140 1438 1215 dicit:
1465 1162 1485 1213 e
1508 1160 1605 1213 come

426 1255 463 1326 lu
487 1255 708 1329 ctiorurima
734 1258 871 1331 ancello
895 1260 953 1331 dcl
966 1262 1032 1350 sol,
1051 1256 1153 1352 idest,
1171 1279 1310 1334 aurora
1329 1281 1413 1354 quae
1434 1268 1489 1335 est
1506 1280 1603 1357 prae·

428 1373 557 1451 nuntio
583 1375 680 1472 solis,
707 1379 785 1451 vien
808 1372 871 1471 piri
895 1381 996 1472 elue,
1024 1378 1127 1474 idest,
1156 1379 1273 1476 magis
1293 1380 1457 1456 ascendit
1481 1380 1602 1457 hemi-

431 1493 607 1590 sperium,
633 1488 705 1569 cosi
728 1500 757 1570 it
783 1500 868 1571 nelo
892 1502 924 1573 ri
952 1500 1085 1593 coum,
1112 1500 1296 1577 sciliceta
1321 1501 1511 1577 nocturnis
1543 1502 1601 1576 lu-

427 1614 600 1710 minibus,
634 1620 672 1693 di
705 1622 795 1693 voca
827 1621 865 1693 in
897 1623 999 1712 uum,
1028 1620 1131 1714 idest,
1163 1620 1210 1695 de
1242 1622 1346 1698 stella
1376 1622 1414 1696 in
1443 1623 1599 1718 stellam,

425 1736 536 1828 ιἰηῖηο
561 1739 635 1811 allo
654 1734 719 1831 pst
743 1740 846 1832 dello,
864 1739 956 1815 idest
972 1742 1099 1835 solem,
1122 1742 1185 1835 qui
1209 1749 1336 1837 postea
1360 1743 1461 1817 solus
1485 1765 1600 1839 appa·

428 1864 485 1931 ret
510 1866 548 1933 et
572 1859 713 1935 lumine
737 1881 806 1937 suo
829 1861 925 1938 velat
943 1861 1045 1936 nobis
1069 1868 1203 1937 caetera
1230 1862 1366 1957 sidera;
1384 1870 1421 1939 et
1442 1872 1499 1940 est
1515 1864 1599 1959 pul-

429 1978 590 2055 cerrima
607 1981 711 2055 stella
727 1982 1171 2059 antonomastice—Nou
1189 1987 1389 2058 ammone.
1408 1983 1474 2059 llic
1489 1992 1600 2060 autor

425 2099 581 2198 applicat
614 2102 841 2197 praemissam
873 2103 1185 2199 comparationem
1220 2104 1266 2179 ad
1296 2104 1537 2201 propositum,
1563 2112 1602 2179 et

425 2220 520 2317 dicit,
547 2222 647 2316 quod
671 2222 719 2299 ita
746 2244 770 2299 a
795 2222 901 2299 simili
926 2223 1186 2320 disparuerunt
1215 2225 1336 2323 angeli
1361 2246 1428 2322 per
1453 2224 1600 2321 appari·

424 2344 561 2421 tionem
581 2345 659 2419 veri
680 2343 776 2438 solis,
795 2344 929 2420 scilieet
951 2345 1027 2440 Dei,
1046 2344 1141 2420 sieut
1165 2346 1352 2444 disparent
1376 2346 1498 2422 sidera
1515 2346 1600 2421 coeli

425 2486 491 2560 per
516 2466 781 2561 apparitionem
807 2465 892 2541 solis
919 2466 1127 2541 materialis.
1146 2468 1251 2543 Unde
1265 2467 1371 2543 dicit:
1392 2471 1472 2541 Non
1495 2468 1599 2541 otti-

425 2589 544 2677 meoli,
561 2585 663 2680 idest,
681 2586 848 2661 simililer
866 2587 960 2662 sicut
976 2586 1113 2662 dictum
1134 2594 1189 2663 est
1205 2588 1253 2663 de
1269 2588 1391 2683 stellis,
1408 2590 1599 2680 detonso,

423 2705 570 2799 scilicet,
596 2705 828 2801 augelorum,
848 2706 911 2799 qui
932 2705 1160 2803 triumphant
1186 2707 1223 2781 in
1248 2709 1342 2783 ooelo
1365 2708 1412 2784 de
1436 2705 1599 2805 gloriosa

423 2825 575 2901 victoria
601 2846 714 2919 quam
741 2823 953 2901 habueruut
977 2826 1023 2901 de
1048 2826 1187 2923 angelis
1214 2827 1339 2920 malis;
1360 2834 1396 2903 et
1420 2826 1517 2920 dicit,
1535 2828 1598 2899 cle

423 2946 514 3038 ude,
535 2944 637 3038 idest,
664 2944 728 3040 qui
753 2944 800 3021 ad
827 2946 979 3021 modum
999 2945 1157 3021 ludentis
1177 2954 1215 3022 et
1232 2946 1394 3023 lestantis
1412 2947 1597 3045 girantur,

422 3088 560 3161 sernpre
582 3068 750 3141 dintoroo
775 3070 814 3143 ol
833 3075 944 3161 punto
969 3070 1028 3141 cltc
1044 3070 1093 3140 mi
1109 3070 1218 3159 virne,
1236 3068 1338 3163 idest,
1357 3068 1455 3143 circa
1478 3068 1598 3143 Deum

423 3187 530 3263 cuius
554 3188 684 3263 lumen
710 3187 810 3262 visus
835 3208 926 3262 suns
952 3186 1133 3264 sustinere
1159 3208 1233 3263 non
1258 3188 1385 3282 valuit,
1411 3193 1453 3261 ut
1478 3186 1598 3283 patuit

423 3328 556 3405 snpra3
584 3315 622 3384 et
646 3308 742 3403 dicit,
759 3313 922 3403 parendo
944 3311 1098 3384 tacituro
1118 3312 1167 3383 do
1184 3312 1264 3401 puel
1279 3311 1409 3400 cl'epd
1423 3309 1600 3383 turlanda.-

423 3430 492 3504 noc
516 3428 603 3505 dicit
629 3428 716 3525 quia
742 3430 841 3505 Deus
867 3429 1013 3505 ridetur
1036 3430 1199 3506 inclusus
1216 3431 1264 3505 ab
1279 3430 1420 3527 angelis
1436 3429 1501 3524 qui
1525 3428 1599 3505 cir-

326 3538 334 3555 ’
423 3549 599 3627 comdant
616 3571 717 3645 eum,
738 3571 832 3645 quos
858 3556 983 3626 tamen
1001 3550 1078 3645 ipse
1094 3549 1257 3643 includit,
1275 3549 1362 3643 quia
1380 3549 1457 3644 ipse
1475 3554 1597 3622 totum

423 3670 558 3747 claudit
583 3678 620 3747 et
645 3671 807 3747 continet
833 3670 969 3767 pugillo
995 3690 1076 3765 suo,
1102 3672 1134 3744 si
1161 3673 1268 3743 stoue
1300 3690 1324 3741 n
1346 3689 1437 3762 poco
1463 3688 1600 3761 apooo

424 3794 462 3865 ol
484 3794 554 3865 mio
579 3792 716 3882 venue,
742 3789 848 3886 quasi
873 3789 979 3884 dicat,
997 3789 1097 3884 quod
1113 3788 1303 3885 paullatim
1329 3787 1484 3884 perdidit
1509 3808 1600 3863 con·

425 3916 590 4007 spectum
616 3910 870 4007 angelicorum
894 3909 1088 4008 spirituum
1114 3930 1137 3983 a
1163 3908 1286 3983 minus
1316 3906 1524 3983 lucentibus
1548 3907 1597 3983 nd

425 4032 541 4129 magis
566 4033 744 4126 iacenter,
760 4030 877 4107 donec
894 4030 1016 4107 divina
1037 4031 1101 4105 lux
1127 4030 1391 4125 superveniens
1416 4050 1596 4125 superer-

424 4152 541 4248 cessit,
560 4151 609 4227 ita
626 4152 725 4247 quod
752 4152 837 4227 nihil
864 4151 1064 4247 apparebat
1080 4156 1214 4247 praeter
1236 4150 1373 4246 ipsam;
1394 4148 1492 4225 unde
1507 4149 1598 4224 sub-

423 4272 492 4347 dit:
507 4268 637 4365 percle
655 4274 759 4347 vedu
775 4274 885 4365 edlu,
906 4272 992 4366 quia
1013 4270 1149 4346 scilicet
1166 4270 1253 4345 nihil
1274 4270 1421 4346 videbat
1437 4269 1596 4366 amplius

422 4393 468 4468 do
499 4398 646 4467 natura·
665 4394 830 4489 angelica
865 4392 926 4487 ibi,
952 4399 985 4466 ct
1013 4412 1130 4483 amor,
1163 4391 1311 4485 seilicet,
1337 4390 1522 4485 Beatricis
1549 4395 1598 4465 mi

420 4515 588 4587 costrirroc
613 4520 741 4588 lornur
765 4534 832 4588 coo
855 4516 906 4605 pti
930 4514 1040 4605 omli,
1058 4513 1160 4608 idest,
1178 4511 1427 4607 speculatione
1452 4512 1597 4588 intelle·

420 4635 545 4731 niuali,
570 4658 595 4709 u
621 4640 789 4711 Beati-icc.
817 4637 861 4711 El
886 4635 945 4711 hic
971 4640 1057 4710 nota
1078 4634 1177 4729 quod
1199 4640 1310 4707 autor
1335 4632 1469 4709 merito
1494 4631 1599 4729 tingit

420 4755 520 4850 quod
547 4754 721 4831 rediverit
750 4756 798 4830 ad
832 4756 1051 4849 Beatricem‚
1078 4754 1164 4849 quia
1191 4760 1418 4830 tractaturus
1444 4759 1525 4828 erat
1550 4752 1597 4829 de

423 4876 541 4951 altiori
567 4877 739 4972 materia3
765 4876 869 4972 quasi
895 4876 1009 4951 dicat:
1037 4881 1191 4950 tractato
1208 4875 1255 4950 de
1272 4881 1406 4950 natura
1432 4874 1598 4971 angelica

425 5003 606 5092 quantum
624 4996 716 5073 liber
736 4996 804 5073 iste
821 4996 968 5094 patitur,
987 5001 1130 5092 oportet
1151 5001 1311 5071 tractare
1327 4993 1374 5070 de
1394 4993 1529 5089 divina,
1542 4994 1597 5068 al-
