4842 6642
812 862 885 935 ull
1205 876 1412 932 couunrnu
1437 878 1602 932 nnanmsr

811 1026 915 1101 dictis
935 1023 1075 1121 justitia
1101 1024 1165 1099 Dei
1192 1024 1272 1097 vult
1296 1023 1407 1097 talem
1428 1022 1609 1098 inddelcm
1628 1022 1816 1097 damnari:
1838 1023 1867 1095 si
1891 1022 1990 1097 lleus

813 1147 923 1221 vellet
949 1152 1077 1219 tencre
1101 1142 1215 1217 alium
1244 1142 1409 1237 modum,
1434 1144 1505 1218 boc
1536 1148 1632 1218 esset
1662 1142 1708 1217 do
1738 1140 1985 1217 misericordia

813 1267 904 1360 eine,
919 1265 1087 1361 quamvis
1105 1270 1179 1338 tam
1194 1264 1332 1358 justitia
1351 1285 1464 1357 quam
1485 1264 1746 1358 misericordia,
1760 1284 1873 1358 quam
1887 1262 1986 1337 Deus

813 1389 947 1463 babeat
971 1408 1061 1483 erga
1088 1392 1312 1477 creaturam,
1326 1385 1371 1457 sit
1392 1390 1467 1459 tota
1490 1384 1739 1459 misericordia
1762 1391 1799 1457 et
1824 1384 1987 1459 clemen-

813 1510 888 1603 tia;
915 1508 1014 1582 unde
1040 1505 1200 1581 maxima
1223 1504 1364 1600 justitia
1391 1504 1454 1578 liei
1486 1512 1542 1579 cst
1567 1524 1648 1579 esse
1674 1524 1821 1579 summe
1845 1502 1989 1579 miseri-

814 1628 975 1704 cordem.
1002 1628 1046 1700 ut
1072 1625 1153 1700 ideo
1179 1646 1253 1699 noo
1280 1632 1397 1720 potest
1417 1624 1612 1719 acquirere
1632 1644 1698 1719 per
1715 1642 1756 1699 se
1776 1624 1853 1698 sine
1870 1623 1987 1719 gratia

815 1749 927 1823 vitam
954 1754 1144 1841 aeternam,
1165 1744 1243 1820 sive
1259 1745 1512 1821 consideretur
1537 1749 1670 1819 natura
1697 1745 1733 1817 in
1760 1752 1857 1818 statu
1884 1744 1990 1818 inno·

814 1870 956 1964 ceutiae,
973 1869 1068 1942 sicut
1084 1867 1152 1942 init
1168 1868 1284 1941 Adam
1302 1872 1389 1941 ante
1405 1872 1611 1961 peccatum,
1630 1866 1708 1940 sire
1726 1865 1761 1938 in
1779 1871 1874 1939 statu
1902 1886 1990 1958 sup-

814 1991 930 2087 posito
956 1995 1116 2084 peccato.
1133 2028 1181 2041 -
1198 1991 1316 2077 Quale.
1336 1985 1401 2061 llic
1427 1994 1537 2061 autor
1554 1986 1725 2061 describit
1743 1993 1867 2061 actum
1895 1986 1990 2059 illius

815 2112 948 2206 aquilae
974 2116 1011 2184 et
1036 2109 1091 2183 sui
1119 2128 1184 2203 per
1209 2107 1522 2203 comparationem
1556 2108 1742 2202 propriam
1770 2107 1920 2181 ciconiae
1952 2113 1991 2180 et

817 2232 875 2305 filii
893 2224 949 2326 (⁴);
981 2238 1017 2305 et
1049 2228 1144 2324 dicit,
1171 2230 1272 2324 quod
1297 2229 1391 2303 sicut
1423 2227 1562 2303 ciconia
1597 2234 1767 2324 porrecto
1798 2228 1893 2312 cibo
1910 2227 1991 2302 tiliis

816 2352 954 2448 regirat
978 2371 1019 2424 se
1044 2371 1155 2445 supra
1181 2349 1322 2442 nidum,
1347 2356 1385 2423 et
1412 2348 1506 2423 filius
1527 2348 1668 2423 cibatus
1687 2348 1832 2443 respicit
1849 2356 1932 2422 earu
1953 2355 1991 2421 ct

817 2473 993 2565 miratur3
1020 2472 1068 2545 ita
1096 2472 1154 2544 illa
1181 2469 1314 2563 aquila,
1334 2470 1524 2565 propinato
1547 2490 1720 2545 sermone
1742 2490 1817 2564 quo
1843 2468 1992 2543 cibare-

817 2601 875 2668 rat
895 2593 1076 2688 jeiuninm
1098 2591 1239 2665 autoris
1257 2590 1498 2683 famescentis,
1515 2590 1649 2687 giravit
1669 2610 1709 2665 se
1726 2610 1837 2685 super
1858 2592 1990 2684 ipsum,

816 2724 853 2790 et
879 2715 955 2809 ipse
980 2713 1120 2787 cibatus
1147 2712 1353 2786 mirabatur
1378 2734 1473 2787 eam.
1499 2713 1604 2787 Nunc
1635 2720 1809 2787 construe
1834 2712 1990 2803 literam,

817 2857 901 2931 quae
928 2840 981 2909 est
1006 2832 1211 2927 aliqualiter
1238 2832 1403 2906 intricata
1438 2841 1475 2907 et
1505 2839 1686 2925 catenata,
1711 2839 1749 2908 et
1781 2832 1891 2908 redde
1915 2831 1991 2905 sin-

816 2957 903 3055 gula
929 2955 1092 3051 singulte,
1110 2954 1181 3028 sic:
1205 2958 1256 3025 Lo
1280 2955 1456 3026 benedetto
1476 2957 1677 3046 immuptne,
1703 2954 1849 3046 scilicet,
1867 2951 1988 3047 aquila

704 3072 706 3075 ’
817 3080 910 3152 iacta
938 3097 982 3150 ex
1009 3081 1063 3149 tot
1084 3073 1267 3168 spiritibus
1287 3072 1496 3167 benedictis,
1513 3076 1573 3146 cle
1590 3094 1713 3146 mcccc
1730 3076 1822 3166 lali,
1843 3073 1989 3166 scilicet,

816 3198 970 3296 girando
996 3217 1035 3269 se
1061 3194 1300 3287 circulariter,
1325 3198 1489 3286 sosptnto,
1507 3193 1610 3287 idest,
1628 3194 1813 3289 impulsas,
1834 3197 1884 3268 do
1904 3196 1992 3266 tanti

818 3320 974 3409 corcsr'plt',
1001 3315 1180 3389 dictorum
1207 3314 1415 3408 spirituum,
1441 3312 1488 3388 de
1513 3335 1675 3409 quorum
1697 3313 1886 3389 communi
1903 3333 1992 3387 con·

818 3440 896 3514 silio
923 3444 960 3513 et
984 3456 1164 3512 consensu
1190 3434 1424 3528 loquebatur,
1450 3438 1576 3529 siscce
1601 3437 1695 3508 cotul
1722 3438 1807 3527 quot
1834 3438 1870 3507 la
1899 3437 1992 3507 mco·

817 3582 892 3652 quc
917 3562 948 3631 si
971 3560 1088 3648 ripr'ra
1112 3576 1273 3629 sooresso
1296 3557 1326 3627 c
1347 3557 1431 3628 nido
1450 3558 1515 3648 poi
1538 3558 1568 3628 c'
1580 3558 1627 3627 bu
1643 3558 1801 3648 porciato
1824 3560 1840 3629 i
1860 3558 1948 3648 ptyli,
1974 3576 1993 3628 e

817 3674 847 3754 si
879 3682 970 3753 tevai
998 3681 1023 3752 n·
1053 3679 1145 3769 cipli,
1180 3676 1283 3770 idest,
1315 3676 1441 3750 oculos
1471 3676 1518 3751 ad
1549 3678 1817 3773 respiciendum
1852 3684 1888 3752 et
1922 3677 1993 3749 mi·

820 3801 975 3875 randum
997 3790 1033 3892 (²)
1061 3796 1235 3890 aquilam,
1262 3816 1357 3868 come
1386 3799 1476 3887 quel,
1503 3797 1648 3891 scilicet,
1675 3798 1884 3891 cicouiolus,
1909 3792 1994 3869 clt’e'

814 3928 933 4017 posto,
963 3920 1064 4009 idest,
1099 3917 1253 4011 cibatus,
1279 3920 1315 3989 la
1349 3920 1490 4007 amira,
1516 3917 1620 4011 quasi
1654 3918 1771 3993 iactus
1803 3918 1907 3991 laetus
1944 3936 1990 3990 ex

816 4047 966 4135 accepto
992 4038 1092 4131 oibo;
1119 4037 1168 4111 ita
1194 4043 1304 4109 autor
1335 4056 1382 4110 ex
1412 4036 1538 4110 audito
1571 4056 1744 4111 sermone
1775 4037 1919 4132 aquilae.
1945 4036 1990 4109 Et

818 4162 869 4236 sic
887 4161 969 4234 vide
987 4158 1172 4253 quomodo
1198 4156 1425 4252 comparatio
1454 4163 1510 4232 est
1540 4158 1686 4252 propria
1715 4156 1837 4252 quoad
1862 4177 1991 4232 omnes

818 4287 943 4377 partes
960 4280 1027 4353 sui.
1041 4319 1090 4333 -
1104 4281 1295 4351 Roteondo.
1316 4278 1381 4351 llic
1397 4285 1507 4351 antor
1524 4278 1705 4373 descripto
1723 4284 1827 4351 motu
1844 4277 1989 4373 aquilae,

820 4426 919 4479 nuuc
945 4402 1114 4478 describit
1140 4402 1220 4477 cius
1245 4410 1408 4492 cantum,
1434 4400 1575 4475 dicens:
1607 4408 1644 4475 et
1678 4400 1738 4475 illa
1769 4400 1903 4494 aquila,
1928 4419 1992 4471 ro·
2135 4449 2145 4474 .

821 4528 960 4617 mondo,
986 4524 1087 4617 idest,
1115 4542 1269 4597 movens
1295 4542 1334 4595 se
1360 4521 1599 4615 circulariter,
1625 4528 1778 4593 coctana
1798 4520 1995 4592 adiecerit

819 4651 969 4741 uindicio
994 4656 1126 4737 eterno,
1151 4644 1286 4719 scilicet
1308 4643 1385 4737 Dei,
1403 4640 1424 4716 e*
1439 4646 1491 4717 tal
1504 4664 1529 4716 a
1545 4646 1603 4717 voi
1618 4644 1773 4731 mortali,
1794 4639 1896 4733 idest,
1915 4646 1989 4712 tam

821 4770 1006 4845 occultum
1034 4773 1070 4841 et
1095 4764 1347 4841 absconditum
1376 4764 1479 4838 vobis
1503 4764 1725 4856 bominibus,
1752 4763 1848 4854 quali
1870 4780 1935 4833 sorr
1961 4762 1992 4830 te

882 5030 908 5092 (¹)
925 5028 949 5080 S.
966 5028 1090 5079 illiorum.
1340 5026 1367 5088 l')
1383 5026 1409 5076 S.
1424 5038 1441 5075 e
1457 5026 1487 5076 Β.
1504 5028 1653 5078 mirandum
1668 5029 1749 5091 ipsam
1765 5026 1886 5091 aquilam.
