<?xml version="1.0" encoding="UTF-8"?>
<!DOCTYPE html PUBLIC "-//W3C//DTD XHTML 1.0 Transitional//EN"
    "http://www.w3.org/TR/xhtml1/DTD/xhtml1-transitional.dtd">
<html xmlns="http://www.w3.org/1999/xhtml" xml:lang="en" lang="en">
 <head>
  <title>
</title>
<meta http-equiv="Content-Type" content="text/html;charset=utf-8" />
  <meta name='ocr-system' content='tesseract 3.04.00' />
  <meta name='ocr-capabilities' content='ocr_page ocr_carea ocr_par ocr_line ocrx_word'/>
</head>
<body>
  <div class='ocr_page' id='page_1' title='image "./comentumsuperda02benvgoog_0347.png"; bbox 0 0 4842 6642; ppageno 0'>
   <div class='ocr_carea' id='block_1_1' title="bbox 783 848 1637 916">
    <p class='ocr_par' dir='ltr' id='par_1_1' title="bbox 783 848 1637 916">
     <span class='ocr_line' id='line_1_1' title="bbox 783 848 1637 916; baseline 0.008 -9"><span class='ocrx_word' id='word_1_1' title='bbox 783 853 922 910; x_wconf 79' lang='lat' dir='ltr'><strong>murus</strong></span> <span class='ocrx_word' id='word_1_2' title='bbox 946 857 1138 912; x_wconf 81' lang='lat' dir='ltr'><strong>uncasruus</strong></span> <span class='ocrx_word' id='word_1_3' title='bbox 1162 858 1325 912; x_wconf 81' lang='lat' dir='ltr'><strong>rannus.</strong></span> <span class='ocrx_word' id='word_1_4' title='bbox 1566 848 1637 916; x_wconf 76' lang='lat'><strong>327</strong></span> 
     </span>
    </p>
   </div>
   <div class='ocr_carea' id='block_1_2' title="bbox 463 991 1743 3627">
    <p class='ocr_par' dir='ltr' id='par_1_2' title="bbox 463 991 1743 3627">
     <span class='ocr_line' id='line_1_2' title="bbox 463 991 1729 1098; baseline 0.004 -24"><span class='ocrx_word' id='word_1_5' title='bbox 463 1001 746 1092; x_wconf 62' lang='lat' dir='ltr'><strong>corneliorum,</strong></span> <span class='ocrx_word' id='word_1_6' title='bbox 774 999 877 1093; x_wconf 86' lang='lat' dir='ltr'><strong>idest,</strong></span> <span class='ocrx_word' id='word_1_7' title='bbox 902 1001 1049 1095; x_wconf 86' lang='lat' dir='ltr'><strong>quando</strong></span> <span class='ocrx_word' id='word_1_8' title='bbox 1075 1004 1231 1098; x_wconf 82' lang='lat' dir='ltr'>qualitas</span> <span class='ocrx_word' id='word_1_9' title='bbox 1261 993 1364 1098; x_wconf 67' lang='lat' dir='ltr'><strong>lu&#39;cis,</strong></span> <span class='ocrx_word' id='word_1_10' title='bbox 1391 1027 1409 1078; x_wconf 88' lang='lat' dir='ltr'><strong>c</strong></span> <span class='ocrx_word' id='word_1_11' title='bbox 1434 1008 1459 1079; x_wconf 87' lang='lat' dir='ltr'><strong>&#39;l</strong></span> <span class='ocrx_word' id='word_1_12' title='bbox 1489 1013 1633 1098; x_wconf 82' lang='lat' dir='ltr'><strong>quanto,</strong></span> <span class='ocrx_word' id='word_1_13' title='bbox 1724 991 1729 1002; x_wconf 82' lang='grc'><strong>’</strong></span> 
     </span>
     <span class='ocr_line' id='line_1_3' title="bbox 463 1116 1637 1220; baseline 0.009 -28"><span class='ocrx_word' id='word_1_14' title='bbox 463 1116 567 1211; x_wconf 87' lang='lat' dir='ltr'><strong>idest,</strong></span> <span class='ocrx_word' id='word_1_15' title='bbox 593 1119 776 1214; x_wconf 78' lang='lat' dir='ltr'><strong>quantitas</strong></span> <span class='ocrx_word' id='word_1_16' title='bbox 800 1121 1071 1217; x_wconf 73' lang='lat' dir='ltr'><strong>magnitudinis,</strong></span> <span class='ocrx_word' id='word_1_17' title='bbox 1104 1125 1197 1198; x_wconf 77' lang='lat' dir='ltr'><strong>detto</strong></span> <span class='ocrx_word' id='word_1_18' title='bbox 1228 1126 1309 1198; x_wconf 86' lang='lat' dir='ltr'><strong>civo</strong></span> <span class='ocrx_word' id='word_1_19' title='bbox 1340 1128 1451 1220; x_wconf 83' lang='lat' dir='ltr'><strong>stello,</strong></span> <span class='ocrx_word' id='word_1_20' title='bbox 1489 1125 1637 1220; x_wconf 85' lang='lat' dir='ltr'><strong>scilicet,</strong></span> 
     </span>
     <span class='ocr_line' id='line_1_4' title="bbox 463 1230 1639 1337; baseline 0.004 -23"><span class='ocrx_word' id='word_1_21' title='bbox 463 1239 586 1314; x_wconf 84' lang='lat' dir='ltr'><strong>llariae</strong></span> <span class='ocrx_word' id='word_1_22' title='bbox 602 1230 652 1332; x_wconf 80' lang='lat'><strong>(⁴),</strong></span> <span class='ocrx_word' id='word_1_23' title='bbox 666 1260 780 1335; x_wconf 90' lang='lat' dir='ltr'><strong>quam</strong></span> <span class='ocrx_word' id='word_1_24' title='bbox 797 1241 916 1336; x_wconf 92' lang='lat' dir='ltr'><strong>primo</strong></span> <span class='ocrx_word' id='word_1_25' title='bbox 935 1250 1134 1318; x_wconf 85' lang='lat' dir='ltr'><strong>vocaverat</strong></span> <span class='ocrx_word' id='word_1_26' title='bbox 1156 1265 1291 1337; x_wconf 89' lang='lat' dir='ltr'><strong>rosam,</strong></span> <span class='ocrx_word' id='word_1_27' title='bbox 1312 1265 1409 1320; x_wconf 90' lang='lat' dir='ltr'><strong>nunc</strong></span> <span class='ocrx_word' id='word_1_28' title='bbox 1427 1253 1534 1322; x_wconf 88' lang='lat' dir='ltr'><strong>vocat</strong></span> <span class='ocrx_word' id='word_1_29' title='bbox 1551 1245 1639 1320; x_wconf 90' lang='lat' dir='ltr'><strong>stel-</strong></span> 
     </span>
     <span class='ocr_line' id='line_1_5' title="bbox 466 1359 1637 1459; baseline 0.004 -26"><span class='ocrx_word' id='word_1_30' title='bbox 466 1360 559 1453; x_wconf 84' lang='lat' dir='ltr'><strong>lam3</strong></span> <span class='ocrx_word' id='word_1_31' title='bbox 586 1365 642 1434; x_wconf 86' lang='lat' dir='ltr'><strong>cst</strong></span> <span class='ocrx_word' id='word_1_32' title='bbox 665 1359 764 1435; x_wconf 90' lang='lat' dir='ltr'><strong>cuim</strong></span> <span class='ocrx_word' id='word_1_33' title='bbox 790 1361 893 1436; x_wconf 88' lang='lat' dir='ltr'><strong>stella</strong></span> <span class='ocrx_word' id='word_1_34' title='bbox 921 1362 1100 1436; x_wconf 91' lang='lat' dir='ltr'><strong>matutina</strong></span> <span class='ocrx_word' id='word_1_35' title='bbox 1126 1363 1364 1459; x_wconf 82' lang='lat' dir='ltr'><strong>propinquior</strong></span> <span class='ocrx_word' id='word_1_36' title='bbox 1389 1373 1528 1441; x_wconf 83' lang='lat' dir='ltr'><strong>aeterno</strong></span> <span class='ocrx_word' id='word_1_37' title='bbox 1560 1365 1637 1459; x_wconf 90' lang='lat' dir='ltr'><strong>soli,</strong></span> 
     </span>
     <span class='ocr_line' id='line_1_6' title="bbox 465 1481 1637 1582; baseline 0.002 -26"><span class='ocrx_word' id='word_1_38' title='bbox 465 1487 503 1556; x_wconf 87' lang='lat' dir='ltr'><strong>ct</strong></span> <span class='ocrx_word' id='word_1_39' title='bbox 514 1501 599 1574; x_wconf 80' lang='lat' dir='ltr'><strong>qum</strong></span> <span class='ocrx_word' id='word_1_40' title='bbox 616 1481 697 1575; x_wconf 92' lang='lat' dir='ltr'><strong>plus</strong></span> <span class='ocrx_word' id='word_1_41' title='bbox 715 1481 842 1576; x_wconf 80' lang='lat' dir='ltr'><strong>recipit</strong></span> <span class='ocrx_word' id='word_1_42' title='bbox 858 1481 905 1556; x_wconf 89' lang='lat' dir='ltr'><strong>de</strong></span> <span class='ocrx_word' id='word_1_43' title='bbox 922 1482 1071 1558; x_wconf 90' lang='lat' dir='ltr'><strong>lumine.</strong></span> <span class='ocrx_word' id='word_1_44' title='bbox 1090 1483 1192 1558; x_wconf 82' lang='lat' dir='ltr'><strong>Unde</strong></span> <span class='ocrx_word' id='word_1_45' title='bbox 1206 1483 1243 1557; x_wconf 96' lang='lat' dir='ltr'><strong>in</strong></span> <span class='ocrx_word' id='word_1_46' title='bbox 1257 1484 1469 1582; x_wconf 81' lang='lat' dir='ltr'><strong>Apocalypsi</strong></span> <span class='ocrx_word' id='word_1_47' title='bbox 1483 1485 1637 1560; x_wconf 89' lang='lat' dir='ltr'><strong>dicitur:</strong></span> 
     </span>
     <span class='ocr_line' id='line_1_7' title="bbox 465 1599 1639 1702; baseline 0.005 -28"><span class='ocrx_word' id='word_1_48' title='bbox 465 1600 601 1676; x_wconf 89' lang='lat' dir='ltr'><strong>mulier</strong></span> <span class='ocrx_word' id='word_1_49' title='bbox 616 1599 751 1676; x_wconf 90' lang='lat' dir='ltr'><strong>amicta</strong></span> <span class='ocrx_word' id='word_1_50' title='bbox 770 1602 859 1696; x_wconf 88' lang='lat' dir='ltr'><strong>sole,</strong></span> <span class='ocrx_word' id='word_1_51' title='bbox 877 1609 915 1677; x_wconf 91' lang='lat' dir='ltr'><strong>et</strong></span> <span class='ocrx_word' id='word_1_52' title='bbox 935 1603 1023 1677; x_wconf 92' lang='lat' dir='ltr'><strong>luna</strong></span> <span class='ocrx_word' id='word_1_53' title='bbox 1043 1603 1113 1676; x_wconf 85' lang='lat' dir='ltr'><strong>sub</strong></span> <span class='ocrx_word' id='word_1_54' title='bbox 1129 1603 1283 1698; x_wconf 86' lang='lat' dir='ltr'><strong>pedibus</strong></span> <span class='ocrx_word' id='word_1_55' title='bbox 1301 1604 1391 1699; x_wconf 90' lang='lat' dir='ltr'><strong>eius,</strong></span> <span class='ocrx_word' id='word_1_56' title='bbox 1410 1611 1447 1680; x_wconf 89' lang='lat' dir='ltr'><strong>et</strong></span> <span class='ocrx_word' id='word_1_57' title='bbox 1467 1605 1639 1702; x_wconf 87' lang='lat' dir='ltr'><strong>incapite</strong></span> 
     </span>
     <span class='ocr_line' id='line_1_8' title="bbox 465 1721 1635 1820; baseline 0.002 -22"><span class='ocrx_word' id='word_1_58' title='bbox 465 1721 546 1798; x_wconf 82' lang='lat' dir='ltr'><strong>eius</strong></span> <span class='ocrx_word' id='word_1_59' title='bbox 570 1742 707 1797; x_wconf 88' lang='lat' dir='ltr'><strong>corona</strong></span> <span class='ocrx_word' id='word_1_60' title='bbox 733 1722 923 1797; x_wconf 87' lang='lat' dir='ltr'><strong>stellarum</strong></span> <span class='ocrx_word' id='word_1_61' title='bbox 948 1722 1154 1818; x_wconf 81' lang='lat' dir='ltr'><strong>duodecim,</strong></span> <span class='ocrx_word' id='word_1_62' title='bbox 1172 1727 1222 1796; x_wconf 85' lang='lat' dir='ltr'><strong>mi</strong></span> <span class='ocrx_word' id='word_1_63' title='bbox 1237 1728 1371 1818; x_wconf 83' lang='lat' dir='ltr'><strong>dipinsc</strong></span> <span class='ocrx_word' id='word_1_64' title='bbox 1387 1727 1491 1798; x_wconf 79' lang='lat' dir='ltr'><strong>ambo</strong></span> <span class='ocrx_word' id='word_1_65' title='bbox 1509 1729 1539 1799; x_wconf 81' lang='lat' dir='ltr'><strong>le</strong></span> <span class='ocrx_word' id='word_1_66' title='bbox 1555 1729 1635 1820; x_wconf 78' lang='lat' dir='ltr'><strong>luci,</strong></span> 
     </span>
     <span class='ocr_line' id='line_1_9' title="bbox 465 1842 1636 1941; baseline 0.003 -24"><span class='ocrx_word' id='word_1_67' title='bbox 465 1842 568 1934; x_wconf 77' lang='lat' dir='ltr'><strong>idest,</strong></span> <span class='ocrx_word' id='word_1_68' title='bbox 580 1843 708 1917; x_wconf 90' lang='lat' dir='ltr'><strong>oculos</strong></span> <span class='ocrx_word' id='word_1_69' title='bbox 725 1863 840 1935; x_wconf 88' lang='lat' dir='ltr'><strong>meos,</strong></span> <span class='ocrx_word' id='word_1_70' title='bbox 854 1842 1000 1937; x_wconf 87' lang='lat' dir='ltr'><strong>scilicet,</strong></span> <span class='ocrx_word' id='word_1_71' title='bbox 1014 1843 1241 1918; x_wconf 90' lang='lat' dir='ltr'><strong>intellectum</strong></span> <span class='ocrx_word' id='word_1_72' title='bbox 1264 1852 1301 1918; x_wconf 88' lang='lat' dir='ltr'><strong>et</strong></span> <span class='ocrx_word' id='word_1_73' title='bbox 1322 1844 1514 1940; x_wconf 88' lang='lat' dir='ltr'><strong>rationem,</strong></span> <span class='ocrx_word' id='word_1_74' title='bbox 1532 1847 1636 1941; x_wconf 90' lang='lat' dir='ltr'><strong>quasi</strong></span> 
     </span>
     <span class='ocr_line' id='line_1_10' title="bbox 464 1962 1639 2063; baseline 0.007 -27"><span class='ocrx_word' id='word_1_75' title='bbox 464 1962 580 2037; x_wconf 87' lang='lat' dir='ltr'><strong>dicat:</strong></span> <span class='ocrx_word' id='word_1_76' title='bbox 606 1983 693 2038; x_wconf 90' lang='lat' dir='ltr'><strong>cum</strong></span> <span class='ocrx_word' id='word_1_77' title='bbox 720 1964 815 2039; x_wconf 85' lang='lat' dir='ltr'><strong>bene</strong></span> <span class='ocrx_word' id='word_1_78' title='bbox 841 1970 1002 2038; x_wconf 86' lang='lat' dir='ltr'><strong>notasset</strong></span> <span class='ocrx_word' id='word_1_79' title='bbox 1026 1964 1281 2040; x_wconf 84' lang='lat' dir='ltr'><strong>excellentiam</strong></span> <span class='ocrx_word' id='word_1_80' title='bbox 1313 1965 1572 2063; x_wconf 82' lang='lat' dir='ltr'><strong>magnitudinis</strong></span> <span class='ocrx_word' id='word_1_81' title='bbox 1601 1974 1639 2044; x_wconf 89' lang='lat' dir='ltr'><strong>et</strong></span> 
     </span>
     <span class='ocr_line' id='line_1_11' title="bbox 464 2084 1633 2184; baseline 0.004 -26"><span class='ocrx_word' id='word_1_82' title='bbox 464 2085 554 2160; x_wconf 89' lang='lat' dir='ltr'><strong>lucis</strong></span> <span class='ocrx_word' id='word_1_83' title='bbox 580 2085 675 2158; x_wconf 87' lang='lat' dir='ltr'><strong>illius</strong></span> <span class='ocrx_word' id='word_1_84' title='bbox 701 2085 941 2160; x_wconf 78' lang='lat' dir='ltr'><strong>vivacissimae</strong></span> <span class='ocrx_word' id='word_1_85' title='bbox 967 2085 1100 2179; x_wconf 79' lang='lat' dir='ltr'><strong>stellae3</strong></span> <span class='ocrx_word' id='word_1_86' title='bbox 1126 2092 1163 2160; x_wconf 92' lang='lat' dir='ltr'><strong>ct</strong></span> <span class='ocrx_word' id='word_1_87' title='bbox 1187 2085 1291 2160; x_wconf 90' lang='lat' dir='ltr'><strong>dicit:</strong></span> <span class='ocrx_word' id='word_1_88' title='bbox 1319 2089 1379 2160; x_wconf 79' lang='lat' dir='ltr'><strong>circ</strong></span> <span class='ocrx_word' id='word_1_89' title='bbox 1404 2084 1499 2164; x_wconf 75' lang='lat' dir='ltr'><strong>rasso</strong></span> <span class='ocrx_word' id='word_1_90' title='bbox 1524 2092 1633 2184; x_wconf 78' lang='lat' dir='ltr'><strong>vinco,</strong></span> 
     </span>
     <span class='ocr_line' id='line_1_12' title="bbox 464 2197 1743 2302; baseline 0.004 -23"><span class='ocrx_word' id='word_1_91' title='bbox 464 2206 567 2301; x_wconf 82' lang='lat' dir='ltr'><strong>idest,</strong></span> <span class='ocrx_word' id='word_1_92' title='bbox 593 2227 677 2302; x_wconf 86' lang='lat' dir='ltr'><strong>quae</strong></span> <span class='ocrx_word' id='word_1_93' title='bbox 703 2207 806 2282; x_wconf 90' lang='lat' dir='ltr'><strong>stella</strong></span> <span class='ocrx_word' id='word_1_94' title='bbox 832 2207 954 2282; x_wconf 76' lang='lat' dir='ltr'><strong>Marte</strong></span> <span class='ocrx_word' id='word_1_95' title='bbox 967 2197 1005 2300; x_wconf 61' lang='grc' dir='ltr'><strong>θ)</strong></span> <span class='ocrx_word' id='word_1_96' title='bbox 1033 2214 1184 2302; x_wconf 89' lang='lat' dir='ltr'><strong>superat</strong></span> <span class='ocrx_word' id='word_1_97' title='bbox 1208 2207 1257 2281; x_wconf 85' lang='lat' dir='ltr'><strong>ibi</strong></span> <span class='ocrx_word' id='word_1_98' title='bbox 1289 2227 1418 2283; x_wconf 89' lang='lat' dir='ltr'><strong>omnes</strong></span> <span class='ocrx_word' id='word_1_99' title='bbox 1448 2209 1537 2284; x_wconf 90' lang='lat' dir='ltr'><strong>alios</strong></span> <span class='ocrx_word' id='word_1_100' title='bbox 1566 2209 1639 2284; x_wconf 87' lang='lat' dir='ltr'><strong>lul·</strong></span> <span class='ocrx_word' id='word_1_101' title='bbox 1739 2249 1743 2258; x_wconf 92' lang='lat'><em>·</em></span> 
     </span>
     <span class='ocr_line' id='line_1_13' title="bbox 464 2325 1637 2424; baseline 0.002 -22"><span class='ocrx_word' id='word_1_102' title='bbox 464 2347 574 2424; x_wconf 76' lang='lat' dir='ltr'><strong>gorea</strong></span> <span class='ocrx_word' id='word_1_103' title='bbox 603 2326 760 2402; x_wconf 89' lang='lat' dir='ltr'><strong>aliarum</strong></span> <span class='ocrx_word' id='word_1_104' title='bbox 796 2327 1047 2421; x_wconf 86' lang='lat' dir='ltr'><strong>lucernarum,</strong></span> <span class='ocrx_word' id='word_1_105' title='bbox 1079 2349 1176 2401; x_wconf 88' lang='lat' dir='ltr'><strong>come</strong></span> <span class='ocrx_word' id='word_1_106' title='bbox 1208 2331 1304 2401; x_wconf 81' lang='lat' dir='ltr'><strong>cluse</strong></span> <span class='ocrx_word' id='word_1_107' title='bbox 1336 2325 1501 2422; x_wconf 74' lang='lat' dir='ltr'><strong>puoppid,</strong></span> <span class='ocrx_word' id='word_1_108' title='bbox 1534 2330 1637 2424; x_wconf 81' lang='lat' dir='ltr'><strong>idest,</strong></span> 
     </span>
     <span class='ocr_line' id='line_1_14' title="bbox 464 2447 1636 2544; baseline 0.002 -22"><span class='ocrx_word' id='word_1_109' title='bbox 464 2447 559 2522; x_wconf 89' lang='lat' dir='ltr'><strong>sicut</strong></span> <span class='ocrx_word' id='word_1_110' title='bbox 582 2447 770 2541; x_wconf 88' lang='lat' dir='ltr'><strong>superavit</strong></span> <span class='ocrx_word' id='word_1_111' title='bbox 795 2455 948 2522; x_wconf 86' lang='lat' dir='ltr'><strong>caeteras</strong></span> <span class='ocrx_word' id='word_1_112' title='bbox 971 2448 1147 2523; x_wconf 87' lang='lat' dir='ltr'><strong>mulieres</strong></span> <span class='ocrx_word' id='word_1_113' title='bbox 1172 2448 1209 2522; x_wconf 94' lang='lat' dir='ltr'><strong>in</strong></span> <span class='ocrx_word' id='word_1_114' title='bbox 1236 2456 1354 2543; x_wconf 82' lang='lat' dir='ltr'><strong>terra3</strong></span> <span class='ocrx_word' id='word_1_115' title='bbox 1381 2449 1439 2523; x_wconf 87' lang='lat' dir='ltr'><strong>vel</strong></span> <span class='ocrx_word' id='word_1_116' title='bbox 1464 2450 1522 2524; x_wconf 94' lang='lat' dir='ltr'><strong>dic</strong></span> <span class='ocrx_word' id='word_1_117' title='bbox 1538 2451 1636 2544; x_wconf 89' lang='lat' dir='ltr'><strong>quod</strong></span> 
     </span>
     <span class='ocr_line' id='line_1_15' title="bbox 464 2559 1637 2664; baseline 0.003 -24"><span class='ocrx_word' id='word_1_118' title='bbox 464 2568 533 2641; x_wconf 90' lang='lat' dir='ltr'><strong>ista</strong></span> <span class='ocrx_word' id='word_1_119' title='bbox 557 2574 706 2662; x_wconf 86' lang='lat' dir='ltr'><strong>superat</strong></span> <span class='ocrx_word' id='word_1_120' title='bbox 731 2587 861 2642; x_wconf 88' lang='lat' dir='ltr'><strong>omncs</strong></span> <span class='ocrx_word' id='word_1_121' title='bbox 886 2575 1030 2642; x_wconf 89' lang='lat' dir='ltr'><strong>sanctos</strong></span> <span class='ocrx_word' id='word_1_122' title='bbox 1043 2559 1082 2660; x_wconf 84' lang='lat'><strong>(³)</strong></span> <span class='ocrx_word' id='word_1_123' title='bbox 1108 2568 1144 2640; x_wconf 93' lang='lat' dir='ltr'><strong>in</strong></span> <span class='ocrx_word' id='word_1_124' title='bbox 1170 2569 1265 2642; x_wconf 89' lang='lat' dir='ltr'><strong>coelo</strong></span> <span class='ocrx_word' id='word_1_125' title='bbox 1283 2569 1319 2641; x_wconf 95' lang='lat' dir='ltr'><strong>in</strong></span> <span class='ocrx_word' id='word_1_126' title='bbox 1337 2569 1465 2664; x_wconf 85' lang='lat' dir='ltr'><strong>gloria,</strong></span> <span class='ocrx_word' id='word_1_127' title='bbox 1491 2569 1584 2645; x_wconf 88' lang='lat' dir='ltr'><strong>sicut</strong></span> <span class='ocrx_word' id='word_1_128' title='bbox 1601 2570 1637 2644; x_wconf 94' lang='lat' dir='ltr'><strong>in</strong></span> 
     </span>
     <span class='ocr_line' id='line_1_16' title="bbox 466 2687 1637 2786; baseline 0.003 -25"><span class='ocrx_word' id='word_1_129' title='bbox 466 2688 606 2762; x_wconf 90' lang='lat' dir='ltr'><strong>mundo</strong></span> <span class='ocrx_word' id='word_1_130' title='bbox 631 2687 819 2783; x_wconf 88' lang='lat' dir='ltr'><strong>superavit</strong></span> <span class='ocrx_word' id='word_1_131' title='bbox 844 2708 908 2762; x_wconf 91' lang='lat' dir='ltr'><strong>cos</strong></span> <span class='ocrx_word' id='word_1_132' title='bbox 933 2708 1063 2762; x_wconf 91' lang='lat' dir='ltr'><strong>omncs</strong></span> <span class='ocrx_word' id='word_1_133' title='bbox 1087 2689 1124 2761; x_wconf 94' lang='lat' dir='ltr'><strong>in</strong></span> <span class='ocrx_word' id='word_1_134' title='bbox 1150 2688 1240 2782; x_wconf 90' lang='lat' dir='ltr'><strong>lide;</strong></span> <span class='ocrx_word' id='word_1_135' title='bbox 1272 2695 1309 2764; x_wconf 88' lang='lat' dir='ltr'><strong>et</strong></span> <span class='ocrx_word' id='word_1_136' title='bbox 1340 2695 1499 2784; x_wconf 84' lang='lat' dir='ltr'><strong>utraque</strong></span> <span class='ocrx_word' id='word_1_137' title='bbox 1524 2712 1637 2786; x_wconf 82' lang='lat' dir='ltr'><strong>erpo-</strong></span> 
     </span>
     <span class='ocr_line' id='line_1_17' title="bbox 465 2795 1637 2902; baseline 0.003 -20"><span class='ocrx_word' id='word_1_138' title='bbox 465 2807 548 2882; x_wconf 88' lang='lat' dir='ltr'><strong>sitio</strong></span> <span class='ocrx_word' id='word_1_139' title='bbox 563 2795 598 2900; x_wconf 77' lang='lat'><strong>(⁴)</strong></span> <span class='ocrx_word' id='word_1_140' title='bbox 626 2807 722 2882; x_wconf 90' lang='lat' dir='ltr'><strong>bona</strong></span> <span class='ocrx_word' id='word_1_141' title='bbox 749 2815 814 2901; x_wconf 88' lang='lat' dir='ltr'><strong>est,</strong></span> <span class='ocrx_word' id='word_1_142' title='bbox 841 2807 928 2902; x_wconf 86' lang='lat' dir='ltr'><strong>quia</strong></span> <span class='ocrx_word' id='word_1_143' title='bbox 953 2829 1053 2883; x_wconf 84' lang='lat' dir='ltr'><strong>vera.</strong></span> <span class='ocrx_word' id='word_1_144' title='bbox 1067 2849 1117 2862; x_wconf 98' lang='lat'>-</span> <span class='ocrx_word' id='word_1_145' title='bbox 1134 2813 1346 2902; x_wconf 60' lang='lat' dir='ltr'><strong>mutuoque.</strong></span> <span class='ocrx_word' id='word_1_146' title='bbox 1366 2811 1431 2885; x_wconf 91' lang='lat' dir='ltr'><strong>llic</strong></span> <span class='ocrx_word' id='word_1_147' title='bbox 1447 2819 1555 2886; x_wconf 88' lang='lat' dir='ltr'><strong>autor</strong></span> <span class='ocrx_word' id='word_1_148' title='bbox 1571 2811 1637 2886; x_wconf 90' lang='lat' dir='ltr'><strong>dc·</strong></span> 
     </span>
     <span class='ocr_line' id='line_1_18' title="bbox 464 2927 1632 3025; baseline 0.002 -21"><span class='ocrx_word' id='word_1_149' title='bbox 464 2928 589 3004; x_wconf 84' lang='lat' dir='ltr'><strong>scribit</strong></span> <span class='ocrx_word' id='word_1_150' title='bbox 614 2928 846 3004; x_wconf 91' lang='lat' dir='ltr'><strong>dulcedinem</strong></span> <span class='ocrx_word' id='word_1_151' title='bbox 872 2927 972 3003; x_wconf 84' lang='lat' dir='ltr'><strong>vocis</strong></span> <span class='ocrx_word' id='word_1_152' title='bbox 989 2928 1084 3003; x_wconf 92' lang='lat' dir='ltr'><strong>illius</strong></span> <span class='ocrx_word' id='word_1_153' title='bbox 1100 2928 1220 3024; x_wconf 88' lang='lat' dir='ltr'><strong>angeli</strong></span> <span class='ocrx_word' id='word_1_154' title='bbox 1239 2949 1304 3023; x_wconf 93' lang='lat' dir='ltr'><strong>per</strong></span> <span class='ocrx_word' id='word_1_155' title='bbox 1321 2930 1632 3025; x_wconf 87' lang='lat' dir='ltr'><strong>comparationem</strong></span> 
     </span>
     <span class='ocr_line' id='line_1_19' title="bbox 464 3048 1636 3145; baseline 0 -19"><span class='ocrx_word' id='word_1_156' title='bbox 464 3049 710 3144; x_wconf 89' lang='lat' dir='ltr'><strong>acontrario,</strong></span> <span class='ocrx_word' id='word_1_157' title='bbox 736 3071 820 3144; x_wconf 82' lang='lat' dir='ltr'><strong>quac</strong></span> <span class='ocrx_word' id='word_1_158' title='bbox 853 3055 963 3145; x_wconf 89' lang='lat' dir='ltr'><strong>patet.</strong></span> <span class='ocrx_word' id='word_1_159' title='bbox 996 3048 1089 3124; x_wconf 86' lang='lat' dir='ltr'><strong>Dicit</strong></span> <span class='ocrx_word' id='word_1_160' title='bbox 1118 3070 1228 3145; x_wconf 84' lang='lat' dir='ltr'><strong>ergo:</strong></span> <span class='ocrx_word' id='word_1_161' title='bbox 1260 3053 1462 3142; x_wconf 60' lang='lat' dir='ltr'><strong>malorque</strong></span> <span class='ocrx_word' id='word_1_162' title='bbox 1488 3053 1636 3126; x_wconf 77' lang='lat' dir='ltr'><strong>melodia</strong></span> 
     </span>
     <span class='ocr_line' id='line_1_20' title="bbox 463 3165 1637 3265; baseline 0.001 -20"><span class='ocrx_word' id='word_1_163' title='bbox 463 3191 578 3245; x_wconf 79' lang='lat' dir='ltr'><strong>coorto</strong></span> <span class='ocrx_word' id='word_1_164' title='bbox 599 3165 661 3264; x_wconf 79' lang='lat' dir='ltr'><strong>piri</strong></span> <span class='ocrx_word' id='word_1_165' title='bbox 684 3171 782 3244; x_wconf 86' lang='lat' dir='ltr'><strong>dolce</strong></span> <span class='ocrx_word' id='word_1_166' title='bbox 807 3166 975 3263; x_wconf 65' lang='lat' dir='ltr'><strong>pocomi,</strong></span> <span class='ocrx_word' id='word_1_167' title='bbox 999 3170 1145 3264; x_wconf 83' lang='lat' dir='ltr'><strong>scilicet,</strong></span> <span class='ocrx_word' id='word_1_168' title='bbox 1170 3170 1207 3243; x_wconf 94' lang='lat' dir='ltr'><strong>in</strong></span> <span class='ocrx_word' id='word_1_169' title='bbox 1235 3170 1373 3245; x_wconf 90' lang='lat' dir='ltr'><strong>mundo</strong></span> <span class='ocrx_word' id='word_1_170' title='bbox 1399 3177 1536 3265; x_wconf 84' lang='lat' dir='ltr'><strong>nostro,</strong></span> <span class='ocrx_word' id='word_1_171' title='bbox 1560 3171 1637 3248; x_wconf 84' lang='lat' dir='ltr'><strong>sive</strong></span> 
     </span>
     <span class='ocr_line' id='line_1_21' title="bbox 464 3286 1634 3386; baseline 0.001 -22"><span class='ocrx_word' id='word_1_172' title='bbox 464 3291 510 3364; x_wconf 92' lang='lat' dir='ltr'><strong>sit</strong></span> <span class='ocrx_word' id='word_1_173' title='bbox 535 3291 711 3365; x_wconf 90' lang='lat' dir='ltr'><strong>naturalis</strong></span> <span class='ocrx_word' id='word_1_174' title='bbox 743 3292 821 3366; x_wconf 88' lang='lat' dir='ltr'><strong>sive</strong></span> <span class='ocrx_word' id='word_1_175' title='bbox 852 3289 1059 3383; x_wconf 86' lang='lat' dir='ltr'><strong>artificialis,</strong></span> <span class='ocrx_word' id='word_1_176' title='bbox 1091 3311 1111 3362; x_wconf 88' lang='lat' dir='ltr'><strong>e</strong></span> <span class='ocrx_word' id='word_1_177' title='bbox 1138 3286 1201 3383; x_wconf 81' lang='lat' dir='ltr'><strong>piri</strong></span> <span class='ocrx_word' id='word_1_178' title='bbox 1234 3293 1306 3364; x_wconf 87' lang='lat' dir='ltr'><strong>tiro</strong></span> <span class='ocrx_word' id='word_1_179' title='bbox 1338 3292 1361 3363; x_wconf 77' lang='lat' dir='ltr'><strong>l’</strong></span> <span class='ocrx_word' id='word_1_180' title='bbox 1374 3293 1496 3364; x_wconf 87' lang='lat' dir='ltr'><strong>animo</strong></span> <span class='ocrx_word' id='word_1_181' title='bbox 1528 3313 1551 3363; x_wconf 88' lang='lat' dir='ltr'><strong>n</strong></span> <span class='ocrx_word' id='word_1_182' title='bbox 1584 3288 1634 3386; x_wconf 76' lang='lat' dir='ltr'><strong>ad,</strong></span> 
     </span>
     <span class='ocr_line' id='line_1_22' title="bbox 464 3403 1637 3508; baseline 0.002 -22"><span class='ocrx_word' id='word_1_183' title='bbox 464 3412 552 3507; x_wconf 90' lang='lat' dir='ltr'><strong>quia</strong></span> <span class='ocrx_word' id='word_1_184' title='bbox 567 3403 605 3504; x_wconf 51' lang='grc' dir='ltr'><strong>(ὅ)</strong></span> <span class='ocrx_word' id='word_1_185' title='bbox 622 3412 746 3487; x_wconf 91' lang='lat' dir='ltr'><strong>anima</strong></span> <span class='ocrx_word' id='word_1_186' title='bbox 764 3413 924 3487; x_wconf 90' lang='lat' dir='ltr'><strong>multum</strong></span> <span class='ocrx_word' id='word_1_187' title='bbox 945 3411 1082 3508; x_wconf 87' lang='lat' dir='ltr'><strong>gaudet</strong></span> <span class='ocrx_word' id='word_1_188' title='bbox 1099 3411 1267 3505; x_wconf 85' lang='lat' dir='ltr'><strong>melodia,</strong></span> <span class='ocrx_word' id='word_1_189' title='bbox 1283 3418 1319 3487; x_wconf 90' lang='lat' dir='ltr'><strong>et</strong></span> <span class='ocrx_word' id='word_1_190' title='bbox 1337 3412 1498 3487; x_wconf 82' lang='lat' dir='ltr'><strong>maxime</strong></span> <span class='ocrx_word' id='word_1_191' title='bbox 1515 3413 1637 3488; x_wconf 88' lang='lat' dir='ltr'><strong>anima</strong></span> 
     </span>
     <span class='ocr_line' id='line_1_23' title="bbox 464 3531 1638 3627; baseline -0.001 -20"><span class='ocrx_word' id='word_1_192' title='bbox 464 3532 617 3625; x_wconf 86' lang='lat' dir='ltr'><strong>autoris,</strong></span> <span class='ocrx_word' id='word_1_193' title='bbox 630 3532 725 3606; x_wconf 90' lang='lat' dir='ltr'><strong>sicut</strong></span> <span class='ocrx_word' id='word_1_194' title='bbox 736 3532 874 3607; x_wconf 92' lang='lat' dir='ltr'><strong>dictum</strong></span> <span class='ocrx_word' id='word_1_195' title='bbox 893 3539 949 3606; x_wconf 91' lang='lat' dir='ltr'><strong>est</strong></span> <span class='ocrx_word' id='word_1_196' title='bbox 966 3531 1128 3606; x_wconf 92' lang='lat' dir='ltr'><strong>secundo</strong></span> <span class='ocrx_word' id='word_1_197' title='bbox 1145 3532 1304 3626; x_wconf 88' lang='lat' dir='ltr'><strong>capitulo</strong></span> <span class='ocrx_word' id='word_1_198' title='bbox 1322 3532 1538 3627; x_wconf 85' lang='lat' dir='ltr'><strong>Purgatorii,</strong></span> <span class='ocrx_word' id='word_1_199' title='bbox 1546 3553 1638 3626; x_wconf 82' lang='lat' dir='ltr'><strong>pur·</strong></span> 
     </span>
    </p>
   </div>
   <div class='ocr_carea' id='block_1_3' title="bbox 323 3647 1636 3746">
    <p class='ocr_par' dir='ltr' id='par_1_3' title="bbox 323 3647 1636 3746">
     <span class='ocr_line' id='line_1_24' title="bbox 323 3647 1636 3746; baseline 0.001 -19"><span class='ocrx_word' id='word_1_200' title='bbox 323 3731 327 3738; x_wconf 73' lang='grc'><strong>,</strong></span> <span class='ocrx_word' id='word_1_201' title='bbox 464 3653 677 3727; x_wconf 74' lang='lat' dir='ltr'><strong>reticente</strong></span> <span class='ocrx_word' id='word_1_202' title='bbox 702 3656 992 3744; x_wconf 78' lang='lat' dir='ltr'><strong>clesqnorctoto</strong></span> <span class='ocrx_word' id='word_1_203' title='bbox 1018 3647 1139 3742; x_wconf 76' lang='lat' dir='ltr'><strong>trono,</strong></span> <span class='ocrx_word' id='word_1_204' title='bbox 1156 3652 1243 3746; x_wconf 90' lang='lat' dir='ltr'><strong>quia</strong></span> <span class='ocrx_word' id='word_1_205' title='bbox 1270 3651 1306 3724; x_wconf 96' lang='lat' dir='ltr'><strong>in</strong></span> <span class='ocrx_word' id='word_1_206' title='bbox 1333 3651 1494 3725; x_wconf 92' lang='lat' dir='ltr'><strong>tonitruo</strong></span> <span class='ocrx_word' id='word_1_207' title='bbox 1521 3653 1636 3728; x_wconf 83' lang='lat' dir='ltr'><strong>nubes</strong></span> 
     </span>
    </p>
   </div>
   <div class='ocr_carea' id='block_1_4' title="bbox 464 3770 1637 4353">
    <p class='ocr_par' dir='ltr' id='par_1_4' title="bbox 464 3770 1637 4353">
     <span class='ocr_line' id='line_1_25' title="bbox 464 3770 1636 3871; baseline 0 -23"><span class='ocrx_word' id='word_1_208' title='bbox 464 3774 658 3871; x_wconf 78' lang='lat' dir='ltr'><strong>frangitur,</strong></span> <span class='ocrx_word' id='word_1_209' title='bbox 684 3773 771 3866; x_wconf 85' lang='lat' dir='ltr'><strong>quia</strong></span> <span class='ocrx_word' id='word_1_210' title='bbox 797 3772 890 3869; x_wconf 84' lang='lat' dir='ltr'><strong>ignis</strong></span> <span class='ocrx_word' id='word_1_211' title='bbox 922 3772 1100 3848; x_wconf 85' lang='lat' dir='ltr'><strong>violenter</strong></span> <span class='ocrx_word' id='word_1_212' title='bbox 1130 3771 1304 3867; x_wconf 87' lang='lat' dir='ltr'><strong>erumpit,</strong></span> <span class='ocrx_word' id='word_1_213' title='bbox 1336 3779 1377 3845; x_wconf 94' lang='lat' dir='ltr'><strong>ut</strong></span> <span class='ocrx_word' id='word_1_214' title='bbox 1407 3770 1544 3846; x_wconf 88' lang='lat' dir='ltr'><strong>dictum</strong></span> <span class='ocrx_word' id='word_1_215' title='bbox 1581 3780 1636 3848; x_wconf 86' lang='lat' dir='ltr'><strong>eat</strong></span> 
     </span>
     <span class='ocr_line' id='line_1_26' title="bbox 465 3891 1634 3991; baseline -0.002 -21"><span class='ocrx_word' id='word_1_216' title='bbox 465 3895 588 3991; x_wconf 88' lang='lat' dir='ltr'><strong>paullo</strong></span> <span class='ocrx_word' id='word_1_217' title='bbox 614 3914 726 3988; x_wconf 90' lang='lat' dir='ltr'><strong>supra</strong></span> <span class='ocrx_word' id='word_1_218' title='bbox 753 3913 820 3986; x_wconf 88' lang='lat' dir='ltr'><strong>per</strong></span> <span class='ocrx_word' id='word_1_219' title='bbox 852 3899 1059 3986; x_wconf 89' lang='lat' dir='ltr'><strong>respectum</strong></span> <span class='ocrx_word' id='word_1_220' title='bbox 1084 3891 1130 3967; x_wconf 88' lang='lat' dir='ltr'><strong>ad</strong></span> <span class='ocrx_word' id='word_1_221' title='bbox 1156 3892 1351 3968; x_wconf 88' lang='lat' dir='ltr'><strong>melodiam</strong></span> <span class='ocrx_word' id='word_1_222' title='bbox 1381 3892 1511 3988; x_wconf 84' lang='lat' dir='ltr'><strong>angeli.</strong></span> <span class='ocrx_word' id='word_1_223' title='bbox 1532 3892 1634 3968; x_wconf 85' lang='lat' dir='ltr'><strong>Unde</strong></span> 
     </span>
     <span class='ocr_line' id='line_1_27' title="bbox 464 4012 1634 4109; baseline 0 -19"><span class='ocrx_word' id='word_1_224' title='bbox 464 4015 567 4091; x_wconf 92' lang='lat' dir='ltr'><strong>dicit:</strong></span> <span class='ocrx_word' id='word_1_225' title='bbox 593 4021 815 4108; x_wconf 84' lang='lat' dir='ltr'><strong>comparato,</strong></span> <span class='ocrx_word' id='word_1_226' title='bbox 846 4012 947 4108; x_wconf 82' lang='lat' dir='ltr'><strong>idest,</strong></span> <span class='ocrx_word' id='word_1_227' title='bbox 980 4034 1046 4108; x_wconf 91' lang='lat' dir='ltr'><strong>pcr</strong></span> <span class='ocrx_word' id='word_1_228' title='bbox 1078 4012 1390 4107; x_wconf 88' lang='lat' dir='ltr'><strong>comparationem</strong></span> <span class='ocrx_word' id='word_1_229' title='bbox 1426 4014 1634 4109; x_wconf 85' lang='lat' dir='ltr'><strong>assimilata,</strong></span> 
     </span>
     <span class='ocr_line' id='line_1_28' title="bbox 464 4133 1637 4244; baseline 0 -34"><span class='ocrx_word' id='word_1_230' title='bbox 464 4139 504 4210; x_wconf 88' lang='lat' dir='ltr'><strong>ol</strong></span> <span class='ocrx_word' id='word_1_231' title='bbox 524 4158 636 4210; x_wconf 75' lang='lat' dir='ltr'><strong>conor</strong></span> <span class='ocrx_word' id='word_1_232' title='bbox 660 4141 698 4210; x_wconf 85' lang='lat' dir='ltr'><strong>di</strong></span> <span class='ocrx_word' id='word_1_233' title='bbox 722 4138 837 4227; x_wconf 82' lang='lat' dir='ltr'><strong>quella</strong></span> <span class='ocrx_word' id='word_1_234' title='bbox 861 4137 947 4226; x_wconf 84' lang='lat' dir='ltr'><strong>liro,</strong></span> <span class='ocrx_word' id='word_1_235' title='bbox 968 4134 1070 4226; x_wconf 87' lang='lat' dir='ltr'><strong>idest,</strong></span> <span class='ocrx_word' id='word_1_236' title='bbox 1087 4133 1219 4244; x_wconf 83' lang='lat' dir='ltr'><strong>angeli,</strong></span> <span class='ocrx_word' id='word_1_237' title='bbox 1241 4136 1303 4228; x_wconf 88' lang='lat' dir='ltr'><strong>qui</strong></span> <span class='ocrx_word' id='word_1_238' title='bbox 1331 4143 1386 4210; x_wconf 88' lang='lat' dir='ltr'><strong>est</strong></span> <span class='ocrx_word' id='word_1_239' title='bbox 1403 4135 1541 4210; x_wconf 87' lang='lat' dir='ltr'><strong>cithara</strong></span> <span class='ocrx_word' id='word_1_240' title='bbox 1559 4155 1637 4210; x_wconf 87' lang='lat' dir='ltr'><strong>coe-</strong></span> 
     </span>
     <span class='ocr_line' id='line_1_29' title="bbox 465 4251 1632 4353; baseline -0.002 -21"><span class='ocrx_word' id='word_1_241' title='bbox 465 4259 583 4353; x_wconf 79' lang='lat' dir='ltr'><strong>lestis3</strong></span> <span class='ocrx_word' id='word_1_242' title='bbox 596 4265 646 4334; x_wconf 76' lang='lat' dir='ltr'><strong>‘ct</strong></span> <span class='ocrx_word' id='word_1_243' title='bbox 670 4257 774 4332; x_wconf 90' lang='lat' dir='ltr'><strong>dicit:</strong></span> <span class='ocrx_word' id='word_1_244' title='bbox 801 4258 892 4330; x_wconf 82' lang='lat' dir='ltr'><strong>code</strong></span> <span class='ocrx_word' id='word_1_245' title='bbox 915 4258 948 4329; x_wconf 87' lang='lat' dir='ltr'><strong>si</strong></span> <span class='ocrx_word' id='word_1_246' title='bbox 970 4274 1153 4328; x_wconf 81' lang='lat' dir='ltr'><strong>coronano</strong></span> <span class='ocrx_word' id='word_1_247' title='bbox 1176 4257 1204 4326; x_wconf 83' lang='lat' dir='ltr'><strong>il</strong></span> <span class='ocrx_word' id='word_1_248' title='bbox 1227 4251 1281 4327; x_wconf 82' lang='lat' dir='ltr'><strong>oei</strong></span> <span class='ocrx_word' id='word_1_249' title='bbox 1304 4259 1440 4348; x_wconf 78' lang='lat' dir='ltr'><strong>zoffiro,</strong></span> <span class='ocrx_word' id='word_1_250' title='bbox 1459 4254 1562 4349; x_wconf 85' lang='lat' dir='ltr'><strong>idest,</strong></span> <span class='ocrx_word' id='word_1_251' title='bbox 1587 4276 1632 4330; x_wconf 81' lang='lat' dir='ltr'><strong>ex</strong></span> 
     </span>
    </p>
   </div>
   <div class='ocr_carea' id='block_1_5' title="bbox 463 4374 1635 4715">
    <p class='ocr_par' dir='ltr' id='par_1_5' title="bbox 463 4374 1635 4715">
     <span class='ocr_line' id='line_1_30' title="bbox 464 4374 1634 4475; baseline -0.004 -22"><span class='ocrx_word' id='word_1_252' title='bbox 464 4400 539 4473; x_wconf 87' lang='lat' dir='ltr'><strong>qua</strong></span> <span class='ocrx_word' id='word_1_253' title='bbox 555 4380 634 4475; x_wconf 85' lang='lat' dir='ltr'><strong>lyra</strong></span> <span class='ocrx_word' id='word_1_254' title='bbox 652 4378 868 4473; x_wconf 81' lang='lat' dir='ltr'><strong>cingebatur</strong></span> <span class='ocrx_word' id='word_1_255' title='bbox 885 4377 1012 4471; x_wconf 89' lang='lat' dir='ltr'><strong>pulcra</strong></span> <span class='ocrx_word' id='word_1_256' title='bbox 1026 4375 1137 4450; x_wconf 89' lang='lat' dir='ltr'><strong>llaria</strong></span> <span class='ocrx_word' id='word_1_257' title='bbox 1157 4395 1269 4469; x_wconf 89' lang='lat' dir='ltr'><strong>quam</strong></span> <span class='ocrx_word' id='word_1_258' title='bbox 1289 4381 1395 4451; x_wconf 85' lang='lat' dir='ltr'><strong>vocat</strong></span> <span class='ocrx_word' id='word_1_259' title='bbox 1408 4374 1634 4470; x_wconf 89' lang='lat' dir='ltr'><strong>sapphirum,</strong></span> 
     </span>
     <span class='ocr_line' id='line_1_31' title="bbox 463 4495 1635 4595; baseline -0.005 -21"><span class='ocrx_word' id='word_1_260' title='bbox 463 4500 550 4595; x_wconf 87' lang='lat' dir='ltr'><strong>quia</strong></span> <span class='ocrx_word' id='word_1_261' title='bbox 575 4506 658 4593; x_wconf 78' lang='lat' dir='ltr'><strong>etc,</strong></span> <span class='ocrx_word' id='word_1_262' title='bbox 684 4501 741 4572; x_wconf 79' lang='lat' dir='ltr'><strong>del</strong></span> <span class='ocrx_word' id='word_1_263' title='bbox 763 4501 878 4591; x_wconf 78' lang='lat' dir='ltr'><strong>quote,</strong></span> <span class='ocrx_word' id='word_1_264' title='bbox 904 4496 1052 4589; x_wconf 85' lang='lat' dir='ltr'><strong>scilicet,</strong></span> <span class='ocrx_word' id='word_1_265' title='bbox 1077 4495 1259 4590; x_wconf 87' lang='lat' dir='ltr'><strong>sapphiro,</strong></span> <span class='ocrx_word' id='word_1_266' title='bbox 1285 4497 1312 4568; x_wconf 87' lang='lat' dir='ltr'><strong>il</strong></span> <span class='ocrx_word' id='word_1_267' title='bbox 1335 4498 1399 4568; x_wconf 87' lang='lat' dir='ltr'><strong>ciel</strong></span> <span class='ocrx_word' id='word_1_268' title='bbox 1420 4497 1635 4587; x_wconf 64' lang='lat' dir='ltr'><strong>stinzcffirm</strong></span> 
     </span>
     <span class='ocr_line' id='line_1_32' title="bbox 464 4615 1635 4715; baseline -0.003 -21"><span class='ocrx_word' id='word_1_269' title='bbox 464 4621 566 4715; x_wconf 81' lang='lat' dir='ltr'><strong>idest,</strong></span> <span class='ocrx_word' id='word_1_270' title='bbox 592 4620 841 4715; x_wconf 83' lang='lat' dir='ltr'><strong>ingemmatur</strong></span> <span class='ocrx_word' id='word_1_271' title='bbox 859 4618 918 4693; x_wconf 92' lang='lat' dir='ltr'><strong>vcl</strong></span> <span class='ocrx_word' id='word_1_272' title='bbox 937 4623 1139 4692; x_wconf 81' lang='lat' dir='ltr'><strong>exornatur</strong></span> <span class='ocrx_word' id='word_1_273' title='bbox 1159 4615 1294 4690; x_wconf 88' lang='lat' dir='ltr'><strong>clarius</strong></span> <span class='ocrx_word' id='word_1_274' title='bbox 1317 4637 1428 4709; x_wconf 87' lang='lat' dir='ltr'><strong>quam</strong></span> <span class='ocrx_word' id='word_1_275' title='bbox 1447 4637 1493 4690; x_wconf 84' lang='lat' dir='ltr'><strong>cx</strong></span> <span class='ocrx_word' id='word_1_276' title='bbox 1510 4615 1635 4710; x_wconf 85' lang='lat' dir='ltr'><strong>aliquo</strong></span> 
     </span>
    </p>
   </div>
   <div class='ocr_carea' id='block_1_6' title="bbox 522 4849 1572 5070">
    <p class='ocr_par' dir='ltr' id='par_1_6' title="bbox 522 4849 1572 5070">
     <span class='ocr_line' id='line_1_33' title="bbox 522 4849 1311 4915; baseline -0.001 -13"><span class='ocrx_word' id='word_1_277' title='bbox 522 4851 551 4912; x_wconf 81' lang='lat'><strong>(¹)</strong></span> <span class='ocrx_word' id='word_1_278' title='bbox 567 4852 598 4902; x_wconf 82' lang='grc' dir='ltr'><strong>Ε.</strong></span> <span class='ocrx_word' id='word_1_279' title='bbox 615 4851 727 4915; x_wconf 77' lang='lat' dir='ltr'><strong>Virginis</strong></span> <span class='ocrx_word' id='word_1_280' title='bbox 743 4851 843 4902; x_wconf 69' lang='lat' dir='ltr'><strong>llario.</strong></span> <span class='ocrx_word' id='word_1_281' title='bbox 985 4849 1014 4911; x_wconf 82' lang='lat'><strong>(¹)</strong></span> <span class='ocrx_word' id='word_1_282' title='bbox 1031 4849 1062 4900; x_wconf 87' lang='lat' dir='ltr'><strong>E.</strong></span> <span class='ocrx_word' id='word_1_283' title='bbox 1079 4849 1194 4913; x_wconf 85' lang='lat' dir='ltr'><strong>Virginis</strong></span> <span class='ocrx_word' id='word_1_284' title='bbox 1210 4849 1311 4901; x_wconf 68' lang='lat' dir='ltr'><strong>Mada.</strong></span> 
     </span>
     <span class='ocr_line' id='line_1_34' title="bbox 524 4927 1572 4991; baseline 0.001 -13"><span class='ocrx_word' id='word_1_285' title='bbox 524 4927 552 4989; x_wconf 76' lang='lat'><strong>(¹)</strong></span> <span class='ocrx_word' id='word_1_286' title='bbox 567 4927 599 4978; x_wconf 81' lang='lat' dir='ltr'><strong>ll.</strong></span> <span class='ocrx_word' id='word_1_287' title='bbox 614 4928 710 4980; x_wconf 72' lang='lat' dir='ltr'><strong>rtcdan</strong></span> <span class='ocrx_word' id='word_1_288' title='bbox 987 4932 1015 4989; x_wconf 66' lang='grc' dir='ltr'><strong>(Ἴ</strong></span> <span class='ocrx_word' id='word_1_289' title='bbox 1031 4928 1061 4978; x_wconf 83' lang='lat' dir='ltr'><strong>E.</strong></span> <span class='ocrx_word' id='word_1_290' title='bbox 1077 4928 1203 4991; x_wconf 81' lang='lat' dir='ltr'><strong>expositio</strong></span> <span class='ocrx_word' id='word_1_291' title='bbox 1217 4928 1337 4980; x_wconf 85' lang='lat' dir='ltr'><strong>oonrcnit</strong></span> <span class='ocrx_word' id='word_1_292' title='bbox 1348 4928 1381 4989; x_wconf 84' lang='lat' dir='ltr'><strong>ei,</strong></span> <span class='ocrx_word' id='word_1_293' title='bbox 1397 4931 1425 4978; x_wconf 80' lang='lat' dir='ltr'><strong>et</strong></span> <span class='ocrx_word' id='word_1_294' title='bbox 1441 4928 1509 4979; x_wconf 85' lang='lat' dir='ltr'><strong>bona</strong></span> <span class='ocrx_word' id='word_1_295' title='bbox 1524 4933 1572 4980; x_wconf 75' lang='lat' dir='ltr'><strong>ert.</strong></span> 
     </span>
     <span class='ocr_line' id='line_1_35' title="bbox 525 5004 911 5070; baseline -0.003 -13"><span class='ocrx_word' id='word_1_296' title='bbox 525 5004 554 5068; x_wconf 79' lang='lat'><strong>(¹)</strong></span> <span class='ocrx_word' id='word_1_297' title='bbox 571 5006 602 5056; x_wconf 84' lang='lat' dir='ltr'><strong>E.</strong></span> <span class='ocrx_word' id='word_1_298' title='bbox 618 5019 677 5070; x_wconf 72' lang='lat' dir='ltr'><strong>unc</strong></span> <span class='ocrx_word' id='word_1_299' title='bbox 691 5008 771 5058; x_wconf 79' lang='lat' dir='ltr'><strong>eliam</strong></span> <span class='ocrx_word' id='word_1_300' title='bbox 785 5006 911 5058; x_wconf 85' lang='lat' dir='ltr'><strong>multum.</strong></span> 
     </span>
    </p>
   </div>
   <div class='ocr_carea' id='block_1_7' title="bbox 0 0 2427 6642">
    <p class='ocr_par' dir='ltr' id='par_1_7' title="bbox 0 0 2427 6642">
     <span class='ocr_line' id='line_1_36' title="bbox 0 0 2427 6642; baseline 0 0"><span class='ocrx_word' id='word_1_301' title='bbox 0 0 2427 6642; x_wconf 95' lang='lat' dir='ltr'><strong> </strong></span> 
     </span>
    </p>
   </div>
  </div>
 </body>
</html>
