4842 6642
822 815 895 885 ³⁶8
1216 828 1423 884 muttum
1445 829 1613 883 rrmnrsr

821 975 918 1052 duris
934 976 970 1049 in
989 974 1122 1069 risum,
1134 995 1203 1067 per
1220 976 1325 1049 order
1341 995 1438 1067 coru,
1458 974 1607 1067 scilicet,
1626 994 1760 1069 corpus
1779 994 1917 1069 meum,
1934 976 1996 1049 cie

821 1100 883 1190 qn·
904 1118 979 1171 nun
994 1100 1040 1171 dn
1058 1099 1161 1171 inco?
1177 1095 1221 1171 Et
1238 1094 1300 1169 hie
1314 1102 1400 1169 nutu
1421 1094 1521 1191 quud
1540 1094 1652 1188 aliqui
1674 1102 1815 1189 ponunt
1834 1102 1903 1169 etc.
1923 1094 1995 1171 Sed

824 1218 983 1293 huonon
1001 1216 1146 1292 videtur
1166 1214 1251 1309 quin
1266 1220 1336 1289 etc.
1349 1254 1400 1271 -··
1411 1218 1454 1287 Iu
1467 1222 1580 1289 terrm
1595 1215 1661 1289 iiic
1677 1215 1863 1289 iohannes
1875 1214 1995 1289 muni·

779 1370 783 1377 ·
823 1336 1064 1413 semianimi
1082 1334 1169 1429 quid
1189 1334 1236 1409 sit
1251 1335 1299 1411 dn
1318 1355 1475 1431 corpure
1490 1334 1730 1429 nundinum:
1746 1338 1782 1408 it
1795 1338 1865 1407 mio
1885 1356 1996 1428 corpo

822 1454 963 1533 diurn
982 1458 1021 1531 in
1040 1464 1153 1547 mu,
1168 1454 1275 1549 idest,
1294 1463 1512 1551 corruptum
1538 1461 1576 1531 et
1601 1456 1806 1531 resolutum
1826 1456 1861 1529 in
1882 1461 1994 1550 term,

823 1598 896 1653 nun
912 1576 1156 1673 glorificatum
1176 1576 1213 1650 in
1230 1576 1344 1670 coei03
1363 1582 1400 1650 et
1416 1576 1521 1651 dicit:
1539 1598 1559 1649 e
1582 1579 1721 1667 παρὰ·
1745 1583 1842 1651 tauto
1857 1598 1925 1649 cun
1945 1579 1997 1668 uti

823 1702 921 1790 uitri,
941 1697 1044 1791 idest,
1062 1703 1135 1771 tam
1158 1697 1220 1772 diu
1239 1718 1324 1771 cum
1346 1696 1425 1771 aitis
1450 1697 1667 1793 corporibus
1692 1696 1873 1790 humanis,
1895 1700 1957 1770 cite
1971 1701 1997 1771 ’t

822 1840 967 1893 munero
982 1826 1106 1892 nostro
1118 1820 1418 1910 inundantium,
1430 1817 1533 1911 idest,
1546 1819 1994 1913 compieatursncundum

822 1938 1011 2013 decretum
1026 1938 1208 2031 divinum3
1223 1937 1320 2031 quud
1335 1944 1391 2011 nst
1402 1937 1528 2011 dicere
1543 1938 1721 2031 usquead
1736 1939 1882 2013 finaiem
1896 1939 1996 2015 diem

820 2057 958 2155 iudicii,
984 2057 1132 2152 qunndu
1158 2058 1220 2132 fiet
1246 2057 1474 2132 resurrectiu
1492 2077 1705 2153 corporum,
1725 2078 1810 2153 quae
1831 2067 1887 2135 nst
1908 2066 1996 2135 nota

825 2178 891 2253 soii
916 2179 1003 2253 Duo.
1031 2178 1074 2251 Et
1098 2176 1219 2251 subdit
1244 2176 1345 2271 quod
1370 2183 1513 2252 tantum
1532 2177 1606 2252 duu
1621 2186 1709 2253 sunt
1733 2178 1770 2252 in
1786 2180 1881 2254 coeiu
1907 2199 1996 2255 cum

825 2299 948 2374 anima
963 2306 1000 2373 et
1013 2318 1179 2394 corpure,
1191 2298 1333 2373 dicens:
1351 2301 1382 2371 ie
1398 2300 1470 2371 duo
1485 2300 1553 2371 tuci
1567 2302 1651 2391 sule,
1668 2299 1817 2393 scilicet,
1831 2299 1996 2375 Christus

823 2418 995 2512 etiiuria,
1009 2416 1319 2511 virtututum,
1334 2438 1420 2511 quae
1436 2416 1682 2493 ascenderunt
1697 2419 1745 2494 ud
1758 2420 1894 2493 eoeium
1913 2440 1995 2495 em·

823 2560 980 2643 pyreum
1008 2539 1135 2615 relicto
1160 2538 1325 2615 exercitu
1348 2538 1416 2612 istu
1435 2538 1685 2634 triumphanti,
1702 2539 1799 2613 sicut
1817 2539 1995 2636 scriptum

822 2668 877 2737 est
903 2682 1012 2756 supra
1039 2660 1197 2756 capitulo
1223 2660 1347 2753 xxiii,
1363 2680 1430 2735 rou
1448 2681 1515 2733 con
1531 2662 1649 2735 uun
1668 2664 1768 2753 stote,
1783 2660 1887 2755 idest,
1906 2680 1994 2737 cum

824 2781 957 2877 duplici
988 2788 1101 2876 veste,
1133 2780 1225 2855 idest
1257 2781 1341 2857 iure
1368 2780 1532 2876 corporis
1564 2789 1601 2857 et
1631 2782 1776 2876 animm,
1808 2785 1867 2855 net
1895 2783 1995 2855 teuto

825 2907 992 2995 uniordo,
1016 2902 1118 2997 idest,
1145 2902 1180 2976 in
1207 2902 1384 2997 paradiso.
1409 2903 1454 2976 Et
1479 2901 1628 2977 mandat
1652 2902 1774 2977 autori
1800 2903 1899 2997 quod
1932 2924 1993 2979 re·

822 3024 915 3099 ierat
939 3024 1047 3117 istud,
1072 3024 1217 3099 dicens:
1233 3046 1253 3096 e
1269 3031 1386 3117 questo
1410 3027 1623 3117 uppurturni
1640 3027 1698 3097 net
1713 3032 1832 3098 norim
1850 3028 1996 3117 mondo,

822 3162 873 3219 ne
895 3143 1030 3219 scilicet
1055 3144 1138 3237 quis
1154 3137 1190 3236 (¹)
1218 3143 1352 3219 hubent
1370 3164 1502 3219 vanam
1520 3144 1775 3219 credulitatem
1792 3145 1892 3241 quud
1912 3166 1994 3221 uur-

824 3286 895 3361 μσς
930 3284 1056 3340 meum
1095 3265 1141 3341 sit
1179 3265 1217 3339 in
1254 3267 1362 3341 coeio.
1388 3272 1487 3340 -A
1514 3272 1648 3357 quesn
1683 3265 1749 3341 Hic
1784 3273 1897 3342 autur
1928 3267 1994 3345 de-

824 3384 949 3459 scrinit
974 3384 1146 3459 etinctum
1174 3385 1376 3460 verborum
1402 3384 1576 3459 Juhannis
1605 3406 1674 3481 per
1702 3407 1815 3461 unam
1844 3407 1994 3483 compa-

826 3504 1004 3579 rutionem
1031 3505 1195 3601 pulcram
1223 3512 1260 3579 et
1284 3505 1491 3601 proprium:
1517 3506 1742 3581 utbreviter
1772 3506 1993 3601 dicitquod

824 3624 885 3700 iiia
900 3625 1089 3700 circulatio
1108 3625 1219 3699 trium
1238 3626 1488 3721 apostolorum
1507 3626 1667 3721 quietata
1694 3626 1761 3701 init
1778 3627 1816 3699 iu
1831 3634 1943 3701 cantu
1956 3619 1995 3727 (²)

822 3743 1002 3819 trinitatis.
1020 3745 1112 3819 Dicit
1128 3766 1239 3842 ergo:
1262 3749 1300 3819 ι’
1313 3748 1531 3840 inflammato
1545 3750 1641 3840 uiro,
1662 3746 1765 3841 idest,
1782 3746 1895 3843 ignita
1913 3755 1993 3823 ruta

821 3864 1028 3940 ardentium
1061 3866 1323 3962 apostulorum,
1356 3870 1392 3941 ri
1416 3860 1529 3959 quietd
1560 3888 1585 3940 u
1614 3875 1734 3960 questu
1762 3888 1858 3962 nure,
1892 3867 1993 3963 idoet,

822 3985 868 4060 ad
894 3986 1065 4060 ultimum
1092 3988 1249 4077 verbum
1276 3988 1469 4083 Juhannis3
1495 3996 1534 4063 et
1557 3988 1660 4063 dicit:
1678 4010 1746 4063 con
1763 4009 1839 4062 esso
1854 3993 1994 4065 itdutcn

824 4109 978 4201 miscdiu,
1007 4108 1110 4203 idest,
1136 4129 1221 4184 cum
1249 4117 1358 4184 cantu
1387 4110 1502 4185 mixtu
1527 4130 1673 4203 nurum,
1697 4112 1757 4183 cie
1773 4114 1806 4183 si
1817 4116 1922 4206 suren
1938 4116 1996 4187 uei

821 4247 911 4301 tiron
935 4231 993 4303 det
1017 4231 1110 4302 trino
1129 4232 1241 4323 spiro,
1259 4229 1361 4323 idmt,
1379 4230 1637 4325 praedictnrum
1664 4229 1776 4303 trium
1798 4230 1992 4326 spirituum

824 4346 933 4441 Petri,
959 4348 1082 4424 iacobi
1109 4356 1146 4425 et
1170 4350 1354 4425 Iohannis.
1381 4352 1425 4425 Et
1450 4350 1572 4425 subdit
1596 4351 1906 4447 comparationem
1937 4353 1993 4427 dr-

823 4487 969 4560 cmna
1000 4461 1173 4562 similist
1205 4491 1302 4543 come
1331 4474 1345 4543 i
1375 4472 1468 4545 remi
1495 4474 1582 4564 pn'u
1614 4474 1813 4565 ήρσοοεειῖ,
1847 4472 1993 4565 scilicet,

825 4609 847 4661 n
874 4588 1138 4685 navigantibus,
1165 4593 1371 4683 retiacum
1394 4593 1426 4663 ri
1446 4611 1586 4685 potuim
1610 4594 1686 4665 tutti
1703 4595 1743 4666 ut
1765 4612 1878 4665 snnur
1897 4595 1932 4667 d'
1945 4614 1993 4667 uu

820 4708 953 4799 fluctio,
978 4708 1081 4801 idest,
1106 4709 1153 4784 ad
1178 4730 1309 4784 sunum
1338 4710 1447 4784 unius
1472 4710 1575 4807 situi,
1598 4732 1665 4804 per
1688 4732 1809 4787 cessar
1836 4716 1994 4807 tutuno

884 4971 912 5033 (¹)
927 4970 958 5021 li.
974 4972 1109 5036 quisquam
1127 4972 1229 5025 hrbut.
1462 4970 1492 5037 (‘)
1508 4975 1539 5027 it.
1555 4976 1583 5025 in
1598 4981 1713 5027 mum.
