<?xml version="1.0" encoding="UTF-8"?>
<!DOCTYPE html PUBLIC "-//W3C//DTD XHTML 1.0 Transitional//EN"
    "http://www.w3.org/TR/xhtml1/DTD/xhtml1-transitional.dtd">
<html xmlns="http://www.w3.org/1999/xhtml" xml:lang="en" lang="en">
 <head>
  <title>
</title>
<meta http-equiv="Content-Type" content="text/html;charset=utf-8" />
  <meta name='ocr-system' content='tesseract 3.04.00' />
  <meta name='ocr-capabilities' content='ocr_page ocr_carea ocr_par ocr_line ocrx_word'/>
</head>
<body>
  <div class='ocr_page' id='page_1' title='image "./comentumsuperda02benvgoog_0142.png"; bbox 0 0 4842 6642; ppageno 0'>
   <div class='ocr_carea' id='block_1_1' title="bbox 989 737 1775 808">
    <p class='ocr_par' dir='ltr' id='par_1_1' title="bbox 989 737 1775 808">
     <span class='ocr_line' id='line_1_1' title="bbox 989 737 1775 808; baseline -0.009 -1"><span class='ocrx_word' id='word_1_1' title='bbox 989 737 1062 808; x_wconf 83' lang='grc'>130.</span> <span class='ocrx_word' id='word_1_2' title='bbox 1378 746 1583 803; x_wconf 80' lang='lat' dir='ltr'><strong>couuururr</strong></span> <span class='ocrx_word' id='word_1_3' title='bbox 1607 747 1775 802; x_wconf 76' lang='lat' dir='ltr'><strong>raraursr</strong></span> 
     </span>
    </p>
   </div>
   <div class='ocr_carea' id='block_1_2' title="bbox 986 894 2176 4723">
    <p class='ocr_par' dir='ltr' id='par_1_2' title="bbox 986 894 2176 4723">
     <span class='ocr_line' id='line_1_2' title="bbox 987 894 2159 988; baseline -0.004 -15"><span class='ocrx_word' id='word_1_4' title='bbox 987 897 1133 988; x_wconf 87' lang='lat' dir='ltr'><strong>tativus,</strong></span> <span class='ocrx_word' id='word_1_5' title='bbox 1159 898 1220 970; x_wconf 78' lang='lat' dir='ltr'><strong>cle</strong></span> <span class='ocrx_word' id='word_1_6' title='bbox 1244 897 1463 968; x_wconf 64' lang='lat' dir='ltr'><strong>mmm</strong></span> <span class='ocrx_word' id='word_1_7' title='bbox 1485 897 1598 986; x_wconf 70' lang='lat' dir='ltr'><strong>apua,</strong></span> <span class='ocrx_word' id='word_1_8' title='bbox 1624 894 1710 988; x_wconf 88' lang='lat' dir='ltr'><strong>quia</strong></span> <span class='ocrx_word' id='word_1_9' title='bbox 1736 913 1883 988; x_wconf 83' lang='lat' dir='ltr'>semper</span> <span class='ocrx_word' id='word_1_10' title='bbox 1909 899 2009 968; x_wconf 88' lang='lat' dir='ltr'><strong>recte</strong></span> <span class='ocrx_word' id='word_1_11' title='bbox 2029 911 2159 987; x_wconf 88' lang='lat' dir='ltr'><strong>prooe-</strong></span> 
     </span>
     <span class='ocr_line' id='line_1_3' title="bbox 986 1006 2161 1111; baseline -0.003 -19"><span class='ocrx_word' id='word_1_12' title='bbox 986 1019 1048 1111; x_wconf 83' lang='lat' dir='ltr'><strong>dit,</strong></span> <span class='ocrx_word' id='word_1_13' title='bbox 1075 1039 1170 1091; x_wconf 87' lang='lat' dir='ltr'><strong>come</strong></span> <span class='ocrx_word' id='word_1_14' title='bbox 1195 1006 1346 1110; x_wconf 78' lang='lat' dir='ltr'><strong>cupidttd</strong></span> <span class='ocrx_word' id='word_1_15' title='bbox 1369 1020 1424 1110; x_wconf 82' lang='lat' dir='ltr'><strong>sa,</strong></span> <span class='ocrx_word' id='word_1_16' title='bbox 1449 1016 1543 1090; x_wconf 89' lang='lat' dir='ltr'><strong>sicut</strong></span> <span class='ocrx_word' id='word_1_17' title='bbox 1567 1015 1679 1090; x_wconf 83' lang='lat' dir='ltr'><strong>salsus</strong></span> <span class='ocrx_word' id='word_1_18' title='bbox 1702 1034 1810 1089; x_wconf 88' lang='lat' dir='ltr'><strong>amor</strong></span> <span class='ocrx_word' id='word_1_19' title='bbox 1835 1013 2044 1108; x_wconf 67' lang='lat' dir='ltr'><strong>liquidatun</strong></span> <span class='ocrx_word' id='word_1_20' title='bbox 2067 1015 2161 1088; x_wconf 73' lang='lat' dir='ltr'><strong>netto</strong></span> 
     </span>
     <span class='ocr_line' id='line_1_4' title="bbox 986 1135 2161 1232; baseline -0.005 -19"><span class='ocrx_word' id='word_1_21' title='bbox 986 1143 1121 1232; x_wconf 74' lang='lat' dir='ltr'><strong>itaqua,</strong></span> <span class='ocrx_word' id='word_1_22' title='bbox 1148 1137 1294 1230; x_wconf 84' lang='lat' dir='ltr'><strong>scilicet,</strong></span> <span class='ocrx_word' id='word_1_23' title='bbox 1321 1136 1510 1211; x_wconf 85' lang='lat' dir='ltr'><strong>voluntate</strong></span> <span class='ocrx_word' id='word_1_24' title='bbox 1535 1135 1724 1230; x_wconf 85' lang='lat' dir='ltr'><strong>indirecta,</strong></span> <span class='ocrx_word' id='word_1_25' title='bbox 1740 1155 1827 1230; x_wconf 79' lang='lat' dir='ltr'><strong>pose</strong></span> <span class='ocrx_word' id='word_1_26' title='bbox 1845 1137 1990 1210; x_wconf 65' lang='lat' dir='ltr'><strong>cibario</strong></span> <span class='ocrx_word' id='word_1_27' title='bbox 2006 1153 2032 1208; x_wconf 83' lang='lat' dir='ltr'><strong>o</strong></span> <span class='ocrx_word' id='word_1_28' title='bbox 2046 1137 2161 1228; x_wconf 65' lang='lat' dir='ltr'><strong>weilo</strong></span> 
     </span>
     <span class='ocr_line' id='line_1_5' title="bbox 988 1255 2159 1352; baseline -0.007 -16"><span class='ocrx_word' id='word_1_29' title='bbox 988 1265 1085 1336; x_wconf 85' lang='lat' dir='ltr'><strong>dolce</strong></span> <span class='ocrx_word' id='word_1_30' title='bbox 1110 1263 1194 1352; x_wconf 85' lang='lat' dir='ltr'><strong>ltro,</strong></span> <span class='ocrx_word' id='word_1_31' title='bbox 1214 1259 1318 1352; x_wconf 83' lang='lat' dir='ltr'><strong>idest,</strong></span> <span class='ocrx_word' id='word_1_32' title='bbox 1342 1257 1392 1332; x_wconf 92' lang='lat' dir='ltr'><strong>iili</strong></span> <span class='ocrx_word' id='word_1_33' title='bbox 1417 1257 1542 1332; x_wconf 86' lang='lat' dir='ltr'><strong>cantui</strong></span> <span class='ocrx_word' id='word_1_34' title='bbox 1560 1255 1770 1332; x_wconf 87' lang='lat' dir='ltr'><strong>dulcissimo</strong></span> <span class='ocrx_word' id='word_1_35' title='bbox 1787 1255 1933 1332; x_wconf 90' lang='lat' dir='ltr'><strong>illarum</strong></span> <span class='ocrx_word' id='word_1_36' title='bbox 1950 1255 2159 1329; x_wconf 88' lang='lat' dir='ltr'><strong>animarum</strong></span> 
     </span>
     <span class='ocr_line' id='line_1_6' title="bbox 991 1373 2160 1477; baseline -0.007 -20"><span class='ocrx_word' id='word_1_37' title='bbox 991 1402 1075 1477; x_wconf 85' lang='lat' dir='ltr'><strong>quae</strong></span> <span class='ocrx_word' id='word_1_38' title='bbox 1091 1373 1128 1473; x_wconf 63' lang='grc' dir='ltr'><strong>ξ’)</strong></span> <span class='ocrx_word' id='word_1_39' title='bbox 1153 1378 1425 1454; x_wconf 81' lang='lat' dir='ltr'>concordabant</span> <span class='ocrx_word' id='word_1_40' title='bbox 1450 1377 1485 1449; x_wconf 88' lang='lat' dir='ltr'><strong>in</strong></span> <span class='ocrx_word' id='word_1_41' title='bbox 1511 1384 1622 1450; x_wconf 88' lang='lat' dir='ltr'><strong>cantu</strong></span> <span class='ocrx_word' id='word_1_42' title='bbox 1649 1375 1742 1450; x_wconf 90' lang='lat' dir='ltr'><strong>sicut</strong></span> <span class='ocrx_word' id='word_1_43' title='bbox 1767 1375 1914 1450; x_wconf 76' lang='lat' dir='ltr'><strong>chorda</strong></span> <span class='ocrx_word' id='word_1_44' title='bbox 1939 1376 1977 1448; x_wconf 88' lang='lat' dir='ltr'><strong>in</strong></span> <span class='ocrx_word' id='word_1_45' title='bbox 2002 1377 2093 1471; x_wconf 76' lang='lat' dir='ltr'><strong>lyra,</strong></span> <span class='ocrx_word' id='word_1_46' title='bbox 2119 1384 2160 1450; x_wconf 92' lang='lat' dir='ltr'><strong>ut</strong></span> 
     </span>
     <span class='ocr_line' id='line_1_7' title="bbox 986 1495 2160 1622; baseline -0.01 -44"><span class='ocrx_word' id='word_1_47' title='bbox 986 1505 1063 1600; x_wconf 87' lang='lat' dir='ltr'><strong>jam</strong></span> <span class='ocrx_word' id='word_1_48' title='bbox 1091 1507 1306 1622; x_wconf 66' lang='lat' dir='ltr'><strong>praetactum</strong></span> <span class='ocrx_word' id='word_1_49' title='bbox 1333 1497 1449 1574; x_wconf 89' lang='lat' dir='ltr'><strong>estin</strong></span> <span class='ocrx_word' id='word_1_50' title='bbox 1476 1496 1694 1592; x_wconf 68' lang='lat' dir='ltr'><strong>praecedeuti</strong></span> <span class='ocrx_word' id='word_1_51' title='bbox 1720 1496 1890 1590; x_wconf 87' lang='lat' dir='ltr'><strong>capitulo.</strong></span> <span class='ocrx_word' id='word_1_52' title='bbox 1922 1495 2025 1570; x_wconf 90' lang='lat' dir='ltr'><strong>Unde</strong></span> <span class='ocrx_word' id='word_1_53' title='bbox 2055 1495 2160 1572; x_wconf 87' lang='lat' dir='ltr'><strong>dicit:</strong></span> 
     </span>
     <span class='ocr_line' id='line_1_8' title="bbox 991 1616 2161 1717; baseline -0.005 -21"><span class='ocrx_word' id='word_1_54' title='bbox 991 1646 1009 1696; x_wconf 90' lang='lat' dir='ltr'><strong>c</strong></span> <span class='ocrx_word' id='word_1_55' title='bbox 1030 1627 1104 1717; x_wconf 74' lang='lat' dir='ltr'><strong>fece</strong></span> <span class='ocrx_word' id='word_1_56' title='bbox 1129 1623 1265 1713; x_wconf 60' lang='lat' dir='ltr'><strong>noller</strong></span> <span class='ocrx_word' id='word_1_57' title='bbox 1288 1623 1320 1694; x_wconf 81' lang='lat' dir='ltr'><strong>ie</strong></span> <span class='ocrx_word' id='word_1_58' title='bbox 1343 1627 1443 1692; x_wconf 70' lang='lat' dir='ltr'><strong>sotto</strong></span> <span class='ocrx_word' id='word_1_59' title='bbox 1466 1620 1586 1704; x_wconf 77' lang='lat' dir='ltr'><strong>corde,</strong></span> <span class='ocrx_word' id='word_1_60' title='bbox 1602 1616 1708 1695; x_wconf 79' lang='lat' dir='ltr'><strong>dicte</strong></span> <span class='ocrx_word' id='word_1_61' title='bbox 1733 1616 1834 1711; x_wconf 77' lang='lat' dir='ltr'><strong>lyra,</strong></span> <span class='ocrx_word' id='word_1_62' title='bbox 1850 1618 1922 1707; x_wconf 78' lang='lat' dir='ltr'><strong>cle,</strong></span> <span class='ocrx_word' id='word_1_63' title='bbox 1940 1616 2044 1709; x_wconf 81' lang='lat' dir='ltr'><strong>idest,</strong></span> <span class='ocrx_word' id='word_1_64' title='bbox 2056 1637 2161 1709; x_wconf 74' lang='lat' dir='ltr'><strong>ortas,</strong></span> 
     </span>
     <span class='ocr_line' id='line_1_9' title="bbox 991 1736 2165 1832; baseline -0.003 -16"><span class='ocrx_word' id='word_1_65' title='bbox 991 1747 1028 1816; x_wconf 86' lang='lat' dir='ltr'><strong>tu</strong></span> <span class='ocrx_word' id='word_1_66' title='bbox 1052 1745 1171 1816; x_wconf 84' lang='lat' dir='ltr'><strong>destra</strong></span> <span class='ocrx_word' id='word_1_67' title='bbox 1196 1743 1255 1815; x_wconf 88' lang='lat' dir='ltr'><strong>dcl</strong></span> <span class='ocrx_word' id='word_1_68' title='bbox 1276 1742 1352 1832; x_wconf 76' lang='lat' dir='ltr'><strong>ciet,</strong></span> <span class='ocrx_word' id='word_1_69' title='bbox 1372 1738 1474 1831; x_wconf 78' lang='lat' dir='ltr'><strong>tuest,</strong></span> <span class='ocrx_word' id='word_1_70' title='bbox 1493 1757 1627 1812; x_wconf 82' lang='lat' dir='ltr'><strong>manua</strong></span> <span class='ocrx_word' id='word_1_71' title='bbox 1649 1736 1727 1829; x_wconf 79' lang='lat' dir='ltr'><strong>oct,</strong></span> <span class='ocrx_word' id='word_1_72' title='bbox 1753 1739 1883 1810; x_wconf 71' lang='lat' dir='ltr'><strong>ducta</strong></span> <span class='ocrx_word' id='word_1_73' title='bbox 1905 1760 1925 1810; x_wconf 83' lang='lat' dir='ltr'><strong>c</strong></span> <span class='ocrx_word' id='word_1_74' title='bbox 1949 1739 2033 1828; x_wconf 77' lang='lat' dir='ltr'><strong>toa,</strong></span> <span class='ocrx_word' id='word_1_75' title='bbox 2057 1736 2165 1829; x_wconf 72' lang='lat' dir='ltr'><strong>idest,</strong></span> 
     </span>
     <span class='ocr_line' id='line_1_10' title="bbox 995 1856 2160 1955; baseline 0 -19"><span class='ocrx_word' id='word_1_76' title='bbox 995 1862 1155 1955; x_wconf 74' lang='lat' dir='ltr'><strong>remittit,</strong></span> <span class='ocrx_word' id='word_1_77' title='bbox 1174 1869 1213 1936; x_wconf 89' lang='lat' dir='ltr'><strong>et</strong></span> <span class='ocrx_word' id='word_1_78' title='bbox 1233 1866 1369 1952; x_wconf 84' lang='lat' dir='ltr'><strong>moret,</strong></span> <span class='ocrx_word' id='word_1_79' title='bbox 1393 1857 1596 1934; x_wconf 88' lang='lat' dir='ltr'><strong>seeundum</strong></span> <span class='ocrx_word' id='word_1_80' title='bbox 1623 1856 1722 1950; x_wconf 88' lang='lat' dir='ltr'><strong>quod</strong></span> <span class='ocrx_word' id='word_1_81' title='bbox 1739 1857 1807 1930; x_wconf 87' lang='lat' dir='ltr'><strong>sibi</strong></span> <span class='ocrx_word' id='word_1_82' title='bbox 1824 1857 1953 1952; x_wconf 84' lang='lat' dir='ltr'><strong>placet,</strong></span> <span class='ocrx_word' id='word_1_83' title='bbox 1971 1863 2160 1952; x_wconf 67' lang='lat' dir='ltr'><strong>nmquam</strong></span> 
     </span>
     <span class='ocr_line' id='line_1_11' title="bbox 991 1978 2163 2079; baseline 0 -21"><span class='ocrx_word' id='word_1_84' title='bbox 991 1983 1151 2079; x_wconf 83' lang='lat' dir='ltr'><strong>optimus</strong></span> <span class='ocrx_word' id='word_1_85' title='bbox 1169 1981 1366 2074; x_wconf 79' lang='lat' dir='ltr'><strong>citharista,</strong></span> <span class='ocrx_word' id='word_1_86' title='bbox 1379 1979 1444 2074; x_wconf 84' lang='lat' dir='ltr'><strong>qui</strong></span> <span class='ocrx_word' id='word_1_87' title='bbox 1457 1997 1604 2074; x_wconf 82' lang='lat' dir='ltr'><strong>semper</strong></span> <span class='ocrx_word' id='word_1_88' title='bbox 1618 1978 1713 2056; x_wconf 89' lang='lat' dir='ltr'><strong>bene</strong></span> <span class='ocrx_word' id='word_1_89' title='bbox 1726 1983 1906 2072; x_wconf 76' lang='lat' dir='ltr'><strong>temperat</strong></span> <span class='ocrx_word' id='word_1_90' title='bbox 1918 1978 2163 2072; x_wconf 59' lang='lat' dir='ltr'><strong>chormaeu</strong></span> 
     </span>
     <span class='ocr_line' id='line_1_12' title="bbox 995 2091 2166 2197; baseline -0.002 -19"><span class='ocrx_word' id='word_1_91' title='bbox 995 2125 1159 2197; x_wconf 88' lang='lat' dir='ltr'><strong>unquam</strong></span> <span class='ocrx_word' id='word_1_92' title='bbox 1195 2103 1357 2195; x_wconf 88' lang='lat' dir='ltr'><strong>oberrat,</strong></span> <span class='ocrx_word' id='word_1_93' title='bbox 1387 2100 1482 2174; x_wconf 87' lang='lat' dir='ltr'><strong>sicut</strong></span> <span class='ocrx_word' id='word_1_94' title='bbox 1511 2118 1609 2192; x_wconf 79' lang='lat' dir='ltr'><strong>saepe</strong></span> <span class='ocrx_word' id='word_1_95' title='bbox 1638 2098 1835 2173; x_wconf 73' lang='lat' dir='ltr'><strong>citharistae</strong></span> <span class='ocrx_word' id='word_1_96' title='bbox 1865 2100 2038 2176; x_wconf 73' lang='lat' dir='ltr'><strong>mortales</strong></span> <span class='ocrx_word' id='word_1_97' title='bbox 2051 2091 2166 2192; x_wconf 59' lang='lat' dir='ltr'><strong>(l.-</strong></span> 
     </span>
     <span class='ocr_line' id='line_1_13' title="bbox 999 2217 2167 2312; baseline 0 -14"><span class='ocrx_word' id='word_1_98' title='bbox 999 2229 1111 2298; x_wconf 81' lang='lat' dir='ltr'><strong>Gomc.</strong></span> <span class='ocrx_word' id='word_1_99' title='bbox 1137 2224 1203 2298; x_wconf 89' lang='lat' dir='ltr'><strong>Hic</strong></span> <span class='ocrx_word' id='word_1_100' title='bbox 1228 2229 1338 2296; x_wconf 88' lang='lat' dir='ltr'><strong>autor</strong></span> <span class='ocrx_word' id='word_1_101' title='bbox 1362 2240 1411 2296; x_wconf 77' lang='lat' dir='ltr'><strong>ex</strong></span> <span class='ocrx_word' id='word_1_102' title='bbox 1434 2218 1538 2294; x_wconf 68' lang='lat' dir='ltr'><strong>dicus</strong></span> <span class='ocrx_word' id='word_1_103' title='bbox 1561 2217 1719 2294; x_wconf 84' lang='lat' dir='ltr'><strong>ostendit</strong></span> <span class='ocrx_word' id='word_1_104' title='bbox 1737 2217 1836 2312; x_wconf 80' lang='lat' dir='ltr'><strong>quod</strong></span> <span class='ocrx_word' id='word_1_105' title='bbox 1853 2219 1924 2296; x_wconf 81' lang='lat' dir='ltr'><strong>iuae</strong></span> <span class='ocrx_word' id='word_1_106' title='bbox 1940 2218 2073 2297; x_wconf 78' lang='lat' dir='ltr'><strong>animur</strong></span> <span class='ocrx_word' id='word_1_107' title='bbox 2093 2241 2167 2298; x_wconf 78' lang='lat' dir='ltr'><strong>non</strong></span> 
     </span>
     <span class='ocr_line' id='line_1_14' title="bbox 996 2339 2166 2439; baseline -0.005 -21"><span class='ocrx_word' id='word_1_108' title='bbox 996 2351 1141 2439; x_wconf 86' lang='lat' dir='ltr'><strong>possent</strong></span> <span class='ocrx_word' id='word_1_109' title='bbox 1166 2343 1353 2437; x_wconf 80' lang='lat' dir='ltr'><strong>denegare</strong></span> <span class='ocrx_word' id='word_1_110' title='bbox 1372 2341 1474 2435; x_wconf 83' lang='lat' dir='ltr'><strong>juste</strong></span> <span class='ocrx_word' id='word_1_111' title='bbox 1499 2339 1744 2434; x_wconf 76' lang='lat' dir='ltr'><strong>preeuntibus,</strong></span> <span class='ocrx_word' id='word_1_112' title='bbox 1770 2359 1931 2433; x_wconf 85' lang='lat' dir='ltr'><strong>quorum</strong></span> <span class='ocrx_word' id='word_1_113' title='bbox 1959 2340 2082 2434; x_wconf 80' lang='lat' dir='ltr'><strong>petitio</strong></span> <span class='ocrx_word' id='word_1_114' title='bbox 2111 2349 2166 2415; x_wconf 87' lang='lat' dir='ltr'><strong>est</strong></span> 
     </span>
     <span class='ocr_line' id='line_1_15' title="bbox 994 2459 2168 2556; baseline -0.003 -16"><span class='ocrx_word' id='word_1_115' title='bbox 994 2463 1220 2540; x_wconf 78' lang='lat' dir='ltr'><strong>exaudibilis.</strong></span> <span class='ocrx_word' id='word_1_116' title='bbox 1235 2462 1338 2538; x_wconf 86' lang='lat' dir='ltr'><strong>Unde</strong></span> <span class='ocrx_word' id='word_1_117' title='bbox 1353 2461 1439 2536; x_wconf 86' lang='lat' dir='ltr'><strong>dicit</strong></span> <span class='ocrx_word' id='word_1_118' title='bbox 1464 2481 1530 2555; x_wconf 78' lang='lat' dir='ltr'><strong>per</strong></span> <span class='ocrx_word' id='word_1_119' title='bbox 1557 2459 1708 2536; x_wconf 60' lang='lat' dir='ltr'><strong>romum</strong></span> <span class='ocrx_word' id='word_1_120' title='bbox 1726 2460 2036 2556; x_wconf 77' lang='lat' dir='ltr'><strong>interrogationis:</strong></span> <span class='ocrx_word' id='word_1_121' title='bbox 2054 2467 2168 2551; x_wconf 72' lang='lat' dir='ltr'><strong>odada</strong></span> 
     </span>
     <span class='ocr_line' id='line_1_16' title="bbox 994 2581 2165 2675; baseline -0.001 -15"><span class='ocrx_word' id='word_1_122' title='bbox 994 2586 1182 2674; x_wconf 64' lang='lat' dir='ltr'><strong>sumozio,</strong></span> <span class='ocrx_word' id='word_1_123' title='bbox 1196 2581 1490 2674; x_wconf 63' lang='lat' dir='ltr'><strong>scilicetanimae</strong></span> <span class='ocrx_word' id='word_1_124' title='bbox 1503 2581 1740 2673; x_wconf 57' lang='lat' dir='ltr'><strong>beatecome</strong></span> <span class='ocrx_word' id='word_1_125' title='bbox 1750 2600 1912 2656; x_wconf 70' lang='lat' dir='ltr'><strong>wrmtao</strong></span> <span class='ocrx_word' id='word_1_126' title='bbox 1927 2585 2049 2675; x_wconf 81' lang='lat' dir='ltr'><strong>sorde,</strong></span> <span class='ocrx_word' id='word_1_127' title='bbox 2063 2582 2165 2674; x_wconf 68' lang='lat' dir='ltr'><strong>idest,</strong></span> 
     </span>
     <span class='ocr_line' id='line_1_17' title="bbox 996 2701 2165 2798; baseline -0.003 -20"><span class='ocrx_word' id='word_1_128' title='bbox 996 2703 1182 2798; x_wconf 89' lang='lat' dir='ltr'><strong>quomodo</strong></span> <span class='ocrx_word' id='word_1_129' title='bbox 1207 2702 1380 2778; x_wconf 83' lang='lat' dir='ltr'><strong>claudent</strong></span> <span class='ocrx_word' id='word_1_130' title='bbox 1404 2721 1529 2794; x_wconf 77' lang='lat' dir='ltr'><strong>auree,</strong></span> <span class='ocrx_word' id='word_1_131' title='bbox 1550 2703 1588 2774; x_wconf 84' lang='lat' dir='ltr'><strong>ui</strong></span> <span class='ocrx_word' id='word_1_132' title='bbox 1610 2703 1715 2791; x_wconf 68' lang='lat' dir='ltr'><strong>niuali</strong></span> <span class='ocrx_word' id='word_1_133' title='bbox 1734 2703 1899 2793; x_wconf 66' lang='lat' dir='ltr'><strong>thdi&#39;?</strong></span> <span class='ocrx_word' id='word_1_134' title='bbox 1918 2701 2021 2795; x_wconf 87' lang='lat' dir='ltr'><strong>qnasi</strong></span> <span class='ocrx_word' id='word_1_135' title='bbox 2046 2701 2165 2778; x_wconf 70' lang='lat' dir='ltr'><strong>dent:</strong></span> 
     </span>
     <span class='ocr_line' id='line_1_18' title="bbox 996 2819 2167 2918; baseline 0.002 -22"><span class='ocrx_word' id='word_1_136' title='bbox 996 2825 1097 2900; x_wconf 90' lang='lat' dir='ltr'><strong>nulio</strong></span> <span class='ocrx_word' id='word_1_137' title='bbox 1122 2823 1250 2915; x_wconf 83' lang='lat' dir='ltr'><strong>mod03</strong></span> <span class='ocrx_word' id='word_1_138' title='bbox 1276 2820 1377 2916; x_wconf 86' lang='lat' dir='ltr'><strong>quod</strong></span> <span class='ocrx_word' id='word_1_139' title='bbox 1400 2821 1563 2896; x_wconf 82' lang='lat' dir='ltr'><strong>declarat</strong></span> <span class='ocrx_word' id='word_1_140' title='bbox 1587 2819 1709 2896; x_wconf 90' lang='lat' dir='ltr'><strong>statim</strong></span> <span class='ocrx_word' id='word_1_141' title='bbox 1736 2841 1802 2915; x_wconf 85' lang='lat' dir='ltr'><strong>per</strong></span> <span class='ocrx_word' id='word_1_142' title='bbox 1827 2821 1972 2918; x_wconf 75' lang='lat' dir='ltr'><strong>signum</strong></span> <span class='ocrx_word' id='word_1_143' title='bbox 2003 2822 2082 2898; x_wconf 87' lang='lat' dir='ltr'><strong>sive</strong></span> <span class='ocrx_word' id='word_1_144' title='bbox 2113 2825 2167 2900; x_wconf 90' lang='lat' dir='ltr'><strong>ei-</strong></span> 
     </span>
     <span class='ocr_line' id='line_1_19' title="bbox 996 2943 2171 3038; baseline 0.004 -21"><span class='ocrx_word' id='word_1_145' title='bbox 996 2946 1144 3038; x_wconf 87' lang='lat' dir='ltr'><strong>l&#39;ectum‚</strong></span> <span class='ocrx_word' id='word_1_146' title='bbox 1170 2943 1313 3018; x_wconf 87' lang='lat' dir='ltr'><strong>diceus:</strong></span> <span class='ocrx_word' id='word_1_147' title='bbox 1340 2945 1400 3015; x_wconf 79' lang='lat' dir='ltr'><strong>cle</strong></span> <span class='ocrx_word' id='word_1_148' title='bbox 1421 2945 1485 3036; x_wconf 84' lang='lat' dir='ltr'><strong>sur</strong></span> <span class='ocrx_word' id='word_1_149' title='bbox 1513 2944 1688 3016; x_wconf 81' lang='lat' dir='ltr'><strong>concorde</strong></span> <span class='ocrx_word' id='word_1_150' title='bbox 1719 2963 1744 3014; x_wconf 81' lang='lat' dir='ltr'><strong>a</strong></span> <span class='ocrx_word' id='word_1_151' title='bbox 1777 2950 1906 3033; x_wconf 72' lang='lat' dir='ltr'><strong>maere,</strong></span> <span class='ocrx_word' id='word_1_152' title='bbox 1926 2943 2014 3036; x_wconf 80' lang='lat' dir='ltr'><strong>quia</strong></span> <span class='ocrx_word' id='word_1_153' title='bbox 2038 2965 2171 3022; x_wconf 76' lang='lat' dir='ltr'><strong>onnes</strong></span> 
     </span>
     <span class='ocr_line' id='line_1_20' title="bbox 996 3063 2169 3158; baseline 0 -19"><span class='ocrx_word' id='word_1_154' title='bbox 996 3063 1226 3140; x_wconf 87' lang='lat' dir='ltr'><strong>concorditer</strong></span> <span class='ocrx_word' id='word_1_155' title='bbox 1251 3071 1288 3138; x_wconf 90' lang='lat' dir='ltr'><strong>et</strong></span> <span class='ocrx_word' id='word_1_156' title='bbox 1314 3063 1450 3158; x_wconf 80' lang='lat' dir='ltr'><strong>pariter</strong></span> <span class='ocrx_word' id='word_1_157' title='bbox 1475 3069 1683 3156; x_wconf 82' lang='lat' dir='ltr'><strong>tacuerunt,</strong></span> <span class='ocrx_word' id='word_1_158' title='bbox 1706 3083 1774 3156; x_wconf 78' lang='lat' dir='ltr'><strong>per</strong></span> <span class='ocrx_word' id='word_1_159' title='bbox 1797 3066 1917 3138; x_wconf 71' lang='lat' dir='ltr'><strong>domi</strong></span> <span class='ocrx_word' id='word_1_160' title='bbox 1936 3067 2054 3156; x_wconf 72' lang='lat' dir='ltr'><strong>anolo</strong></span> <span class='ocrx_word' id='word_1_161' title='bbox 2068 3068 2169 3140; x_wconf 74' lang='lat' dir='ltr'><strong>cl&#39;to</strong></span> 
     </span>
     <span class='ocr_line' id='line_1_21' title="bbox 998 3182 2169 3280; baseline 0 -20"><span class='ocrx_word' id='word_1_162' title='bbox 998 3189 1028 3260; x_wconf 83' lang='lat' dir='ltr'><strong>le</strong></span> <span class='ocrx_word' id='word_1_163' title='bbox 1047 3205 1229 3277; x_wconf 61' lang='lat' dir='ltr'><strong>preduce,</strong></span> <span class='ocrx_word' id='word_1_164' title='bbox 1249 3204 1297 3258; x_wconf 85' lang='lat' dir='ltr'><strong>er</strong></span> <span class='ocrx_word' id='word_1_165' title='bbox 1313 3182 1574 3258; x_wconf 84' lang='lat' dir='ltr'><strong>eommoditate</strong></span> <span class='ocrx_word' id='word_1_166' title='bbox 1592 3182 1752 3277; x_wconf 82' lang='lat' dir='ltr'><strong>tacendi3</strong></span> <span class='ocrx_word' id='word_1_167' title='bbox 1769 3183 1869 3276; x_wconf 77' lang='lat' dir='ltr'><strong>quod</strong></span> <span class='ocrx_word' id='word_1_168' title='bbox 1886 3184 1954 3258; x_wconf 85' lang='lat' dir='ltr'><strong>luit</strong></span> <span class='ocrx_word' id='word_1_169' title='bbox 1972 3185 2169 3280; x_wconf 83' lang='lat' dir='ltr'><strong>piusquam</strong></span> 
     </span>
     <span class='ocr_line' id='line_1_22' title="bbox 998 3300 2172 3402; baseline 0 -20"><span class='ocrx_word' id='word_1_170' title='bbox 998 3305 1175 3382; x_wconf 85' lang='lat' dir='ltr'><strong>exaudire</strong></span> <span class='ocrx_word' id='word_1_171' title='bbox 1200 3309 1577 3400; x_wconf 76' lang='lat' dir='ltr'><strong>precantem.-aec</strong></span> <span class='ocrx_word' id='word_1_172' title='bbox 1600 3300 1630 3379; x_wconf 79' lang='grc' dir='ltr'><strong>ὀ.</strong></span> <span class='ocrx_word' id='word_1_173' title='bbox 1656 3305 1722 3378; x_wconf 85' lang='lat' dir='ltr'><strong>liic</strong></span> <span class='ocrx_word' id='word_1_174' title='bbox 1745 3311 1855 3380; x_wconf 87' lang='lat' dir='ltr'><strong>autor</strong></span> <span class='ocrx_word' id='word_1_175' title='bbox 1883 3312 2031 3402; x_wconf 82' lang='lat' dir='ltr'><strong>sumpta</strong></span> <span class='ocrx_word' id='word_1_176' title='bbox 2062 3326 2172 3382; x_wconf 84' lang='lat' dir='ltr'><strong>occa-</strong></span> 
     </span>
     <span class='ocr_line' id='line_1_23' title="bbox 998 3424 2171 3522; baseline 0 -22"><span class='ocrx_word' id='word_1_177' title='bbox 998 3426 1100 3504; x_wconf 90' lang='lat' dir='ltr'><strong>sloue</strong></span> <span class='ocrx_word' id='word_1_178' title='bbox 1125 3446 1171 3502; x_wconf 87' lang='lat' dir='ltr'><strong>ex</strong></span> <span class='ocrx_word' id='word_1_179' title='bbox 1198 3425 1301 3499; x_wconf 81' lang='lat' dir='ltr'><strong>dictis</strong></span> <span class='ocrx_word' id='word_1_180' title='bbox 1326 3424 1451 3520; x_wconf 84' lang='lat' dir='ltr'><strong>arguit</strong></span> <span class='ocrx_word' id='word_1_181' title='bbox 1470 3424 1570 3519; x_wconf 80' lang='lat' dir='ltr'><strong>quod</strong></span> <span class='ocrx_word' id='word_1_182' title='bbox 1582 3424 1683 3519; x_wconf 86' lang='lat' dir='ltr'><strong>juste</strong></span> <span class='ocrx_word' id='word_1_183' title='bbox 1700 3424 1851 3519; x_wconf 83' lang='lat' dir='ltr'><strong>punitur</strong></span> <span class='ocrx_word' id='word_1_184' title='bbox 1867 3427 2090 3502; x_wconf 72' lang='lat' dir='ltr'><strong>eternaliter</strong></span> <span class='ocrx_word' id='word_1_185' title='bbox 2105 3427 2171 3522; x_wconf 83' lang='lat' dir='ltr'><strong>qui</strong></span> 
     </span>
     <span class='ocr_line' id='line_1_24' title="bbox 998 3546 2171 3643; baseline -0.002 -21"><span class='ocrx_word' id='word_1_186' title='bbox 998 3555 1124 3643; x_wconf 87' lang='lat' dir='ltr'><strong>peccat</strong></span> <span class='ocrx_word' id='word_1_187' title='bbox 1142 3547 1364 3622; x_wconf 78' lang='lat' dir='ltr'><strong>aeternaliter</strong></span> <span class='ocrx_word' id='word_1_188' title='bbox 1382 3546 1417 3619; x_wconf 91' lang='lat' dir='ltr'><strong>iu</strong></span> <span class='ocrx_word' id='word_1_189' title='bbox 1435 3566 1505 3621; x_wconf 91' lang='lat' dir='ltr'><strong>suo</strong></span> <span class='ocrx_word' id='word_1_190' title='bbox 1523 3552 1675 3639; x_wconf 77' lang='lat' dir='ltr'><strong>aeterno,</strong></span> <span class='ocrx_word' id='word_1_191' title='bbox 1692 3546 1840 3639; x_wconf 68' lang='lat' dir='ltr'><strong>aelfled,</strong></span> <span class='ocrx_word' id='word_1_192' title='bbox 1857 3547 1952 3622; x_wconf 81' lang='lat' dir='ltr'><strong>ileo:</strong></span> <span class='ocrx_word' id='word_1_193' title='bbox 1973 3550 2046 3640; x_wconf 76' lang='lat' dir='ltr'><strong>ott,</strong></span> <span class='ocrx_word' id='word_1_194' title='bbox 2067 3547 2171 3640; x_wconf 65' lang='lat' dir='ltr'><strong>idest,</strong></span> 
     </span>
     <span class='ocr_line' id='line_1_25' title="bbox 1000 3666 2172 3762; baseline -0.002 -20"><span class='ocrx_word' id='word_1_195' title='bbox 1000 3668 1239 3762; x_wconf 84' lang='lat' dir='ltr'><strong>quicumque,</strong></span> <span class='ocrx_word' id='word_1_196' title='bbox 1264 3672 1296 3741; x_wconf 77' lang='lat' dir='ltr'><strong>ri</strong></span> <span class='ocrx_word' id='word_1_197' title='bbox 1318 3669 1458 3760; x_wconf 71' lang='lat' dir='ltr'><strong>rpoolta</strong></span> <span class='ocrx_word' id='word_1_198' title='bbox 1482 3667 1582 3757; x_wconf 72' lang='lat' dir='ltr'><strong>qaeu</strong></span> <span class='ocrx_word' id='word_1_199' title='bbox 1593 3687 1731 3756; x_wconf 63' lang='lat' dir='ltr'><strong>amne,</strong></span> <span class='ocrx_word' id='word_1_200' title='bbox 1754 3666 1891 3742; x_wconf 85' lang='lat' dir='ltr'><strong>scilicet</strong></span> <span class='ocrx_word' id='word_1_201' title='bbox 1915 3667 1992 3760; x_wconf 84' lang='lat' dir='ltr'><strong>Dei,</strong></span> <span class='ocrx_word' id='word_1_202' title='bbox 2022 3668 2088 3762; x_wconf 90' lang='lat' dir='ltr'><strong>qui</strong></span> <span class='ocrx_word' id='word_1_203' title='bbox 2115 3676 2172 3743; x_wconf 77' lang='lat' dir='ltr'><strong>ast</strong></span> 
     </span>
     <span class='ocr_line' id='line_1_26' title="bbox 1000 3785 2173 3882; baseline 0.001 -22"><span class='ocrx_word' id='word_1_204' title='bbox 1000 3786 1161 3860; x_wconf 83' lang='lat' dir='ltr'><strong>infinitus</strong></span> <span class='ocrx_word' id='word_1_205' title='bbox 1185 3787 1264 3861; x_wconf 88' lang='lat' dir='ltr'><strong>siue</strong></span> <span class='ocrx_word' id='word_1_206' title='bbox 1288 3785 1372 3879; x_wconf 87' lang='lat' dir='ltr'><strong>fine,</strong></span> <span class='ocrx_word' id='word_1_207' title='bbox 1397 3789 1653 3879; x_wconf 57' lang='lat' dir='ltr'><strong>ammineum,</strong></span> <span class='ocrx_word' id='word_1_208' title='bbox 1683 3785 1771 3878; x_wconf 87' lang='lat' dir='ltr'><strong>quia</strong></span> <span class='ocrx_word' id='word_1_209' title='bbox 1805 3786 1914 3862; x_wconf 86' lang='lat' dir='ltr'><strong>vellet</strong></span> <span class='ocrx_word' id='word_1_210' title='bbox 1943 3807 2090 3882; x_wconf 85' lang='lat' dir='ltr'><strong>semper</strong></span> <span class='ocrx_word' id='word_1_211' title='bbox 2117 3789 2173 3861; x_wconf 83' lang='lat' dir='ltr'><strong>ri-</strong></span> 
     </span>
     <span class='ocr_line' id='line_1_27' title="bbox 1001 3907 2172 4004; baseline 0.003 -25"><span class='ocrx_word' id='word_1_212' title='bbox 1001 3927 1090 3982; x_wconf 89' lang='lat' dir='ltr'><strong>vere</strong></span> <span class='ocrx_word' id='word_1_213' title='bbox 1123 3907 1159 3980; x_wconf 90' lang='lat' dir='ltr'><strong>in</strong></span> <span class='ocrx_word' id='word_1_214' title='bbox 1193 3927 1324 3982; x_wconf 87' lang='lat' dir='ltr'><strong>amore</strong></span> <span class='ocrx_word' id='word_1_215' title='bbox 1358 3915 1606 4000; x_wconf 85' lang='lat' dir='ltr'><strong>terrenorum,</strong></span> <span class='ocrx_word' id='word_1_216' title='bbox 1639 3915 1821 3999; x_wconf 80' lang='lat' dir='ltr'><strong>quantum</strong></span> <span class='ocrx_word' id='word_1_217' title='bbox 1860 3908 1896 3980; x_wconf 91' lang='lat' dir='ltr'><strong>iu</strong></span> <span class='ocrx_word' id='word_1_218' title='bbox 1927 3907 2007 4004; x_wconf 80' lang='lat' dir='ltr'><strong>ipso</strong></span> <span class='ocrx_word' id='word_1_219' title='bbox 2035 3914 2103 4000; x_wconf 79' lang='lat' dir='ltr'><strong>cot,</strong></span> <span class='ocrx_word' id='word_1_220' title='bbox 2132 3915 2172 3982; x_wconf 84' lang='lat' dir='ltr'><strong>ct</strong></span> 
     </span>
     <span class='ocr_line' id='line_1_28' title="bbox 1000 4028 2174 4123; baseline 0.003 -22"><span class='ocrx_word' id='word_1_221' title='bbox 1000 4028 1051 4102; x_wconf 90' lang='lat' dir='ltr'><strong>sic</strong></span> <span class='ocrx_word' id='word_1_222' title='bbox 1076 4035 1204 4123; x_wconf 85' lang='lat' dir='ltr'><strong>peccat</strong></span> <span class='ocrx_word' id='word_1_223' title='bbox 1228 4028 1461 4120; x_wconf 70' lang='lat' dir='ltr'><strong>eternaliter,</strong></span> <span class='ocrx_word' id='word_1_224' title='bbox 1484 4049 1550 4120; x_wconf 73' lang='lat' dir='ltr'><strong>per</strong></span> <span class='ocrx_word' id='word_1_225' title='bbox 1574 4047 1698 4102; x_wconf 77' lang='lat' dir='ltr'><strong>utnon</strong></span> <span class='ocrx_word' id='word_1_226' title='bbox 1720 4030 1760 4102; x_wconf 84' lang='lat' dir='ltr'><strong>di</strong></span> <span class='ocrx_word' id='word_1_227' title='bbox 1782 4049 1867 4102; x_wconf 76' lang='lat' dir='ltr'><strong>coru</strong></span> <span class='ocrx_word' id='word_1_228' title='bbox 1890 4030 1952 4102; x_wconf 84' lang='lat' dir='ltr'><strong>cle</strong></span> <span class='ocrx_word' id='word_1_229' title='bbox 1972 4050 2046 4104; x_wconf 76' lang='lat' dir='ltr'><strong>mn</strong></span> <span class='ocrx_word' id='word_1_230' title='bbox 2075 4031 2174 4120; x_wconf 68' lang='lat' dir='ltr'><strong>drot,</strong></span> 
     </span>
     <span class='ocr_line' id='line_1_29' title="bbox 1000 4145 2173 4242; baseline 0.004 -22"><span class='ocrx_word' id='word_1_231' title='bbox 1000 4147 1090 4222; x_wconf 90' lang='lat' dir='ltr'><strong>idest</strong></span> <span class='ocrx_word' id='word_1_232' title='bbox 1119 4169 1251 4224; x_wconf 81' lang='lat' dir='ltr'><strong>aurore</strong></span> <span class='ocrx_word' id='word_1_233' title='bbox 1283 4147 1540 4242; x_wconf 82' lang='lat' dir='ltr'><strong>temporalium</strong></span> <span class='ocrx_word' id='word_1_234' title='bbox 1571 4145 1877 4222; x_wconf 86' lang='lat' dir='ltr'><strong>transitoriorum.</strong></span> <span class='ocrx_word' id='word_1_235' title='bbox 1891 4189 1943 4204; x_wconf 89' lang='lat'><em>-</em></span> <span class='ocrx_word' id='word_1_236' title='bbox 1957 4152 2075 4237; x_wconf 69' lang='lat' dir='ltr'><strong>otuu.</strong></span> <span class='ocrx_word' id='word_1_237' title='bbox 2107 4150 2173 4225; x_wconf 77' lang='lat' dir='ltr'><strong>ilie</strong></span> 
     </span>
     <span class='ocr_line' id='line_1_30' title="bbox 998 4267 2173 4346; baseline 0.003 -4"><span class='ocrx_word' id='word_1_238' title='bbox 998 4275 1108 4342; x_wconf 89' lang='lat' dir='ltr'><strong>autor</strong></span> <span class='ocrx_word' id='word_1_239' title='bbox 1125 4268 1296 4344; x_wconf 87' lang='lat' dir='ltr'><strong>describit</strong></span> <span class='ocrx_word' id='word_1_240' title='bbox 1315 4287 1506 4344; x_wconf 83' lang='lat' dir='ltr'><strong>accessum</strong></span> <span class='ocrx_word' id='word_1_241' title='bbox 1526 4267 1635 4342; x_wconf 90' lang='lat' dir='ltr'><strong>unius</strong></span> <span class='ocrx_word' id='word_1_242' title='bbox 1648 4268 1795 4344; x_wconf 88' lang='lat' dir='ltr'><strong>iliarum</strong></span> <span class='ocrx_word' id='word_1_243' title='bbox 1812 4270 2024 4344; x_wconf 88' lang='lat' dir='ltr'><strong>animarum</strong></span> <span class='ocrx_word' id='word_1_244' title='bbox 2043 4290 2173 4346; x_wconf 84' lang='lat' dir='ltr'><strong>versus</strong></span> 
     </span>
     <span class='ocr_line' id='line_1_31' title="bbox 999 4387 2176 4485; baseline 0.006 -25"><span class='ocrx_word' id='word_1_245' title='bbox 999 4408 1130 4482; x_wconf 85' lang='lat' dir='ltr'><strong>seper</strong></span> <span class='ocrx_word' id='word_1_246' title='bbox 1156 4409 1269 4464; x_wconf 89' lang='lat' dir='ltr'><strong>uuam</strong></span> <span class='ocrx_word' id='word_1_247' title='bbox 1301 4387 1468 4482; x_wconf 86' lang='lat' dir='ltr'><strong>pulcram</strong></span> <span class='ocrx_word' id='word_1_248' title='bbox 1494 4393 1532 4464; x_wconf 91' lang='lat' dir='ltr'><strong>et</strong></span> <span class='ocrx_word' id='word_1_249' title='bbox 1556 4388 1740 4484; x_wconf 81' lang='lat' dir='ltr'><strong>propriam</strong></span> <span class='ocrx_word' id='word_1_250' title='bbox 1770 4389 2105 4485; x_wconf 63' lang='lat' dir='ltr'><strong>comparationem</strong></span> <span class='ocrx_word' id='word_1_251' title='bbox 2134 4399 2176 4466; x_wconf 88' lang='lat' dir='ltr'><strong>et·</strong></span> 
     </span>
     <span class='ocr_line' id='line_1_32' title="bbox 1001 4506 2174 4603; baseline 0.009 -25"><span class='ocrx_word' id='word_1_252' title='bbox 1001 4506 1162 4581; x_wconf 88' lang='lat' dir='ltr'><strong>breviter</strong></span> <span class='ocrx_word' id='word_1_253' title='bbox 1182 4507 1278 4599; x_wconf 90' lang='lat' dir='ltr'><strong>dicit,</strong></span> <span class='ocrx_word' id='word_1_254' title='bbox 1296 4507 1400 4601; x_wconf 81' lang='lat' dir='ltr'><strong>quod-</strong></span> <span class='ocrx_word' id='word_1_255' title='bbox 1412 4507 1583 4603; x_wconf 85' lang='lat' dir='ltr'><strong>splendor</strong></span> <span class='ocrx_word' id='word_1_256' title='bbox 1601 4508 1697 4584; x_wconf 83' lang='lat' dir='ltr'><strong>iltius</strong></span> <span class='ocrx_word' id='word_1_257' title='bbox 1712 4508 1846 4584; x_wconf 83' lang='lat' dir='ltr'><strong>animae</strong></span> <span class='ocrx_word' id='word_1_258' title='bbox 1865 4508 2009 4584; x_wconf 82' lang='lat' dir='ltr'><strong>cursim</strong></span> <span class='ocrx_word' id='word_1_259' title='bbox 2020 4509 2174 4589; x_wconf 54' lang='lat' dir='ltr'><strong>Quen-</strong></span> 
     </span>
     <span class='ocr_line' id='line_1_33' title="bbox 1002 4627 2175 4723; baseline 0.003 -21"><span class='ocrx_word' id='word_1_260' title='bbox 1002 4627 1053 4702; x_wconf 93' lang='lat' dir='ltr'><strong>dit</strong></span> <span class='ocrx_word' id='word_1_261' title='bbox 1077 4627 1124 4702; x_wconf 86' lang='lat' dir='ltr'><strong>ad</strong></span> <span class='ocrx_word' id='word_1_262' title='bbox 1148 4648 1249 4721; x_wconf 90' lang='lat' dir='ltr'><strong>eum,</strong></span> <span class='ocrx_word' id='word_1_263' title='bbox 1276 4630 1369 4704; x_wconf 88' lang='lat' dir='ltr'><strong>sicut</strong></span> <span class='ocrx_word' id='word_1_264' title='bbox 1396 4650 1510 4723; x_wconf 85' lang='lat' dir='ltr'><strong>vapor</strong></span> <span class='ocrx_word' id='word_1_265' title='bbox 1533 4649 1712 4706; x_wconf 81' lang='lat' dir='ltr'><strong>accensus</strong></span> <span class='ocrx_word' id='word_1_266' title='bbox 1741 4629 1878 4704; x_wconf 76' lang='lat' dir='ltr'><strong>aestatts</strong></span> <span class='ocrx_word' id='word_1_267' title='bbox 1905 4640 1943 4705; x_wconf 87' lang='lat' dir='ltr'><strong>et</strong></span> <span class='ocrx_word' id='word_1_268' title='bbox 1971 4631 2175 4706; x_wconf 71' lang='lat' dir='ltr'><strong>serenitatis</strong></span> 
     </span>
    </p>
   </div>
   <div class='ocr_carea' id='block_1_3' title="bbox 1244 4796 1408 4804">
    <p class='ocr_par' dir='ltr' id='par_1_3' title="bbox 1244 4796 1408 4804">
     <span class='ocr_line' id='line_1_34' title="bbox 1244 4796 1408 4804; baseline 0.006 -2"><span class='ocrx_word' id='word_1_269' title='bbox 1244 4796 1408 4804; x_wconf 58' lang='grc' dir='ltr'><strong>ψ</strong></span> 
     </span>
    </p>
   </div>
   <div class='ocr_carea' id='block_1_4' title="bbox 1068 4887 2175 4954">
    <p class='ocr_par' dir='ltr' id='par_1_4' title="bbox 1068 4887 2175 4954">
     <span class='ocr_line' id='line_1_35' title="bbox 1068 4887 2175 4954; baseline -0.004 -13"><span class='ocrx_word' id='word_1_270' title='bbox 1068 4891 1095 4952; x_wconf 81' lang='lat'><strong>(¹)</strong></span> <span class='ocrx_word' id='word_1_271' title='bbox 1113 4891 1143 4942; x_wconf 87' lang='grc' dir='ltr'><strong>Ε.</strong></span> <span class='ocrx_word' id='word_1_272' title='bbox 1160 4903 1219 4954; x_wconf 69' lang='lat' dir='ltr'><strong>que</strong></span> <span class='ocrx_word' id='word_1_273' title='bbox 1235 4891 1378 4942; x_wconf 78' lang='lat' dir='ltr'><strong>concordes</strong></span> <span class='ocrx_word' id='word_1_274' title='bbox 1392 4896 1469 4943; x_wconf 70' lang='lat' dir='ltr'><strong>arnt</strong></span> <span class='ocrx_word' id='word_1_275' title='bbox 1482 4891 1512 4942; x_wconf 85' lang='lat' dir='ltr'><strong>in</strong></span> <span class='ocrx_word' id='word_1_276' title='bbox 1524 4895 1613 4944; x_wconf 74' lang='lat' dir='ltr'><strong>ento.</strong></span> <span class='ocrx_word' id='word_1_277' title='bbox 1681 4887 1708 4952; x_wconf 79' lang='lat'><strong>(¹)</strong></span> <span class='ocrx_word' id='word_1_278' title='bbox 1725 4891 1756 4942; x_wconf 81' lang='lat' dir='ltr'><strong>u.</strong></span> <span class='ocrx_word' id='word_1_279' title='bbox 1772 4893 1898 4944; x_wconf 60' lang='lat' dir='ltr'><strong>mortam</strong></span> <span class='ocrx_word' id='word_1_280' title='bbox 1911 4893 2042 4945; x_wconf 65' lang='lat' dir='ltr'><strong>nunu.</strong></span> <span class='ocrx_word' id='word_1_281' title='bbox 2051 4921 2084 4934; x_wconf 91' lang='lat'><em>-</em></span> <span class='ocrx_word' id='word_1_282' title='bbox 2094 4895 2175 4946; x_wconf 59' lang='lat' dir='ltr'><strong>com,</strong></span> 
     </span>
    </p>
   </div>
   <div class='ocr_carea' id='block_1_5' title="bbox 0 0 2439 6642">
    <p class='ocr_par' dir='ltr' id='par_1_5' title="bbox 0 0 2439 6642">
     <span class='ocr_line' id='line_1_36' title="bbox 0 0 2439 6642; baseline 0 0"><span class='ocrx_word' id='word_1_283' title='bbox 0 0 2439 6642; x_wconf 95' lang='lat' dir='ltr'><strong> </strong></span> 
     </span>
    </p>
   </div>
  </div>
 </body>
</html>
