4842 6642
817 856 955 912 murus
980 856 1138 913 DECIMUS
1163 857 1306 912 ramus.
1599 849 1644 914 59

471 998 570 1094 quod
596 999 663 1074 ista
690 999 905 1076 muliercula
925 1001 1041 1097 turpis
1059 1006 1211 1076 steterat
1231 998 1340 1074 vidua
1357 1021 1425 1095 per
1441 1002 1541 1078 miiie
1557 1024 1646 1080 cen-

471 1124 549 1193 tum
576 1140 693 1195 annos
725 1128 762 1197 et
798 1123 905 1217 uitra,
932 1122 1019 1217 quia
1058 1123 1181 1196 nutius
1203 1121 1374 1195 voluerat
1405 1142 1487 1196 eam
1522 1124 1646 1201 videre

469 1243 528 1316 vei
554 1241 696 1337 audire,
723 1243 859 1318 nedum
887 1243 1053 1339 accipere
1068 1236 1104 1337 (¹)
1133 1243 1170 1316 in
1196 1262 1355 1316 uxorem
1376 1249 1414 1317 et
1431 1243 1644 1339 amplexari.

469 1362 562 1437 Dicit
587 1384 701 1460 ergo:
741 1369 880 1454 onesta,
911 1364 1047 1439 scilicet
1080 1363 1305 1459 paupercuia
1332 1361 1478 1457 mulier,
1499 1368 1645 1456 privato

469 1485 527 1558 det
543 1487 665 1577 primo
690 1488 831 1577 marito,
858 1485 992 1560 scilicet
1017 1485 1104 1560 iesu
1131 1485 1285 1578 Christo,
1321 1485 1385 1580 qui
1412 1485 1553 1581 primus
1580 1506 1644 1581 pe-

470 1603 568 1677 nitus
593 1603 717 1679 ditexit
742 1612 1010 1700 paupertatem,
1036 1609 1069 1678 si
1090 1613 1183 1678 stette
1210 1607 1302 1678 mitte
1317 1612 1415 1678 cento
1430 1609 1519 1679 anni
1534 1628 1553 1678 e
1569 1601 1644 1699 poi,

470 1723 607 1799 scilicet
647 1724 743 1798 uitra
783 1725 951 1800 undecim
990 1726 1136 1819 saecuia,
1175 1727 1322 1818 cepeto
1354 1746 1508 1799 esctun
1534 1729 1587 1818 fin
1621 1746 1645 1797 a

469 1847 590 1935 cosin,
617 1843 719 1939 idest,
747 1865 865 1939 usque
890 1846 936 1919 ad
955 1845 1064 1920 istum
1086 1845 1341 1939 Franciscum3
1359 1852 1398 1920 et
1413 1846 1515 1921 dicit:
1533 1867 1642 1920 senza

468 1967 589 2054 inuito,
615 1964 702 2058 quia
728 1966 851 2039 nutius
878 1966 1065 2060 requisivit
1091 1986 1174 2041 eam
1201 1965 1247 2039 de
1264 1985 1394 2041 amore
1414 1986 1480 2061 per
1498 1973 1641 2040 tantum

469 2089 625 2178 tempus.
652 2083 723 2159 Sed
749 2085 807 2159 hic
834 2093 933 2178 nota,
951 2085 1049 2182 quod
1067 2094 1178 2160 autor
1195 2085 1341 2159 videtur
1357 2086 1480 2160 dicere
1497 2086 1642 2179 salsum,

468 2203 554 2299 quia
583 2204 688 2278 muiti
713 2205 828 2279 sancti
862 2214 984 2300 patres
1016 2213 1054 2280 et
1087 2205 1278 2280 heremitae
1316 2205 1524 2280 dilexerunt
1550 2227 1643 2300 pau-

467 2331 645 2419 pertatem
673 2333 710 2400 et
734 2325 981 2423 despexerunt
1008 2325 1187 2400 mundum
1215 2333 1366 2422 propter
1381 2317 1417 2420 (²)
1445 2326 1642 2422 Christum,

467 2453 504 2523 et
528 2447 730 2542 antiquitus
755 2452 792 2522 et
819 2447 1054 2541 moderniter,
1079 2447 1174 2522 sicut
1198 2447 1427 2542 Benedictus,
1452 2447 1641 2540 Macarius,

467 2568 689 2664 BernarduS,
716 2569 846 2644 Petrus
871 2569 1081 2662 Damianus,
1107 2568 1154 2643 de
1179 2569 1314 2663 quibus
1331 2567 1474 2643 dicetur
1492 2568 1583 2642 inira
1605 2567 1642 2640 in

468 2688 537 2763 isto
552 2681 590 2782 (³)
611 2689 740 2764 eodem
768 2688 871 2763 libro.
899 2688 1101 2763 Dicendum
1120 2689 1294 2782 breviter,
1312 2689 1397 2784 quia
1417 2688 1539 2762 nutius
1561 2695 1642 2760 tan·

467 2817 546 2882 tum
574 2815 611 2883 et
636 2808 672 2881 in
700 2813 816 2883 totum
844 2809 982 2882 amavit
1007 2815 1260 2905 paupertatem
1281 2815 1356 2882 tam
1376 2809 1547 2904 periecte,
1566 2816 1640 2883 tam

466 2929 702 3025 generaliter,
729 2934 802 3002 tam
830 2929 1005 3003 volenter.
1020 2969 1069 2982 -
1085 2925 1137 3004 Ne*
1160 2933 1265 3002 colse.
1291 2928 1357 3003 ilic
1381 2938 1491 3004 autor
1516 2928 1563 3002 ad
1579 2951 1642 3002 ar-

464 3050 650 3146 guendam
683 3069 819 3124 caecam
856 3049 1110 3146 cupiditatem,
1127 3051 1318 3123 hominum
1346 3049 1503 3124 ostendit
1529 3050 1643 3122 mira-

465 3169 555 3244 biies
581 3169 733 3244 effectus
759 3170 993 3264 paupertatis,
1021 3191 1105 3264 quae
1130 3169 1215 3244 iecit
1241 3169 1426 3245 hominem
1458 3169 1640 3264 quodam-

464 3290 574 3365 modo
607 3289 775 3384 soticem3
814 3289 900 3384 quia
938 3289 1022 3362 iacit
1056 3309 1143 3364 eum
1185 3289 1309 3363 iaetum
1349 3295 1387 3364 et
1419 3288 1639 3385 intrepidum

461 3417 590 3486 contra
604 3431 752 3484 omnem
769 3409 947 3503 impetum
968 3409 1144 3482 sortunae:
1162 3409 1261 3504 quod
1279 3409 1410 3504 prohat
1430 3431 1495 3504 per
1512 3429 1641 3485 exem·
1709 3494 1712 3501 ,

461 3531 562 3626 pium
599 3530 811 3627 pauperculi
844 3529 1042 3625 piscatoris,
1069 3529 1131 3623 qui
1167 3549 1240 3602 non
1275 3529 1422 3624 expavit
1455 3529 1638 3605 Caesarem

462 3660 551 3727 tunc
569 3651 743 3746 temporis
757 3649 1062 3726 terribilissimam
1075 3639 1125 3742 (⁴).
1144 3648 1197 3723 nd
1211 3649 1329 3744 cuius,
1345 3649 1563 3724 evidentiam
1582 3656 1639 3724 est

460 3773 741 3870 praesciendum,
763 3770 860 3866 quod
888 3771 1021 3865 Caesar,
1042 3769 1131 3844 dum
1160 3777 1256 3846 esset
1282 3771 1317 3844 in
1343 3770 1483 3846 Graecia
1509 3777 1639 3845 contra

463 3893 691 3989 Pompeium,
721 3891 851 3966 avidus
884 3911 1019 3986 pugnae
1046 3911 1130 3984 qrrae
1163 3889 1318 3966 iaciebat
1343 3913 1411 3986 pro
1436 3911 1493 3985 ea,
1520 3891 1638 3986 impa-

460 4011 593 4088 tienter
634 4013 754 4087 serens
794 4033 983 4086 accessum
1020 4011 1178 4105 Antonii,
1209 4011 1273 4106 qui
1307 4017 1387 4086 erat
1412 4032 1497 4084 cum
1533 4017 1637 4104 parte

461 4133 645 4208 exercitus
675 4133 745 4224 sui,
782 4140 924 4208 temere
958 4131 1127 4226 exposuit
1158 4153 1198 4206 se
1236 4132 1394 4206 tortunae
1425 4138 1494 4207 etc.
1533 4132 1638 4204 Nunc

460 4253 508 4327 ad
534 4253 676 4327 literam
711 4252 797 4327 dicit
825 4255 1006 4327 Thomas:
1037 4249 1092 4326 Ne*
1118 4255 1227 4342 colse,
1261 4251 1363 4345 idest,
1398 4272 1471 4325 non
1504 4249 1639 4346 protnit

458 4372 581 4464 alicui,
610 4375 669 4445 cte
697 4375 788 4446 colui
812 4375 900 4446 ctt'a
932 4380 1015 4446 tutto
1032 4375 1059 4446 ’t
1076 4376 1205 4446 mondo
1228 4376 1265 4467 se
1284 4393 1419 4464 paura,
1445 4372 1547 4465 idest,
1574 4371 1640 4444 Ju-

459 4493 529 4566 iius
554 4493 676 4568 Caesar
702 4492 842 4567 cunctis
866 4493 1036 4587 gentibus
1063 4491 1319 4566 formidolosus
1334 4482 1385 4586 (⁵),
1404 4494 1440 4564 io
1465 4483 1566 4564 troad
1586 4493 1639 4563 si-

458 4635 558 4706 σανα,
588 4612 734 4705 scilicet,
766 4611 881 4706 ipsam
917 4617 1185 4707 paupertatem,
1215 4633 1282 4685 con
1313 4614 1493 4703 Ananiae,
1522 4631 1635 4705 quem

521 4844 550 4910 (¹)
567 4845 596 4895 E·
613 4848 729 4906 accipere
746 4858 813 4896 cam.
1001 4845 1029 4906 (Ἴ
1046 4845 1076 4894 E.
1094 4849 1201 4908 propter
1216 4845 1306 4895 iesum
1322 4843 1465 4895 cirinum.

521 4925 548 4988 (Ἴ
567 4925 597 4975 Ε.
614 4925 640 4973 in
657 4925 708 4982 hnc
723 4924 815 4974 eodem
832 4923 910 4975 libro.
926 4923 1144 4986 Respondandurn
1160 4929 1199 4973 est
1217 4923 1331 4973 breviter
1346 4922 1416 4986 quod
1433 4920 1531 4971 nuiina.

522 5001 549 5063 (¹)
566 5001 596 5050 Ε.
615 4999 816 5089 terribtiiimum.
1006 4997 1032 5061 (Ἴ
1049 4998 1079 5050 Ε.
1097 4997 1264 5049 formidosius.
