4842 6642
818 834 889 902 362
1206 844 1411 900 counuruu
1435 846 1600 899 rrnnnrsr

816 995 1083 1073 sententiarum
1109 993 1179 1067 sub
1208 992 1275 1066 ista
1301 992 1439 1066 torma:
1465 1012 1547 1086 spes
1570 999 1626 1067 est
1650 999 1751 1067 certa
1777 992 1982 1088 expectatio

817 1115 952 1192 luturae
977 1113 1105 1213 gloriae
1130 1110 1350 1208 proveniens
1369 1132 1416 1186 ex
1435 1110 1555 1187 divina
1581 1112 1699 1208 gratia
1716 1120 1754 1187 et
1773 1113 1985 1209 praecedon·

817 1238 913 1313 tibus
939 1236 1088 1313 meritis.
1102 1239 1224 1308 -Du
1248 1237 1360 1309 molle.
1386 1233 1451 1309 llic
1475 1241 1584 1309 antor
1610 1234 1804 1329 respondet
1831 1234 1878 1309 ad
1909 1241 1985 1309 ter-

816 1360 907 1433 tium
933 1362 1111 1454 punctum
1139 1354 1329 1450 petitionis,
1355 1354 1502 1449 scilicet,
1538 1354 1637 1429 unde
1671 1374 1753 1449 spes
1786 1352 1907 1427 veniat
1939 1350 1986 1426 ad

814 1500 922 1573 eum;
944 1484 981 1553 et
997 1476 1099 1553 dicit:
1125 1480 1252 1565 Questc
1276 1479 1362 1567 luce,
1388 1474 1491 1568 idest,
1515 1476 1615 1550 clara
1644 1474 1761 1548 virtus
1789 1472 1878 1567 spei,
1903 1492 1987 1565 quae

815 1596 1087 1693 quodammodo
1113 1595 1197 1670 lacit
1231 1594 1420 1669 invisibilia
1452 1594 1579 1687 videri,
1612 1596 1662 1668 mi
1694 1596 1772 1665 nien
1804 1595 1854 1665 du
1886 1594 1988 1665 molto

813 1721 918 1811 stelle,
947 1718 1048 1810 idest,
1074 1738 1096 1791 a
1123 1715 1249 1789 nrultis
1273 1714 1483 1789 doctoribus
1510 1735 1604 1809 quos
1628 1721 1739 1789 autor
1762 1713 1933 1809 figuravit
1949 1712 1986 1785 in

813 1838 935 1931 stellis,
953 1837 1047 1912 sicut
1063 1844 1252 1911 ostensum
1271 1843 1326 1909 est
1344 1834 1381 1909 in
1397 1835 1557 1931 capitulo
1571 1836 1682 1909 huius
1695 1834 1865 1910 Paradisi.
1883 1833 1983 1908 Sicut

812 1958 910 2033 enirn
937 1957 1050 2031 stelloe
1074 1955 1162 2029 dant
1187 1954 1414 2029 influentiam
1449 1956 1486 2028 in
1518 1975 1674 2051 corpora
1700 1954 1903 2047 hominurn,
1936 1955 1985 2027 ila

811 2100 835 2153 a
859 2078 965 2152 simili
991 2077 1151 2151 illustres
1176 2077 1310 2151 anirnae
1336 2076 1529 2151 doctorum
1556 2077 1644 2151 dant
1666 2076 1840 2151 virtutem
1866 2082 1904 2149 et
1929 2075 1987 2149 lu·
2012 2162 2015 2166 ἵ

817 2218 903 2271 men
929 2198 965 2271 in
990 2196 1133 2273 animas
1153 2216 1298 2290 corum,
1316 2196 1546 2271 informando
1572 2196 1675 2271 bonis
1696 2195 1881 2290 doctrinis,
1898 2214 1987 2291 ope-

815 2317 918 2391 ribus
944 2324 981 2392 et
1006 2316 1139 2391 sanctis
1166 2316 1345 2411 precibus.
1371 2318 1416 2391 Et
1440 2316 1649 2410 dicitquod
1673 2338 1771 2391 unus
1804 2316 1924 2410 primo
1948 2322 1986 2390 et

818 2436 1062 2533 principaliter
1088 2437 1276 2532 inspiravit
1301 2437 1337 2511 in
1363 2444 1525 2512 mentem
1551 2438 1631 2512 eins
1662 2438 1767 2511 istam
1800 2436 1985 2532 virtutem,

818 2558 961 2633 dicens:
988 2578 1047 2631 mu
1072 2562 1162 2650 puel,
1189 2557 1335 2652 scilicet,
1361 2558 1486 2652 llarid,
1512 2562 1549 2631 la
1578 2550 1706 2633 dodilo
1736 2562 1796 2633 nel
1825 2561 1895 2631 mio
1925 2580 1989 2633 cor

812 2680 911 2771 prin,
927 2679 987 2751 clrc
996 2681 1037 2773 su
1052 2697 1187 2751 somnio
1208 2688 1334 2751 cantor
1350 2682 1408 2753 del
1421 2699 1556 2751 sommo
1571 2682 1670 2771 duce,
1687 2678 1773 2773 quia
1791 2678 1906 2755 David
1923 2678 1989 2752 luit

817 2819 989 2871 summus
1015 2800 1191 2893 propheta
1217 2798 1295 2893 Dei,
1321 2799 1384 2893 qui
1415 2804 1470 2873 est
1499 2820 1668 2873 summus
1698 2799 1774 2874 dur
1805 2799 1991 2873 exercitus

817 2917 1094 3013 triumphantis:
1124 2925 1161 2992 ct
1190 2919 1310 2993 subdit
1343 2919 1407 2993 ubi
1441 2925 1477 2993 et
1508 2918 1695 3013 quomodo
1728 2917 1842 2993 David
1875 2917 1990 2991 instil-

817 3038 948 3114 laverit
973 3037 1009 3111 in
1035 3039 1196 3113 animam
1215 3039 1296 3114 eius
1322 3039 1429 3113 istam
1445 3058 1560 3135 spem,
1577 3038 1722 3131 dicens,
1740 3037 1800 3112 ille
1819 3058 1988 3111 summus

814 3165 956 3250 cantor,
982 3160 1057 3231 dice
1080 3161 1174 3231 nella
1198 3179 1265 3231 ruo
1295 3162 1436 3249 leodic,
1454 3158 1556 3251 idest,
1575 3158 1784 3254 psalmodia,
1806 3161 1905 3231 color
1929 3159 1989 3231 cte

815 3298 931 3353 sunno
956 3281 983 3351 il
1005 3296 1108 3351 nome
1131 3286 1188 3351 tuo
1220 3263 1362 3371 rpnino
1389 3284 1492 3352 inte.
1519 3279 1595 3354 lloc
1627 3279 1725 3353 eninr
1756 3278 1842 3353 dicit
1874 3277 1989 3353 David

815 3400 959 3493 psalmo
985 3406 1127 3493 octavo,
1142 3400 1204 3494 qui
1224 3400 1364 3495 incipit:
1389 3402 1583 3494 confitetor
1600 3401 1659 3475 lidi
1674 3403 1836 3492 Donrinc,
1854 3401 1916 3474 nbi
1932 3400 1989 3475 di-

817 3518 885 3593 cit:
901 3528 934 3593 et
947 3529 1087 3615 sperent
1100 3524 1139 3595 in
1156 3528 1186 3595 tc
1203 3523 1451 3614 portaverunt
1467 3542 1593 3595 nomen
1610 3529 1717 3612 mum,
1735 3526 1901 3613 quonium
1915 3544 1990 3597 non

815 3642 1027 3734 dereliquisti
1051 3650 1242 3734 quarentes
1254 3635 1304 3734 (¹).
1330 3643 1375 3716 Et
1399 3641 1502 3716 dicit:
1528 3649 1561 3715 et
1589 3643 1644 3715 clii
1671 3645 1735 3715 nol
1759 3664 1816 3735 ru,
1848 3643 1988 3739 supple,

815 3770 948 3856 speret,
969 3765 997 3835 s'
1011 3766 1080 3853 epti
1094 3766 1141 3837 la
1154 3766 1190 3835 la
1200 3766 1280 3857 sede
1295 3768 1395 3837 mia?
1411 3802 1460 3817 —
1479 3766 1603 3838 Tomi.
1623 3763 1688 3839 llic
1703 3770 1815 3839 autor
1830 3766 1988 3840 ostendit

816 3882 1002 3975 quomodo
1028 3882 1103 3979 ipse
1128 3883 1286 3957 lacobus
1311 3884 1421 3957 etiam
1448 3882 1676 3958 instillaverit
1705 3904 1806 3979 spem
1841 3885 1878 3958 in
1908 3884 1989 3960 ani·

818 4022 919 4075 murn
939 4001 1029 4095 cius,
1047 4001 1189 4077 dicens:
1222 4009 1284 4096 l'u,
1305 4002 1451 4097 scilicet,
1469 4004 1577 4079 beate
1594 4005 1768 4099 apostole,
1786 4007 1835 4077 mi
1849 4007 1988 4079 sitinii

816 4141 882 4195 con
907 4124 941 4194 io
965 4124 1080 4195 soliar
1104 4144 1181 4213 ruo,
1208 4122 1354 4217 scilicet,
1380 4143 1467 4198 cum
1495 4124 1619 4217 David,
1641 4127 1705 4217 poi
1728 4127 1820 4198 relic
1844 4128 1988 4217 pr'stoln,

818 4241 921 4336 idest,
947 4241 984 4315 in
1010 4250 1073 4317 tua
1100 4243 1249 4339 epistola
1276 4243 1450 4319 canonica
1476 4244 1635 4339 capitulo
1652 4244 1784 4340 primo,
1804 4245 1865 4319 ubi
1882 4245 1987 4321 dicit:

816 4366 944 4437 Brutus
969 4366 1025 4437 nir
1055 4366 1114 4457 qui
1142 4369 1266 4457 suffen
1298 4367 1530 4458 cnutonem,
1558 4369 1725 4457 quonum
1749 4388 1827 4440 cum
1846 4367 1985 4461 prodo-

724 4554 729 4565 ,
817 4485 1000 4577 ttu'sucrit
1030 4486 1173 4579 accipiet
1201 4505 1371 4558 coronam
1404 4488 1494 4575 uitoe,
1528 4504 1635 4576 quum
1667 4490 1869 4579 repromisit
1892 4492 1987 4561 Deus

815 4604 1035 4694 diiipcntr'dus
1059 4625 1105 4679 re.
1133 4606 1177 4679 Et
1202 4605 1331 4681 ultimo
1356 4605 1515 4700 capitulo
1539 4604 1647 4679 dicit:
1668 4610 1838 4698 pulcrius
1853 4610 1986 4701 confir-

816 4729 907 4797 mare
930 4726 1042 4797 corda
1072 4731 1201 4817 vano,
1227 4727 1392 4817 quonium
1422 4727 1591 4799 adrentus
1616 4727 1773 4800 Domini.
1790 4730 1988 4820 appropin-

879 4983 906 5047 τ’)
924 4986 953 5038 E.
969 5000 985 5037 a
1000 4987 1026 5039 S.
1042 4995 1178 5053 quarentes
1193 4994 1217 5039 te
1233 4990 1349 5041 Domino.
1365 4989 1401 5040 El
1415 4990 1486 5041 dicit.
