4842 6642
918 782 965 850 26
1308 788 1514 844 tonsarum
1537 789 1705 844 rmrorsr

917 937 1002 1032 quia
1017 927 1221 1032 Spiritus(⁴)
1238 934 1401 1031 procedit
1412 933 1604 1029 aequaliter
1616 933 1664 1008 ab
1685 939 1854 1028 utroque,
1865 939 1902 1029 se
1913 955 1979 1008 coa
1992 941 2088 1010 outo

915 1061 1041 1132 ordine
1060 1064 1191 1150 quanto
1207 1058 1240 1130 si
1258 1059 1342 1148 piro
1356 1077 1424 1149 per
1440 1062 1550 1129 merrtc
1565 1076 1588 1128 o
1601 1077 1668 1148 per
1687 1057 1817 1147 metio,
1841 1057 1946 1150 quasi
1967 1056 2085 1131 dicat:

915 1177 1089 1273 quicquid
1116 1182 1235 1272 potest
1259 1175 1411 1274 cogitari
1438 1175 1657 1269 mentaliter,
1683 1175 1826 1250 moveri
1859 1175 2021 1250 localiter
2047 1176 2083 1249 in

917 1297 1102 1392 universo,
1128 1297 1176 1370 ab
1206 1296 1281 1392 ipsa
1313 1295 1475 1370 trinitate
1507 1303 1564 1371 est
1590 1293 1709 1370 taliter
1740 1295 1963 1390 ordinatum,
1988 1294 2088 1390 quod

917 1417 1002 1492 nihil
1027 1424 1146 1514 potest
1171 1417 1219 1492 ab
1236 1417 1313 1512 ipso
1329 1416 1458 1492 ordine
1473 1414 1668 1492 declinare.
1687 1415 1732 1488 Et
1750 1416 1873 1490 subdit
1889 1416 1988 1510 quod
2005 1423 2088 1491 tan·

916 1547 976 1612 tus
1000 1538 1092 1612 ordo
1117 1557 1197 1612 esse
1223 1557 1296 1610 uou
1322 1543 1443 1632 posset
1468 1535 1533 1609 uisi
1559 1535 1607 1609 ab
1638 1555 1727 1610 uno·
1746 1534 1919 1631 principe,
1945 1535 2008 1630 qui
2032 1543 2087 1612 tot

917 1664 955 1734 et
980 1664 1054 1731 tam
1071 1655 1217 1732 diverse
1234 1655 1418 1732 contraria
1436 1655 1531 1731 iuter
1547 1675 1589 1730 se
1609 1655 1851 1752 repugnantia
1867 1655 1977 1729 simul
1998 1676 2088 1731 con·

916 1784 1079 1854 necteret
1095 1784 1132 1852 et
1150 1777 1291 1876 ligaret
1310 1776 1412 1852 Unde
1429 1776 1535 1852 dicit:
1561 1779 1613 1850 ct'
1626 1798 1721 1850 esser
1745 1796 1819 1850 noo
1838 1782 1957 1868 poure,
1983 1775 2086 1870 idest,

914 1901 981 1974 iste
1011 1905 1133 1973 tantm
1165 1898 1257 1973 ordo
1288 1918 1370 1973 esse
1400 1917 1473 1971 uon
1498 1903 1627 1992 potest,
1652 1917 1763 1970 senza
1794 1903 1921 1987 postor
1953 1899 1991 1970 dt
2023 1898 2083 1988 lui,

915 2020 1016 2114 idest,
1042 2019 1120 2094 sine
1146 2021 1282 2095 sentire
1307 2027 1344 2094 et
1369 2018 1586 2114 participare
1610 2019 1657 2092 de
1681 2018 1770 2111 Deo,
1797 2017 1860 2111 qui
1886 2025 1942 2092 est
1966 2019 2085 2113 prima

915 2160 1027 2216 causa
1052 2138 1163 2234 ipsius
1188 2138 1336 2232 ordinis,
1353 2137 1472 2231 etqui
1491 2137 1554 2212 dat
1570 2136 1742 2212 omnibus
1759 2157 1840 2210 esse
1859 2142 1898 2210 et
1923 2142 2089 2229 motum;

916 2259 1015 2334 uude
1039 2266 1077 2334 et
1102 2258 1223 2354 primo
1239 2258 1398 2354 capitulo
1415 2257 1526 2331 huius
1543 2256 1703 2332 Paradisi
1723 2256 1862 2331 dictum
1884 2263 1939 2332 est
1955 2256 2003 2331 de
2018 2257 2087 2332 isto

915 2379 1065 2455 ordine:
1091 2403 1110 2453 c
1134 2387 1253 2475 questo
1276 2377 1438 2474 risurum
1461 2382 1522 2453 cte
1545 2381 1744 2452 tuniuerso
1774 2400 1799 2450 α
1824 2381 1894 2452 Dio
1921 2382 1964 2472 su
1992 2381 2089 2454 riad-

914 2503 1063 2593 9liuatc:
1087 2507 1125 2574 et
1149 2499 1254 2574 dicit:
1281 2501 1335 2573 cti
1358 2493 1412 2574 αὶ)
1428 2501 1569 2590 mnodo,
1587 2499 1690 2592 idest,
1711 2498 1739 2571 si
1757 2498 1840 2592 quis
1862 2499 1958 2574 hene
1974 2499 2091 2573 subti-

915 2620 996 2696 liter
1020 2621 1210 2696 adrertat:
1238 2620 1336 2696 uude
1366 2619 1565 2716 philosophi
1591 2619 1815 2694 admirantes
1846 2618 1958 2692 istum
1990 2617 2089 2694 ordi·

915 2759 1001 2815 nem
1028 2740 1259 2816 devenerunt
1283 2741 1320 2814 in
1345 2740 1592 2837 cognitionem
1618 2740 1695 2814 Dei.
1710 2743 1875 2812 -tevn
1893 2738 1959 2813 llic
1978 2745 2090 2812 autor

913 2859 1085 2936 describit
1108 2861 1375 2938 ordinationem
1391 2853 1429 2954 (²)
1454 2861 1555 2936 coeli:
1583 2868 1620 2936 et
1645 2861 1765 2956 primo
1790 2861 1918 2935 invitat
1941 2860 2087 2935 audito-

916 3001 995 3056 rem
1022 2981 1068 3056 ad
1094 2981 1399 3056 considerandum
1427 2982 1631 3057 mirabilem
1653 2981 1818 3056 ordinem
1838 3002 1913 3074 quo
1930 3000 2087 3077 corpora

916 3101 1106 3196 superiora
1132 3108 1341 3196 moventur,
1359 3109 1397 3177 et
1418 3107 1551 3198 regunt
1576 3100 1759 3177 interiora.
1785 3100 1838 3174 Ad
1859 3100 1965 3174 cuius
1981 3100 2088 3176 iutel-

915 3221 1101 3318 ligeutiam
1128 3229 1183 3298 est
1216 3221 1508 3318 praenotandum,
1535 3221 1634 3316 quod
1660 3227 1783 3295 motus
1812 3218 2033 3295 firmamenti
2051 3209 2086 3311 ι’)

915 3331 1077 3434 trahit(⁸)
1110 3343 1158 3416 ab
1190 3342 1332 3417 oriente
1362 3362 1492 3417 versus
1522 3341 1774 3434 occidentem3
1809 3341 1964 3435 planetae
1997 3359 2088 3416 vero

915 3469 1042 3537 contra
1074 3462 1185 3536 istum
1217 3469 1360 3536 motum
1399 3460 1537 3536 iaciunt
1573 3459 1801 3535 contrarium
1832 3480 1983 3534 cursum
2019 3458 2089 3533 sub

913 3582 1038 3676 aliquo
1064 3582 1213 3676 circulo,
1236 3581 1300 3676 qui
1324 3581 1459 3657 dicitur
1482 3581 1666 3674 zodiacus,
1686 3579 1750 3674 qui
1776 3581 1813 3654 iu
1837 3600 1945 3674 spera
1970 3579 2088 3653 inter·

915 3709 1015 3776 secat
1039 3701 1219 3777 circulum
1245 3701 1551 3797 aequinoctialem,
1576 3708 1614 3776 et
1638 3701 1882 3776 intersecatur
1907 3699 1955 3773 ab
1979 3719 2027 3774 eo
2051 3698 2089 3772 iu

914 3824 1007 3897 duas
1032 3829 1154 3918 partes
1179 3822 1360 3918 aequales3
1390 3830 1428 3898 et
1458 3843 1531 3896 una
1557 3821 1734 3897 medietas
1762 3820 1898 3895 zodiaci
1931 3818 2089 3894 declinat

914 3963 1045 4018 versus
1070 3945 1369 4038 septentrionem,
1386 3943 1457 4018 alia
1474 3963 1606 4018 versus
1623 3939 1826 4016 meridiem.
1844 3940 1888 4013 Et
1904 3946 2004 4014 totus
2021 3939 2089 4012 iste

914 4065 1085 4140 zodiacus
1109 4065 1282 4138 dividitur
1307 4065 1344 4137 iu
1360 4064 1554 4139 duodecim
1572 4069 1696 4158 partes
1714 4061 1896 4155 aequalem
1922 4067 1960 4134 et
1984 4079 2088 4154 quae·

913 4186 1001 4260 libet
1026 4207 1111 4280 pars
1135 4193 1191 4260 est
1224 4207 1298 4260 una
1324 4184 1560 4278 constellatio,
1586 4203 1671 4278 quae
1696 4181 1902 4277 appellatur
1926 4181 2086 4276 siguum.

915 4307 1121 4402 Alloquitur
1146 4327 1239 4402 ergo
1262 4313 1372 4380 autor
1394 4306 1582 4397 lectorem,
1599 4313 1637 4378 et
1653 4303 1762 4378 dicit:
1788 4300 2085 4396 quandoquidem

915 4427 966 4502 sic
995 4433 1050 4503 est
1081 4427 1180 4521 quod
1205 4426 1330 4502 omnia
1361 4426 1495 4500 habent
1524 4425 1705 4517 ordinem,
1730 4429 1892 4514 Dunquc,
1921 4441 1944 4492 o
1975 4424 2088 4512 letter,

914 4551 1167 4622 revelavero
1198 4568 1306 4638 mero,
1338 4546 1440 4640 idest,
1476 4544 1763 4640 speculationem
1791 4541 2087 4632 intellectualem,

977 4779 1005 4841 (¹)
1020 4777 1050 4828 E.
1066 4777 1178 4840 Spiritus
1192 4777 1301 4828 &nctus
1316 4777 1442 4840 procedit.
1670 4774 1700 4837 (¹)
1715 4774 1742 4824 S.
1759 4773 1886 4824 ordinem.

976 4854 1004 4996 ἓξ
1020 4853 1226 4982 mmm
1241 4855 1390 4906 stertente
1406 4866 1497 4904 versus
1512 4851 1676 4923 occidentem
1693 4852 1863 4912 terminatum
1880 4847 1998 4913 planeto.
