4842 6642
907 865 1046 922 cunnus
1069 867 1199 922 nonus.
1592 857 1637 924 19

465 1018 503 1087 et
528 1031 757 1086 rememoras
770 1003 807 1104 (¹)
836 1011 923 1085 milri
949 1011 1015 1086 ista
1042 1010 1136 1086 iacta
1162 1010 1301 1086 lubrica
1328 1018 1366 1086 et
1391 1013 1639 1107 voluptuosa?

464 1134 592 1207 Nonne
617 1132 718 1208 doles
743 1139 781 1207 et
805 1132 992 1207 erubescis
1016 1131 1063 1207 dc
1089 1131 1151 1206 tali
1172 1132 1280 1226 culpa
1294 1137 1309 1203 t
1325 1131 1532 1228 Respondet
1551 1133 1639 1207 Fnl·

464 1273 542 1346 cns,
569 1273 687 1347 qnare
721 1274 793 1327 non
821 1253 998 1346 tristatur,
1025 1258 1062 1326 et
1088 1250 1134 1326 de
1159 1272 1235 1347 quo
1261 1254 1406 1327 laetatur
1431 1251 1490 1326 ibi.
1522 1254 1566 1326 Et
1590 1251 1637 1327 ad

465 1373 575 1447 huius
601 1379 724 1448 textus
750 1372 1024 1469 intelligentiam
1044 1371 1189 1467 expedit
1206 1378 1415 1468 praenotare
1434 1371 1638 1470 diligenter,

466 1493 565 1589 quod
591 1513 638 1568 ex
664 1513 776 1589 opere
801 1511 962 1568 venereo
989 1492 1152 1567 nascitur
1177 1500 1370 1588 peccatum
1396 1512 1483 1567 cnm
1501 1491 1640 1566 inordi-

466 1620 551 1690 nate
577 1620 614 1689 et
639 1613 825 1710 illegitime
854 1617 1006 1688 vacatur
1038 1612 1230 1706 venereis3
1260 1619 1298 1686 et
1322 1611 1419 1686 istud
1446 1617 1638 1707 peccatum

466 1743 522 1810 est
546 1734 723 1808 abolitum
750 1739 787 1808 et
813 1742 1011 1828 purgatum
1044 1731 1081 1805 in
1111 1731 1187 1805 istis
1221 1731 1405 1828 spiritibus
1439 1739 1638 1826 antequam

467 1856 706 1931 ascenderent
730 1853 878 1926 eoelnm.
905 1851 1074 1927 Nascitur
1098 1851 1208 1926 etiam
1237 1858 1274 1926 et
1299 1851 1465 1927 mirabile
1486 1854 1639 1947 bonum,

468 1975 556 2072 quia
580 1996 646 2072 per
672 1974 787 2049 solam
815 1973 912 2048 viam
938 1971 1183 2070 generationis
1210 1972 1370 2046 mundus
1390 1972 1539 2048 inferior
1555 1994 1640 2049 cor·

468 2095 646 2192 nuptibilis
672 2093 846 2169 continuo
872 2092 987 2168 labilis
1013 2099 1050 2167 et
1075 2092 1237 2166 caducus
1262 2113 1408 2188 semper
1426 2099 1638 2188 renovatur,

468 2221 663 2312 reparatur
683 2221 720 2289 et
737 2213 1009 2309 quodammodo
1027 2219 1283 2308 perpetuatum
1304 2220 1341 2288 et
1357 2213 1408 2289 sic
1427 2212 1467 2287 lit
1485 2220 1640 2289 coaeter·

467 2358 537 2412 nus
564 2335 702 2410 mundo
728 2334 907 2429 superiori
939 2354 1005 2429 per
1039 2333 1144 2408 istam
1176 2333 1422 2409 successivam
1453 2342 1641 2409 restaura·

468 2457 624 2551 tionem,
651 2463 688 2532 et
714 2459 783 2532 hoc
810 2462 864 2531 est
895 2454 982 2529 illud
1013 2455 1151 2528 bonum
1185 2455 1232 2530 de
1264 2476 1340 2549 qno
1373 2454 1537 2549 loquitur
1570 2455 1639 2529 hic.

467 2579 572 2653 Nunc
587 2576 634 2651 ad
652 2576 816 2669 literam3
834 2575 918 2649 dicit
934 2574 1090 2649 Frrlcns:
1108 2575 1278 2669 quamvis
1290 2575 1339 2648 ita
1354 2575 1641 2670 intemperanter

468 2697 684 2791 amaverim,
718 2717 790 2770 oon
810 2688 901 2790 perri
927 2699 986 2792 qui
1010 2699 1041 2768 si
1063 2702 1175 2788 pente,
1206 2695 1308 2790 idest,
1338 2695 1551 2791 poenitentia
1582 2695 1642 2772 rel

469 2817 610 2891 tristitia
633 2817 789 2891 habetur
811 2816 880 2909 iric,
898 2814 984 2909 quia
1006 2816 1077 2889 hoc
1097 2821 1152 2890 est
1170 2814 1402 2911 impossibile,
1419 2819 1528 2890 musi
1550 2819 1641 2908 ride,

469 2936 571 3030 idest,
599 2936 720 3011 laetitia
748 2937 916 3030 habetur,
942 2957 1015 3008 rann
1038 2936 1131 3008 della
1156 2939 1258 3028 colpe
1288 2938 1349 3008 cle
1380 2956 1404 3007 a
1435 2944 1546 3010 mento
1569 2957 1642 3009 non

470 3066 589 3152 torem
619 3057 704 3152 quia
730 3056 911 3132 memoria
942 3055 1079 3150 peccati
1110 3062 1165 3130 est
1194 3056 1354 3131 extincta
1380 3063 1529 3153 propter
1554 3056 1641 3150 dno,

470 3177 615 3272 scilicet,
642 3184 722 3272 post
748 3175 1003 3272 purgationem
1030 3183 1068 3249 et
1093 3175 1316 3269 potationem
1349 3196 1456 3270 aquae
1490 3176 1641 3270 lelnaeae,

471 3304 511 3372 ut
534 3298 642 3394 plene
676 3296 793 3391 patuit
824 3295 921 3370 circa
954 3294 1063 3370 linem
1092 3293 1311 3390 Purgatorii‚
1341 3316 1401 3369 mu
1433 3297 1491 3369 dcl
1521 3299 1643 3370 valore

468 3409 660 3493 cll'orrliml
685 3439 704 3490 e
725 3419 886 3509 procide,
912 3415 1014 3510 idest,
1040 3414 1086 3490 de
1110 3415 1248 3490 virtute
1276 3415 1408 3510 divina,
1435 3437 1519 3511 quae
1543 3417 1643 3491 ordi·

470 3539 570 3615 narii
597 3559 664 3613 sua
690 3535 917 3634 providentia
943 3542 1085 3610 mnium
1113 3537 1253 3610 bonum
1278 3557 1344 3633 per
1369 3538 1474 3611 istam
1496 3558 1641 3634 speram

469 3659 642 3754 Veneris3
670 3658 768 3732 unde
793 3657 914 3732 subdit
940 3656 1107 3731 mirabile
1132 3657 1271 3730 bonnm
1298 3663 1336 3731 et
1360 3678 1450 3733 vere
1480 3666 1644 3734 contem-

471 3781 628 3877 platione
652 3778 817 3877 dignum,
843 3777 987 3853 dicens:
1013 3781 1073 3870 qui
1096 3779 1128 3850 si
1151 3781 1293 3870 nmio,
1319 3778 1464 3873 scilicet,
1482 3801 1548 3875 per
1565 3802 1644 3876 nos,

470 3903 548 3974 nell*
561 3908 651 3991 arte,
689 3899 824 3974 scilicet
861 3899 1118 3996 generationis,
1151 3901 1211 3971 cle
1244 3901 1386 3972 edoma
1420 3908 1558 3974 cotaoto
1593 3905 1644 3997 es·

468 4027 564 4117 soto,
589 4020 692 4114 idest,
719 4026 819 4095 tanta
839 4020 1043 4114 allectione,
1065 4027 1202 4115 quanta
1229 4028 1284 4095 est
1310 4021 1346 4095 in
1369 4041 1509 4116 amore,
1536 4022 1645 4096 deco-

472 4149 530 4215 rat
555 4148 631 4214 tam
659 4141 815 4215 mirabili
833 4142 1105 4236 ellectu3unde
1121 4163 1232 4239 supra
1251 4143 1457 4240 Purgatorii
1470 4143 1570 4218 XXV
1582 4165 1645 4218 ca·

471 4262 586 4358 pitulo
611 4260 696 4336 dicit
720 4269 848 4336 antor:
874 4283 984 4335 socru
1011 4266 1182 4337 tantarte
1207 4267 1246 4337 cli
1268 4270 1498 4359 paturnelo,
1516 4255 1642 4358 imo(¹)

470 4382 580 4460 dicit:
607 4403 626 4454 e
650 4385 839 4456 draconem
867 4383 1011 4473 illem,
1038 4383 1183 4478 scilicet,
1217 4383 1390 4458 mirabilis
1420 4384 1573 4460 allectus
1607 4393 1645 4460 et

387 4597 391 4604 ¹
471 4502 624 4597 fructus,
649 4499 776 4596 percle*
789 4506 817 4577 'l
834 4508 964 4578 mondo
982 4508 1020 4578 di
1040 4525 1081 4577 su
1102 4507 1180 4596 puel
1198 4508 1236 4578 di
1253 4501 1312 4596 pili
1329 4513 1445 4580 torno
1464 4507 1646 4583 Construe

470 4624 522 4698 sic
547 4623 712 4700 literam:
726 4622 867 4716 percle,
885 4625 987 4719 idest,
1006 4631 1154 4720 propter
1178 4627 1279 4718 quod
1305 4627 1456 4722 bonum,
1473 4632 1501 4702 il
1515 4633 1646 4704 werlo

470 4747 507 4817 αἱ
529 4739 602 4835 piri,
629 4743 732 4839 idest,
759 4745 919 4819 mundns
948 4745 1109 4839 inferior,
1140 4752 1246 4818 torna
1278 4749 1357 4837 puel
1385 4748 1424 4820 ‹li
1450 4769 1505 4844 su,
1540 4749 1645 4847 idest,

532 5007 559 5071 (¹)
576 5011 598 5068 t,
615 5021 753 5060 memoras.
1003 5007 1031 5070 (¹)
1048 5007 1078 5058 E.
1096 5020 1111 5058 e
1127 5013 1150 5069 t,
1167 5008 1246 5060 unde.
