4842 6642
746 807 885 865 moros
909 812 1126 868 rnronsnrns
1150 814 1314 869 neamus.
1540 805 1609 873 513

435 958 633 1048 conceptus
657 972 754 1028 snos.
782 954 875 1030 Dicit
902 975 1012 1054 ergo:
1038 963 1160 1032 Aooor
1185 962 1357 1051 tmepo,
1375 963 1525 1053 Depone,
1550 963 1609 1034 cte

430 1077 517 1166 pnot
530 1065 585 1146 οἱὸ
601 1074 661 1146 nte
677 1080 714 1146 ta
730 1076 823 1166 ocni,
841 1075 937 1151 sicut
955 1077 1154 1172 probatum
1171 1084 1228 1152 est
1245 1079 1368 1174 paulin
1385 1085 1482 1174 ante,
1496 1081 1556 1154 ote
1573 1087 1608 1154 or

437 1195 596 1266 mosera
617 1197 698 1266 sord
720 1197 772 1286 oti
789 1199 899 1289 offerti
911 1199 1002 1288 soni,
1023 1196 1127 1291 idest,
1145 1196 1261 1272 bonas
1277 1199 1489 1275 affectiones
1508 1219 1607 1292 suns,

437 1316 519 1407 dim
542 1321 639 1388 mon
655 1317 773 1408 vader,
790 1315 893 1410 idest,
910 1323 991 1414 post
1012 1317 1190 1394 visionem
1203 1320 1344 1394 summi
1360 1320 1465 1397 boni:
1484 1326 1522 1396 et
1538 1322 1609 1395 hoc

438 1440 479 1510 ut
503 1435 614 1530 possit
638 1435 801 1512 scribere
824 1436 862 1511 in
886 1458 956 1514 suo
979 1457 1093 1534 opere
1125 1439 1172 1514 ad
1202 1439 1471 1516 removendum
1507 1459 1609 1516 mor·

436 1554 527 1631 tales
550 1576 575 1630 a
599 1555 694 1631 vitiis
718 1562 756 1630 et
780 1557 1031 1636 revocandum
1050 1558 1097 1633 ad
1114 1557 1279 1635 virtutes.
1298 1560 1342 1634 Et
1359 1561 1489 1655 probat
1506 1559 1606 1654 quod

435 1673 552 1750 oratio
585 1676 630 1749 sit
662 1676 888 1771 exaudibilis,
914 1677 1037 1756 dicens
1070 1677 1201 1774 primo,
1232 1679 1338 1775 quod
1357 1685 1412 1755 ost
1437 1678 1606 1776 impossi-

435 1794 506 1870 biie
530 1795 626 1872 inter
650 1802 704 1872 tot
728 1817 875 1872 errores
901 1799 1082 1874 humanos
1112 1800 1189 1874 soia
1224 1799 1430 1876 innocentia
1455 1800 1604 1895 vivere;

434 1916 605 2010 secundo,
632 1916 819 2011 quianon
842 1918 963 1992 solnm
992 1917 1212 2013 Bernardus,
1238 1919 1303 1996 sod
1329 1926 1365 1996 et
1390 1920 1538 1996 Beatrix
1565 1927 1604 1996 et

434 2035 557 2112 ooeteri
582 2036 677 2111 beati
701 2036 905 2132 supplicant
928 2058 996 2134 pro
1011 2044 1154 2115 autore
1173 2039 1267 2115 Dicit
1284 2060 1394 2136 ergo:
1415 2049 1474 2114 tro
1489 2061 1605 2132 puor-

431 2159 493 2232 dio
516 2155 934 2252 poenitentemne
961 2158 1071 2234 debet
1100 2165 1138 2233 ct
1168 2158 1299 2234 sistere
1328 2165 1365 2234 et
1395 2159 1606 2251 frenaret

432 2281 626 2352 noemma
649 2280 783 2369 amarti
817 2277 919 2372 idest,
952 2277 1196 2372 alterationes,
1232 2278 1329 2376 qnia
1356 2285 1480 2353 nostra
1516 2298 1605 2354 caro

431 2397 605 2494 passibilis
630 2405 667 2474 et
691 2399 828 2496 fragilis
851 2400 1031 2475 atteratur
1054 2398 1101 2474 ad
1126 2418 1278 2474 omnem
1304 2407 1459 2495 motum,
1485 2406 1525 2475 et
1548 2400 1604 2475 nl-

431 2523 527 2594 ternt
551 2523 713 2594 mentem
739 2518 902 2594 interius.
920 2520 964 2592 iit
987 2519 1091 2594 dicit:
1110 2522 1189 2594 ordi
1205 2523 1378 2614 Bactriae,
1401 2540 1485 2615 quae
1513 2539 1603 2596 oon-

430 2638 536 2713 durit
558 2639 670 2713 istum
696 2659 870 2735 prospere
886 2659 1007 2735 nsque
1023 2639 1070 2715 ad
1087 2639 1198 2716 istum
1211 2659 1377 2735 *passum
1395 2661 1463 2714 eon
1478 2643 1603 2733 pronti

429 2761 531 2851 tend,
556 2760 703 2854 scilicet,
720 2758 904 2855 precipuo
920 2780 1008 2834 cum
1025 2759 1238 2836 doctoribus
1258 2759 1370 2855 ipsius
1397 2759 1601 2858 theologico,

429 2881 626 2956 tictmdon
649 2883 682 2954 n
705 2883 815 2973 moni,
842 2879 990 2974 scilicet,
1015 2886 1163 2956 orantes
1187 2885 1226 2956 ct
1250 2886 1422 2977 rogantes
1456 2885 1503 2976 te,
1531 2901 1599 2973 per

428 3003 454 3074 a·
477 3003 557 3074 ndei
575 3003 726 3094 praepa.
1145 3013 1149 3018 ·
1445 3017 1447 3022 ·

503 3125 559 3197 oa·
582 3123 678 3196 nocti
698 3123 749 3196 do
774 3124 854 3196 Dio.
880 3121 953 3196 Ista
975 3128 1033 3196 est
1057 3119 1218 3198 secunda
1243 3141 1328 3216 pars
1353 3120 1535 3217 generalis
1546 3111 1595 3214 (¹),

426 3243 463 3317 in
486 3263 561 3336 qna
585 3248 694 3317 antor
718 3241 875 3318 ostendit
900 3241 1087 3336 quomodo
1112 3261 1226 3338 opera
1251 3240 1374 3315 Mariae
1403 3240 1481 3338 ipse
1514 3260 1600 3336 per-

425 3362 567 3438 venerit
589 3361 636 3436 ad
662 3361 839 3438 visionem
865 3361 1002 3436 summi
1026 3361 1112 3436 boni
1134 3361 1242 3458 juxta
1268 3360 1480 3457 petitionem
1506 3361 1600 3436 Ber·

426 3482 540 3558 nardi.
566 3482 611 3556 Et
635 3481 753 3577 primo
778 3481 935 3558 ostendit
959 3501 1025 3578 per
1056 3480 1205 3558 evidens
1234 3479 1382 3577 signum
1408 3479 1598 3575 quomodo

425 3604 537 3679 diaria
560 3608 725 3698 acceptet
750 3602 837 3678 istas
861 3621 1008 3698 preces:
1034 3600 1121 3677 dicit
1145 3620 1256 3697 ergo:
1289 3603 1345 3674 Gt·
1369 3601 1477 3695 mcii,
1500 3598 1598 3674 scili-

424 3729 483 3800 oet
508 3722 640 3817 Mariae,
665 3725 815 3796 diicttie
843 3724 998 3796 morati
1030 3723 1081 3796 do
1097 3723 1192 3812 Dio,
1218 3720 1306 3815 qnia
1338 3720 1439 3796 Deus
1472 3717 1597 3794 dilexit
1740 3827 1743 3832 1

367 3879 374 3894 ·
424 3853 463 3921 et
485 3842 678 3918 honoravit
702 3841 811 3918 istam
828 3840 1090 3936 pulcerrimam
1109 3840 1296 3916 dominnm
1315 3858 1428 3935 super
1444 3858 1593 3914 omnem

423 3969 645 4056 creaturam,
662 3962 750 4056 qnia
767 3961 866 4037 Deus
885 3959 1096 4035 sublimarit
1112 3960 1317 4055 ioeminam,
1335 3958 1514 4035 Dominus
1530 3978 1597 4033 an·

422 4083 556 4178 citiam,
581 4088 758 4179 patronos
782 4096 929 4158 serram
954 4081 1001 4157 ad
1029 4080 1178 4156 cutmen
1202 4085 1315 4155 tante
1335 4077 1529 4176 dignitatis,
1557 4084 1596 4154 et

423 4205 650 4280 maiestatem
678 4201 766 4276 tenti
792 4201 952 4296 nonoris,
984 4203 1062 4295 fissi
1089 4202 1168 4274 nott
1180 4206 1339 4293 oratore,
1367 4198 1470 4293 idest,
1500 4197 1593 4274 Ber·

422 4324 548 4418 nardo‚
573 4323 637 4420 qni
662 4323 731 4396 init
754 4327 880 4398 orator
904 4321 1069 4396 Domini:
1095 4312 1214 4414 inite)
1235 4319 1334 4396 enim
1356 4319 1403 4395 de
1423 4319 1478 4395 rei
1494 4319 1593 4395 veri·

420 4452 496 4521 tate
518 4446 729 4522 luculentus
753 4449 892 4536 orator,
917 4440 1005 4538 quia
1038 4442 1166 4521 habuit
1197 4441 1345 4516 duioem
1381 4446 1418 4516 et
1451 4441 1590 4517 claram

420 4565 667 4661 eloquentiam
693 4584 780 4640 cnm
806 4561 934 4638 dorido
959 4569 997 4637 et
1020 4562 1132 4658 polito
1155 4563 1262 4659 stylo,
1289 4561 1386 4637 sicut
1410 4566 1510 4658 patet
1534 4560 1594 4634 in·

420 4686 537 4763 tuenti
560 4685 656 4760 diota
682 4684 783 4778 eins3
808 4683 877 4758 init
904 4683 1016 4758 miam
1047 4690 1185 4776 orator,
1211 4680 1305 4776 idest
1331 4686 1500 4776 precator
1524 4679 1592 4756 de·

483 4873 511 4935 (·)
527 4871 558 4922 li.
575 4871 702 4936 gemmis
716 4871 795 4922 lanino
809 4869 924 4935 minii,
939 4871 966 4920 in
982 4883 1041 4935 qno.

483 4949 513 5012 (ἦ
527 4949 553 5000 S.
570 4949 664 5000 didtnr
679 4949 758 4999 enim.

556 5053 582 5100 V.
1430 5052 1457 5095 88
