4842 6642
758 865 763 880 '
803 887 943 944 caurus
967 886 1125 944 nncmus
1150 887 1318 956 ournrus.
1575 872 1643 945 139

472 1033 553 1126 quis
578 1051 649 1129 ego
674 1033 757 1126 sim,
778 1033 835 1108 vei
864 1053 982 1128 quare
1007 1053 1079 1130 ego
1104 1033 1230 1108 videar
1256 1033 1320 1108 tibi
1348 1034 1463 1108 iaetior
1488 1035 1642 1110 ceteris.

471 1153 576 1228 Nunc
597 1152 643 1227 ad
663 1152 806 1228 literam
833 1152 918 1227 dicit
938 1153 1196 1250 Caeciaguida:
1220 1158 1270 1226 Pu
1286 1157 1383 1226 credi
1397 1155 1459 1227 cte
1476 1163 1537 1228 tuo
1551 1177 1643 1248 pcn-

471 1277 541 1347 sier
570 1275 638 1346 mei
670 1293 694 1345 a
724 1293 791 1363 nte,
817 1273 918 1366 idest,
946 1274 1035 1348 ssuat
1068 1273 1114 1348 ad
1145 1293 1216 1366 me,
1242 1273 1292 1347 ita
1325 1274 1435 1368 quod,
1462 1278 1539 1368 mei,
1568 1296 1641 1348 non

472 1398 525 1467 est
552 1391 599 1466 ibi
626 1411 829 1487 pronomen
854 1391 918 1466 sed
945 1393 1115 1487 verbum,
1142 1394 1191 1466 du
1216 1395 1296 1486 quet
1317 1388 1401 1466 cit’d
1414 1395 1546 1484 primo,
1572 1392 1643 1467 sci·

471 1513 554 1588 iicet
579 1513 666 1606 Deo,
693 1533 716 1587 a
741 1512 859 1606 simili,
886 1505 915 1586 si
939 1534 1035 1586 come
1064 1516 1092 1587 u
1120 1515 1242 1606 doque
1270 1516 1339 1586 e’t
1359 1517 1421 1606 sci,
1448 1513 1540 1588 idest
1571 1533 1643 1586 nu-

473 1653 599 1709 merus
624 1654 690 1730 par
715 1639 753 1709 et
778 1631 909 1730 impar,
932 1637 1016 1707 rain
1041 1637 1200 1726 dalton,
1227 1634 1329 1727 idest,
1357 1634 1474 1708 radiat
1490 1635 1538 1708 ab
1556 1653 1642 1726 uno,

472 1753 576 1849 quasi
601 1753 707 1847 dicat,
734 1753 827 1828 sicut
850 1755 970 1828 omnis
996 1774 1174 1829 numerus
1200 1753 1389 1830 derivatur
1415 1753 1463 1830 ab
1488 1755 1640 1848 unitate,

472 1880 513 1947 ut
538 1873 588 1948 ait
613 1871 781 1968 Boetius3
813 1879 849 1948 et
877 1873 981 1948 dicit:
1008 1895 1045 1947 se
1068 1877 1100 1947 si
1123 1895 1281 1966 conoscc,
1312 1875 1415 1968 idest,
1450 1875 1478 1948 si
1505 1895 1642 1971 cogno·

471 1993 601 2086 scitur3
625 2014 803 2068 numerus
829 1994 1019 2088 quinarius
1051 2000 1087 2068 et
1120 1996 1287 2070 senarius
1313 2017 1385 2070 non
1411 1996 1644 2092 cognoscitur

471 2115 535 2188 nisi
563 2133 628 2209 per
655 2114 832 2189 unitartem
858 2135 942 2208 quae
960 2121 1014 2190 est
1032 2114 1134 2189 radix
1157 2117 1324 2190 omnium
1340 2110 1389 2209 (¹).
1409 2117 1453 2190 itt
1467 2117 1606 2190 subdit:
1626 2137 1645 2188 e

465 2227 568 2328 perd,
594 2234 696 2328 idest,
724 2234 790 2308 ista
817 2235 864 2308 de
889 2255 1001 2308 causa
1037 2237 1123 2330 quia
1148 2237 1268 2311 credis
1300 2258 1365 2311 nos
1396 2257 1525 2312 omnes
1550 2237 1644 2310 scire

470 2355 726 2452 cogitationem
761 2363 875 2450 tuam,
907 2377 979 2429 non
1008 2360 1168 2432 &mundi
1197 2360 1297 2432 citio
1329 2362 1377 2432 nri
1407 2362 1477 2448 siu,
1512 2378 1643 2450 eper-

469 2473 531 2550 cte*
553 2479 588 2548 io
608 2481 697 2570 puio
716 2473 779 2569 piri
809 2480 994 2568 gaudioso,
1025 2477 1127 2571 idest,
1158 2499 1226 2552 nec
1258 2479 1348 2572 petis
1375 2499 1492 2572 quare
1517 2479 1643 2552 ridear

471 2597 593 2672 iacere
619 2597 681 2670 tibi
707 2597 828 2672 maius
853 2598 999 2691 festum,
1025 2601 1085 2672 cte
1118 2603 1221 2672 alcun
1251 2603 1358 2691 ultro,
1389 2600 1534 2692 sciticet,
1569 2597 1642 2693 spi·

472 2718 572 2812 ritus,
598 2721 636 2791 dt
659 2725 778 2808 questa
802 2719 904 2790 turdo
928 2723 1026 2812 puio,
1056 2717 1157 2812 idest,
1179 2719 1333 2794 istorum
1357 2719 1513 2792 miiitum
1535 2717 1640 2792 Cirri-

470 2837 514 2911 sti
530 2829 566 2929 (¹)
588 2837 922 2912 bellicosorum-
940 2843 989 2912 Tu
1006 2843 1103 2912 credi
1118 2842 1146 2912 it
1161 2861 1254 2913 uero.
1274 2839 1339 2914 iiic
1356 2845 1465 2913 autin
1476 2827 1514 2931 (³)
1530 2838 1640 2934 justi-

471 2958 556 3032 ficat
581 2957 824 3054 ignorantiam
843 2959 983 3033 autoris
1002 2967 1150 3054 propter
1176 2960 1255 3033 eius
1273 2960 1480 3054 opinionem
1498 2979 1638 3051 veram,

471 3086 508 3152 et
535 3080 622 3173 petit
648 3087 689 3151 ut
715 3080 897 3175 exprimat
923 3079 1160 3154 intentionem
1188 3101 1305 3153 suam.
1329 3081 1429 3156 Unde
1453 3079 1557 3154 dicit:
1589 3086 1637 3153 dtr

470 3202 567 3272 medi
582 3201 610 3271 it
624 3221 721 3290 vcro,
743 3198 844 3294 idest,
873 3208 912 3274 tu
939 3201 1053 3276 habes
1071 3221 1199 3274 veram
1218 3200 1472 3275 credulitatem
1493 3199 1540 3274 de
1557 3199 1638 3293 troc,

470 3319 557 3412 quia
583 3319 618 3392 in
646 3320 698 3394 rei
726 3321 881 3395 veritate
908 3321 1085 3396 habemus
1109 3321 1178 3394 hoc
1203 3341 1226 3393 a
1251 3320 1338 3414 Deo,
1358 3327 1401 3393 ut
1420 3319 1640 3415 praedicitur,

468 3441 529 3512 cde
553 3445 566 3512 i
590 3442 732 3530 minori,
758 3439 860 3534 idest,
887 3442 950 3536 qui
976 3441 1113 3515 habent
1139 3441 1319 3515 minorem
1337 3440 1493 3536 gradum
1513 3441 1641 3536 giorioe

470 3559 672 3634 secundum
700 3581 812 3656 parva
840 3562 983 3654 merita,
1010 3565 1067 3634 ci
1096 3563 1241 3652 mundi,
1276 3560 1379 3653 idest,
1409 3559 1473 3654 qui
1505 3559 1641 3634 habent

470 3679 648 3754 maiorem
676 3681 833 3776 gradum
860 3681 1062 3754 secundum
1090 3699 1222 3754 eorum
1242 3701 1377 3776 magna
1397 3685 1435 3752 et
1455 3679 1640 3753 excelien-

468 3799 561 3874 tiora
588 3801 730 3893 merita,
756 3803 794 3874 di
818 3808 936 3893 questo
962 3805 1045 3891 nito,
1072 3801 1219 3894 scilicet,
1244 3807 1394 3892 aeterna,
1413 3800 1531 3870 rodon
1548 3801 1639 3870 netto

468 3922 612 4013 mentio,
638 3919 739 4014 idest,
767 3921 885 3995 Deum
907 3927 1097 4015 tamquam
1125 3921 1161 3994 in
1184 3921 1374 4016 speculum
1410 3920 1447 3992 in
1479 3937 1556 4011 quo
1581 3937 1642 3991 re-

470 4041 569 4113 iucet
593 4039 711 4113 omnis
736 4039 882 4115 veritas.
910 4041 1012 4116 Unde
1036 4038 1141 4116 dicit:
1167 4043 1204 4114 in
1236 4043 1309 4131 cde,
1335 4039 1438 4132 idest,
1471 4038 1507 4110 in
1541 4037 1640 4131 quod

436 4160 439 4168 ’
469 4160 670 4255 specuium,
692 4169 727 4235 tu
738 4141 854 4255 pondi
878 4165 905 4234 il
923 4165 1064 4255 portior
1084 4164 1205 4254 prima
1231 4163 1291 4233 cite
1312 4164 1425 4252 pensi,
1451 4159 1553 4252 idest,
1573 4179 1640 4232 ex-

469 4281 580 4376 plicas
604 4282 810 4377 cogitamen
838 4283 1053 4378 priusquam
1080 4283 1229 4378 cogites,
1248 4282 1336 4376 quia
1353 4281 1501 4371 scilicet,
1521 4299 1580 4353 res
1601 4285 1639 4352 et

469 4401 705 4497 cogitationes
730 4410 816 4476 sunt
843 4403 1042 4478 manifestae
1067 4408 1105 4476 et
1130 4408 1328 4496 praesentes
1353 4399 1420 4473 sibi
1438 4407 1637 4491 antequam

468 4521 566 4596 dant.
585 4521 629 4594 Et
649 4522 762 4596 habes
783 4522 1045 4618 experientiam
1067 4521 1211 4612 dehoc,
1231 4519 1316 4612 quia
1334 4520 1435 4593 rides
1452 4518 1550 4614 quod
1568 4537 1639 4613 ego

468 4642 637 4717 descendi
663 4643 709 4717 ad
734 4649 781 4736 te,
808 4643 894 4738 quia
925 4641 1165 4737 praevideram
1199 4641 1237 4713 in
1269 4640 1345 4713 Deo
1379 4639 1636 4735 cogitationem

530 4873 557 4936 [¹]
573 4873 604 4924 Ε.
621 4887 636 4923 e
653 4879 676 4930 t.
693 4873 777 4924 omnis
794 4875 905 4923 numeri.
924 4873 962 4922 Er,

530 4945 557 5009 ς’)
574 4949 605 4998 Ε.
621 4949 683 4998 lesu
698 4947 792 4998 Christi
810 4949 1016 4999 heliotorum·
1029 4947 1075 4996 Tu.

464 5035 468 5042 ’
530 5023 556 5086 (⁸)
572 5023 628 5074 Cost
645 5025 653 5076 i
668 5024 764 5086 Godioi,
781 5039 822 5076 ma
839 5025 941 5075 sembra
956 5025 1005 5074 cire
1021 5023 1047 5073 in
1064 5023 1144 5087 iuogo
1160 5023 1186 5072 di
1202 5029 1278 5074 autor
1292 5024 1375 5074 debir·
1388 5024 1444 5073 dire
1458 5023 1637 5086 Goeoiupuidu.
