4842 6642
835 857 975 913 murus
1001 858 1230 913 rmocsmus.
1543 843 1615 912 453

441 1002 489 1077 ad
512 1001 814 1100 ingurgitandum
846 1003 893 1078 de
920 1024 1040 1099 aqua3
1066 1011 1105 1078 et
1135 1002 1241 1079 dicit:
1267 1024 1288 1076 c
1314 1005 1444 1094 duna,
1469 1001 1616 1096 scillcet,

364 1175 367 1178 ⁴
441 1123 574 1217 invilla,
588 1126 745 1213 ιἠίναυα,
759 1123 863 1217 idest,
883 1123 922 1197 in
937 1124 1139 1222 gurgitem,
1159 1127 1218 1198 κη’
1231 1126 1330 1198 altro
1347 1126 1488 1198 n'uscia
1507 1125 1615 1218 filori

442 1243 485 1318 llt
508 1264 577 1338 per
601 1245 672 1319 hoc
697 1249 798 1320 notat
823 1245 923 1339 quud
947 1245 1069 1342 angeli
1086 1245 1226 1320 suntin
1245 1245 1419 1320 continuo
1441 1245 1617 1320 exercitio

444 1363 691 1442 ministrantes
721 1369 758 1440 et
788 1371 974 1462 portantes
1004 1365 1157 1441 diversis
1190 1365 1238 1439 de
1269 1364 1390 1439 divina
1419 1364 1548 1461 gratia.
1567 1404 1617 1418 -

443 1487 560 1558 L'olto
579 1487 680 1559 disin
706 1484 772 1560 llic
797 1484 945 1561 Beatrix
961 1485 1197 1562 commendat
1213 1484 1435 1560 desiderium
1462 1484 1615 1577 autoris,

443 1604 507 1700 qui
534 1611 612 1680 toto
635 1603 760 1680 animo
785 1604 1016 1681 desiderabat
1044 1605 1139 1680 scire
1164 1605 1252 1700 quid
1281 1604 1347 1678 sibi
1377 1603 1487 1679 vellet
1520 1601 1615 1677 istud

443 1723 664 1820 stupendum
683 1726 957 1822 spectaculum:
974 1733 1013 1800 et
1028 1725 1113 1801 dicit
1131 1725 1230 1820 quud
1248 1730 1392 1820 oportet
1409 1724 1508 1818 quod
1525 1743 1614 1798 con·

444 1851 559 1922 tentet
581 1845 803 1921 desiderium
830 1866 960 1941 suum3
988 1846 1086 1920 unde
1115 1845 1220 1920 dicit:
1246 1847 1367 1920 L'nlto
1392 1847 1495 1937 disin,
1513 1844 1615 1937 idest,

442 1966 577 2041 ardens
601 1965 836 2061 desiderium,
861 1969 921 2040 cllo
944 1987 1002 2039 mo
1027 1969 1244 2058 {inflamma
1262 1973 1294 2040 et
1311 1985 1410 2059 urge,
1431 1965 1534 2058 idest,
1551 1985 1614 2041 ac·

442 2086 565 2161 cendit
588 2093 627 2161 et
651 2085 815 2182 impellit,
834 2088 869 2160 d’
883 2107 972 2160 cuer
993 2089 1128 2191 nctigio
1152 2077 1268 2160 di'cid
1293 2087 1352 2159 cle
1372 2092 1408 2160 tu
1429 2088 1494 2176 uei,
1513 2084 1614 2179 idest,

443 2205 599 2281 habendi
624 2205 870 2304 cognitionem
895 2206 944 2282 de
968 2205 1141 2280 omnibus
1162 2205 1257 2299 risis
1277 2206 1364 2300 quin
1390 2205 1537 2298 scilicet,
1562 2205 1615 2280 vis

442 2346 667 2424 cognoscere
690 2327 778 2422 quid
803 2334 859 2403 est
884 2327 972 2402 illud
997 2328 1147 2418 tlumen,
1174 2326 1261 2421 quid
1293 2327 1402 2401 dores
1434 2327 1612 2421 riparum,
1647 2317 1650 2324 ’

442 2447 529 2541 quid
554 2447 686 2524 lavillae
710 2469 794 2543 quae
820 2442 1064 2544 portantur(¹)
1091 2468 1189 2542 aqua
1217 2446 1377 2522 lluminis
1403 2453 1440 2522 ct
1465 2446 1611 2521 ebrian-

442 2575 504 2642 tur
528 2568 642 2644 odore
666 2569 815 2663 dorum,
838 2553 937 2642 lauto
961 2571 1010 2642 nti
1028 2571 1132 2662 piace
1161 2563 1223 2662 pici
1252 2574 1384 2661 quanto
1410 2562 1473 2660 pli
1499 2575 1612 2660 turpe,

442 2687 544 2781 idest,
568 2695 708 2783 quanto
732 2689 816 2783 plus
840 2688 1051 2764 intumescit
1075 2695 1113 2763 et
1137 2687 1328 2782 excrescit,
1355 2687 1441 2782 qula
1472 2693 1611 2781 quanto

442 2807 618 2884 intensior
640 2809 711 2885 erit
734 2809 822 2903 sitis,
848 2814 951 2886 tanto
970 2809 1113 2884 dulcior
1128 2808 1201 2884 erit
1220 2813 1348 2904 potus:
1369 2814 1407 2884 et
1426 2807 1508 2883 ideo
1525 2807 1615 2882 sub-

441 2928 510 3003 dit:
537 2951 597 3002 ma
621 2933 766 3006 women
789 2933 850 3005 cle
873 2937 910 3004 lu
934 2930 988 3004 dci
1011 2932 1049 3003 di
1072 2937 1191 3021 questu
1211 2948 1346 3022 aequm
1368 2927 1446 3003 haec
1473 2935 1528 3004 est
1552 2926 1613 3000 illu

439 3069 537 3144 aqua
562 3048 610 3126 dc
634 3071 709 3145 qua
734 3049 900 3145 loquitur
923 3056 1034 3124 autor
1072 3048 1109 3123 in
1147 3047 1379 3146 purgatorio,
1413 3047 1477 3122 ubi
1502 3046 1610 3122 dicit:

440 3173 492 3242 La
519 3177 588 3244 sele
615 3172 762 3244 actual
784 3172 845 3244 cle
870 3173 943 3243 mci
965 3191 1039 3244 non
1062 3172 1180 3260 cazia,
1209 3173 1255 3243 Se
1278 3189 1352 3242 noa
1376 3189 1443 3242 con
1469 3171 1615 3259 i'acqlla

439 3291 529 3364 ondc
553 3292 591 3363 la
612 3292 825 3384 [emmiuetlo
850 3293 1082 3364 samaritana
1104 3281 1286 3364 dumandd
1307 3292 1343 3363 la
1360 3291 1499 3380 pruzia.
1528 3288 1612 3362 llaec

440 3429 531 3506 ergo
554 3431 666 3503 aquax
679 3416 736 3486 est
758 3409 880 3484 divina
914 3409 1043 3508 gratia.
1078 3410 1122 3483 Et
1145 3409 1252 3485 dicit:
1274 3411 1397 3502 prima
1425 3411 1484 3482 cle
1516 3415 1614 3480 lanta

439 3537 508 3606 sete
533 3534 573 3605 in
606 3538 638 3605 te
668 3534 702 3605 si
732 3533 837 3621 surii,
862 3530 966 3624 idest,
991 3536 1192 3625 antequam
1220 3536 1363 3604 tantum
1388 3528 1611 3604 desiderium

338 3662 346 3674 '
441 3651 629 3745 quietatur
652 3650 692 3726 in
716 3657 774 3746 te;
804 3657 843 3726 et
872 3650 1034 3727 declarat
1066 3671 1090 3724 a
1123 3669 1199 3744 quo
1230 3647 1412 3723 audiverit
1441 3647 1614 3742 praedicta

442 3772 568 3867 verbu,
593 3772 737 3848 dicens:
762 3764 835 3865 cosi
860 3774 909 3845 mi
931 3773 1024 3846 disse
1045 3772 1074 3844 il
1094 3773 1151 3844 sol
1173 3771 1267 3860 depli
1287 3770 1384 3842 ocelli
1402 3771 1492 3860 miei,
1509 3767 1613 3862 idest,

441 3891 602 3987 Bactris,
624 3892 733 3968 cuius
757 3891 868 3967 radiis
896 3890 1202 3966 illuminabantur
1226 3889 1324 3964 oculi
1350 3889 1614 3963 intellecluales

440 4012 797 4088 autoris-docio.
823 4012 889 4087 llic
912 4017 1023 4087 autor
1051 4010 1151 4085 addit
1183 4009 1370 4105 quomodo
1395 4008 1542 4084 Beatrix
1568 4007 1615 4083 ad

441 4129 713 4208 accendendam
732 4130 849 4228 magis
865 4151 972 4206 suam
989 4130 1087 4206 sitim
1105 4130 1306 4224 subiunxit,
1325 4130 1424 4225 quod
1442 4150 1502 4204 res
1529 4128 1615 4205 risae

443 4273 509 4348 per
534 4273 622 4328 eum
649 4251 720 4326 sub
744 4251 840 4326 dicta
870 4251 1002 4345 torma,
1033 4251 1204 4345 quamvis
1229 4251 1444 4326 viderentur
1468 4249 1519 4324 ila
1544 4249 1615 4324 mi-

443 4373 576 4448 rabiles
604 4378 643 4448 et
668 4370 911 4465 delectabiles,
936 4390 1011 4445 non
1035 4377 1141 4446 erant
1166 4369 1375 4466 inproprie
1401 4371 1532 4466 forma,
1550 4367 1614 4443 sed

441 4491 730 4568 ostendebantur
754 4490 821 4566 sibi
846 4491 917 4566 sub
941 4490 1083 4588 figura;
1109 4490 1208 4566 unde
1233 4490 1337 4565 dicit:
1363 4497 1401 4564 et
1431 4489 1490 4564 illa
1522 4490 1615 4563 Bea-

442 4613 661 4708 trinepote
684 4616 887 4704 supplicasse:
911 4614 1063 4705 ilfiumc
1087 4633 1107 4684 e
1131 4612 1157 4684 li
1180 4612 1323 4703 topazii,
1342 4608 1444 4702 idest,
1463 4608 1533 4683 illae
1558 4608 1614 4684 lu·

441 4733 538 4810 ville
562 4733 743 4830 pretiose,
759 4734 811 4805 cll'
823 4740 974 4807 moeno
989 4739 1024 4806 el
1038 4751 1175 4824 mcorro,
1192 4731 1328 4804 scilicet
1348 4728 1395 4804 de
1415 4728 1512 4804 dicto
1535 4728 1614 4804 rivo

504 4995 533 5058 (¹)
548 4995 575 5047 S.
590 4999 696 5060 portent
711 5009 805 5061 equam
821 4996 943 5048 llumluls.
