4842 6642
1015 781 1085 846 112
1405 789 1611 844 connnrou
1636 779 1803 844 rnnnorsr
1877 832 1880 837 ,

1011 936 1138 1034 digere
1170 935 1379 1032 cognitione
1412 934 1517 1009 istius
1550 933 1715 1009 veritatis
1745 931 1831 1026 quia
1868 929 1989 1004 adhuc
2023 950 2096 1003 non
2127 947 2188 1003 re·

1013 1057 1107 1154 perit
1131 1057 1168 1131 in
1194 1056 1317 1151 aliqua
1343 1076 1449 1152 spera
1474 1055 1633 1150 spiritus,
1660 1054 1698 1128 in
1723 1053 1857 1148 quibus
1882 1056 1978 1126 esset
2003 1055 2103 1123 tanta
2120 1070 2184 1122 su·

1010 1177 1301 1274 perabundantia
1322 1177 1482 1271 luminis,
1505 1176 1599 1250 sicut
1615 1175 1652 1249 in
1671 1175 1726 1248 iris
1742 1173 1865 1269 positis
1882 1171 1919 1245 in
1940 1191 2047 1266 spera
2064 1170 2184 1263 solari,

1010 1299 1105 1372 sicut
1126 1299 1204 1392 jam
1232 1297 1363 1372 totiens
1387 1304 1576 1372 ostensum
1594 1302 1667 1389 ert3
1692 1295 1774 1369 ideo
1799 1292 1932 1366 merito
1957 1290 2054 1365 cadit
2078 1289 2185 1364 dubi·
2261 1301 2267 1309 ’

1011 1418 1099 1492 tatio
1126 1418 1154 1491 si
1180 1424 1280 1492 tanta
1306 1418 1370 1490 lux
1389 1417 1594 1492 remanebit
1610 1417 1647 1490 in
1663 1416 1748 1511 ipsis
1763 1407 1799 1507 (⁴)
1819 1421 1900 1508 post
1923 1412 2185 1507 reassumptio-

1011 1558 1097 1613 nem
1124 1536 1263 1612 carnis:
1289 1537 1359 1611 alia
1393 1537 1486 1611 ratio
1519 1536 1664 1611 videtur
1698 1541 1735 1609 et
1767 1533 1897 1608 melior
1929 1532 2015 1627 quia
2045 1531 2082 1605 in
2115 1532 2183 1605 ista

1011 1677 1117 1752 spera
1134 1656 1244 1730 solari
1264 1664 1350 1730 sunt
1375 1657 1595 1732 excellentes
1612 1655 1792 1750 sapientes
1811 1654 1848 1728 in
1869 1673 1972 1728 sacra
1989 1652 2183 1746 scriptura,

1010 1777 1047 1849 in
1072 1796 1234 1869 quorum
1263 1797 1421 1851 numero
1438 1783 1494 1850 est
1514 1777 1699 1869 Salomon,
1721 1775 1785 1868 qrri
1802 1795 1901 1848 nunc
1921 1774 2110 1847 soluturus
2127 1778 2183 1846 est

1010 1897 1115 1971 istam
1130 1887 1166 1988 (²)
1182 1896 1625 1990 questionem-otono.
1640 1896 1704 1970 llic
1717 1894 1864 1970 Beatrix
1877 1894 2051 1988 exprimit
2062 1892 2182 1987 ipsum

1008 2016 1176 2110 dubium,
1196 2016 1559 2112 petenssolutionem
1578 2017 1677 2110 eius;
1700 2015 1799 2090 unde
1818 2013 1927 2089 dicit:
1946 2016 2074 2106 Ditcpli
2091 2034 2128 2085 sc
2146 2016 2184 2086 la

1010 2141 1095 2228 lucc,
1123 2140 1214 2211 orode
1237 2139 1409 2229 sinfioru
1426 2145 1547 2210 vostro
1567 2140 1762 2227 custumia,
1789 2135 1890 2229 idest,
1916 2155 2000 2229 quae
2025 2134 2122 2208 velat
2146 2140 2183 2208 et

1010 2258 1103 2332 celat
1130 2277 1194 2330 vos
1210 2248 1259 2350 (³),
1285 2247 1447 2331 mrnorrd
1471 2278 1538 2330 con
1562 2261 1631 2348 ooi,
1650 2257 1797 2348 scilicet,
1814 2255 1926 2329 etiam
1952 2260 2033 2350 post
2058 2274 2184 2328 resur·

1011 2379 1232 2471 rectionem3
1259 2379 1358 2453 unde
1382 2378 1487 2453 dicit:
1519 2381 1763 2452 emulmente
1790 2369 1821 2450 sl
1851 2378 2020 2449 com’clla
2048 2373 2069 2450 e*
2099 2395 2181 2465 oro,

1009 2498 1112 2592 idest,
1139 2497 1233 2572 sicut
1258 2505 1410 2592 apparet
1435 2519 1533 2574 nunc
1558 2498 1605 2574 de
1629 2497 1798 2593 presenti
1825 2497 1861 2570 in
1887 2498 1999 2572 vobis.
2028 2497 2071 2570 Et
2095 2497 2181 2590 quia

1009 2616 1157 2692 Beatrix
1184 2616 1321 2691 sciebat
1345 2617 1564 2692 solutionem
1591 2618 1670 2692 lieri
1696 2618 1832 2692 debere
1857 2618 1894 2691 in
1917 2624 2060 2712 partem
2078 2616 2181 2690 affir-

1010 2737 1199 2829 mativam,
1216 2737 1299 2812 ideo
1321 2743 1446 2812 movet
1464 2737 1664 2812 secundam
1683 2737 2038 2832 quaestionemque
2063 2738 2183 2811 oritur

1010 2878 1058 2933 er
1084 2857 1265 2932 solutione
1289 2857 1429 2952 primae,
1446 2856 1591 2932 dicens:
1608 2880 1639 2948 e,
1658 2881 1696 2931 se
1718 2861 1869 2948 mmooe,
1886 2857 1990 2950 quasi
2007 2856 2125 2931 dicat:
2143 2864 2180 2932 et

1010 2977 1040 3050 si
1065 2977 1179 3051 dicitis
1200 2977 1299 3069 quod
1321 2977 1383 3071 sic,
1406 2984 1493 3051 tunc
1516 2985 1610 3072 peto,
1629 2980 1697 3052 dite
1721 2999 1817 3051 come
1835 2968 1945 3070 potral
1964 2999 2059 3052 esser
2083 2981 2181 3052 ct'ot

1011 3099 1116 3170 ceder
1141 3117 1211 3169 non
1238 3099 1273 3169 oi
1296 3097 1373 3187 noj,
1398 3097 1545 3191 scilicet,
1571 3097 1670 3193 quod
1694 3097 1790 3172 dicta
1816 3097 1879 3170 lux
1905 3097 2088 3172 excellens
2107 3118 2180 3171 non

1009 3217 1118 3290 laedat
1136 3217 1255 3290 visum
1282 3218 1525 3312 corporalem,
1537 3222 1603 3311 poi
1617 3220 1678 3290 cle
1696 3225 1811 3292 curete
1827 3220 1940 3312 risottr'
1955 3219 2092 3310 mulii,
2111 3219 2182 3293 sci-

1010 3336 1105 3430 licet,
1130 3357 1196 3430 per
1223 3337 1531 3412 resurrectionem
1557 3338 1688 3412 carnis.
1717 3339 1761 3410 Et
1786 3338 1844 3413 iric
1868 3346 1955 3412 nota
1972 3338 2071 3432 quod
2089 3338 2181 3412 Bea-

1009 3456 1081 3530 trix
1110 3456 1242 3530 merito
1269 3463 1393 3531 movet
1423 3456 1517 3531 islud
1549 3456 1703 3531 dubium
1734 3457 1832 3552 ucria,
1868 3465 1909 3531 ut
1930 3458 2075 3532 'totiens
2103 3459 2180 3552 jam

1009 3575 1146 3650 dictum
1182 3584 1248 3670 est,
1283 3578 1498 3652 excellentia
1523 3577 1746 3652 sensibilium
1782 3579 1987 3672 corrumpit
2019 3599 2180 3672 sensum,

1010 3695 1104 3768 sicut
1120 3695 1289 3771 videmus
1305 3696 1353 3771 de
1370 3696 1476 3791 iacto,
1495 3698 1593 3792 quod
1611 3698 1939 3792 superexcellentia
1957 3698 2105 3784 luminis
2121 3719 2182 3772 so·

1011 3814 1097 3888 laris
1122 3821 1299 3912 aggravat
1323 3818 1475 3890 oculum
1502 3818 1744 3912 corporalem,
1769 3817 1875 3892 cuius
1899 3818 2016 3892 virtus
2035 3817 2178 3892 infirma

1012 3954 1085 4008 non
1111 3941 1230 4029 potest
1253 3937 1327 4030 pati
1352 3944 1495 4011 tantum
1528 3955 1722 4011 excessum
1756 3936 2127 4032 disproportionatum
2143 3925 2181 4028 (⁴)
2218 3929 2221 3932 ’

1011 4055 1061 4128 illi
1077 4055 1238 4149 obiecto,
1257 4055 1305 4129 ita
1322 4056 1360 4129 in
1373 4055 1557 4151 proposito
1574 4058 1654 4130 vult
1669 4056 1792 4132 dicere
1809 4058 1974 4132 Beatrir:
1994 4057 2181 4151 quomodo

1011 4181 1087 4248 tam
1113 4175 1233 4250 debile
1266 4194 1448 4271 organum
1484 4176 1616 4270 poterit
1646 4175 1829 4252 sustinere
1853 4177 1927 4250 rim
1953 4182 2065 4251 tantae
2090 4174 2182 4250 lucis

1012 4295 1109 4388 quod
1129 4315 1203 4368 non
1221 4294 1522 4368 succumbatl—
1534 4301 1636 4369 Corne
1651 4299 1701 4368 da
1711 4291 1785 4388 piri,
1803 4296 1868 4372 llic
1884 4303 1995 4370 autor
2011 4294 2194 4370 describit·

1011 4414 1172 4488 laetitiam
1207 4415 1439 4508 immensam,
1464 4436 1577 4510 quam
1594 4416 1844 4491 ostenderunt
1870 4417 1940 4492 illae
1970 4416 2104 4491 auimae
2134 4415 2180 4489 de

1013 4535 1194 4628 proposita
1210 4527 1248 4627 (⁵)
1277 4535 1490 4631 questione,
1520 4557 1587 4632 per
1617 4557 1729 4611 unam
1756 4536 2067 4632 comparationem
2099 4535 2180 4630 pul-

1013 4674 1116 4727 cram
1138 4659 1175 4728 et
1194 4655 1343 4728 claram.
1361 4655 1496 4730 Ordina
1514 4656 1566 4730 sic
1582 4656 1750 4731 literam:
1769 4660 1809 4730 n·
1823 4661 1917 4730 sunt
1931 4659 2058 4748 ceroti,
2076 4654 2178 4746 idest,

1075 4835 1103 4900 (¹)
1118 4839 1143 4888 S.
1159 4840 1197 4889 eis
1213 4846 1279 4902 post.
1554 4839 1584 4905 (¹)
1599 4842 1631 4892 E.
1647 4843 1722 4893 lianc.
1909 4841 1937 4905 (⁸)
1953 4841 1984 4892 E.
2001 4855 2057 4893 nos.

1075 4917 1102 4978 (²)
1118 4915 1148 4966 E.
1164 4916 1200 4967 sio
1215 4916 1487 4980 disproportionatum.
1557 4919 1584 4981 (¹)
1599 4917 1625 4969 S.
1642 4919 1732 4982 posita.
