4842 6642
772 820 910 877 caurus
935 822 1127 879 vronsruus
1152 824 1325 880 ooruvus.
1564 815 1635 881 loe

463 964 637 1041 claritatis
654 964 749 1039 illius
767 967 890 1061 puncti
909 967 1191 1063 luminosissimi,
1211 988 1297 1063 quae
1313 969 1450 1045 fecerat
1465 963 1501 1063 (¹)
1520 971 1637 1066 ipsam

380 1126 383 1133 ·
462 1084 577 1160 videri
610 1085 709 1162 clare
741 1107 814 1162 non
846 1088 1013 1163 obstante
1042 1087 1222 1164 immensa
1253 1090 1438 1165 distantia:
1469 1091 1638 1186 probatio

349 1304 356 1314 Ι
461 1206 583 1302 buim,
602 1206 689 1303 quia
709 1208 855 1283 claritas
872 1208 981 1283 buius
998 1209 1146 1284 luminis
1167 1210 1252 1285 lacit
1272 1210 1387 1285 videri
1407 1211 1554 1287 ordines
1571 1233 1639 1287 an·

460 1328 630 1425 gelorum
658 1328 792 1424 positos
817 1328 958 1403 circum
985 1337 1022 1404 et
1047 1350 1161 1425 prope
1186 1352 1227 1405 se
1249 1330 1287 1405 in
1304 1331 1425 1426 specie
1449 1331 1542 1427 ignis
1567 1332 1637 1406 sub

462 1448 582 1523 lorma
608 1448 819 1542 quantitatis
847 1449 994 1524 maioris
1020 1471 1133 1545 quam
1161 1451 1206 1525 sit
1232 1450 1309 1547 ipsa
1335 1452 1435 1545 luna,
1454 1456 1495 1525 ut
1514 1452 1636 1527 statim

462 1569 595 1645 indicat
612 1569 716 1644 litera
735 1590 903 1665 sequens.
914 1576 1091 1645 -Forse
1107 1571 1173 1647 llic
1190 1577 1299 1647 autor
1317 1572 1499 1668 descripto
1516 1572 1637 1668 primo

462 1690 637 1788 principio
663 1691 733 1765 sub
759 1691 877 1767 lorma
902 1692 1027 1786 puncti
1050 1690 1109 1765 fixi
1137 1700 1174 1768 et
1200 1692 1407 1785 immobilis,
1431 1712 1528 1765 nune
1548 1712 1636 1772 cou-

463 1818 661 1907 sequenter
699 1810 851 1885 intendit
883 1811 1092 1886 describere
1131 1810 1278 1888 ordines
1316 1814 1533 1909 angelorum
1566 1812 1636 1887 sub

463 1934 581 2008 torma
608 1932 831 2007 circulorum
855 1932 1061 2029 igneorum.
1080 1934 1123 2007 lit
1143 1934 1263 2029 primo
1285 1933 1455 2008 describit
1472 1932 1635 2029 primum

463 2052 644 2128 circulum
672 2071 737 2146 per
763 2054 1076 2149 comparationem
1103 2054 1270 2149 pulcram
1300 2060 1336 2129 et
1366 2054 1573 2149 propriam:
1600 2061 1638 2129 et

461 2172 623 2248 breviter
645 2171 730 2247 dicit
748 2172 847 2267 quod
868 2173 1008 2269 primus
1026 2174 1118 2250 ordo
1135 2176 1353 2271 angelorum
1371 2174 1408 2247 in
1426 2174 1545 2251 torma
1563 2175 1638 2249 eir-

461 2294 533 2368 culi
547 2292 642 2390 ignei
656 2292 848 2389 girabatur
860 2285 898 2387 (²)
915 2294 1142 2370 velocissime
1159 2294 1257 2369 circa
1274 2295 1525 2389 supradictum
1539 2317 1636 2391 pun·

461 2419 563 2488 ctum
589 2412 795 2508 divinitatis,
813 2414 861 2487 ita
884 2414 1109 2509 propinquus
1136 2414 1230 2489 siout
1255 2414 1314 2489 ille
1335 2415 1496 2489 circulus
1521 2436 1638 2511 vapo-

462 2535 548 2611 ralis
579 2534 642 2627 qui
674 2533 784 2631 cingit
811 2534 937 2608 lunam
969 2534 1030 2630 qui
1062 2541 1216 2610 vocatur
1246 2536 1330 2610 balo
1361 2536 1408 2610 ab
1440 2535 1638 2611 Aristotele

461 2653 623 2731 secundo
649 2655 937 2750 liethaurorum,
963 2655 1009 2731 de
1034 2656 1209 2751 quoiam
1236 2654 1330 2731 iacta
1346 2646 1385 2750 (⁸)
1411 2661 1466 2731 est
1490 2656 1629 2731 mentio

461 2794 570 2871 saepe.
588 2775 768 2850 Construe
784 2775 835 2849 sio
853 2775 1018 2849 literam:
1040 2781 1093 2849 tin
1112 2779 1247 2849 ceretio
1263 2779 1395 2868 d’ipne,
1415 2776 1517 2871 idest,
1538 2798 1633 2850 unus

460 2896 551 2972 ordo
577 2898 796 2995 angelorum
823 2896 1099 2972 ardentissimus
1125 2895 1161 2971 in
1187 2897 1306 2971 lorma
1333 2898 1513 2993 circulari,
1531 2900 1563 2971 st
1578 2899 1636 2989 pi-

460 3038 554 3091 rano
578 3020 720 3093 intorno
746 3020 785 3091 ot
804 3026 927 3111 ponto,
952 3018 1099 3112 scilicet,
1125 3018 1266 3112 Deum3
1289 3025 1327 3092 et
1350 3018 1507 3113 explicat
1532 3017 1634 3092 velo·

461 3138 610 3213 citatem
634 3139 690 3213 sui
712 3144 835 3213 motus
856 3158 923 3234 per
943 3138 1254 3233 comparationem
1278 3137 1476 3233 propriam,
1496 3137 1636 3213 dicens:

461 3248 611 3333 sirotto
637 3262 784 3332 daona
810 3262 903 3333 moto
936 3262 1015 3351 quet
1042 3266 1147 3353 moto,
1176 3258 1323 3357 scilieet,
1343 3256 1451 3353 primi
1481 3258 1636 3353 mobilis,

459 3381 520 3453 olto
539 3376 603 3473 piri
630 3386 717 3454 torto
742 3383 841 3471 done
866 3382 892 3453 it
916 3382 1058 3474 mondo,
1087 3379 1173 3473 quia
1200 3385 1242 3453 ut
1267 3379 1399 3453 totiens
1423 3378 1562 3453 dictum
1579 3386 1638 3455 est

460 3521 557 3576 nona
582 3520 691 3598 spera
716 3500 752 3575 in
779 3500 906 3598 viginti
932 3506 1092 3596 quatuor
1116 3500 1216 3575 boris
1242 3499 1326 3574 iacit
1351 3520 1462 3573 suum
1490 3508 1632 3575 motum

459 3621 507 3695 ab
524 3620 667 3697 oriente
684 3622 721 3696 in
739 3620 987 3713 occidentem;
1006 3627 1043 3695 et
1064 3619 1114 3694 sic
1132 3618 1360 3694 velocissime
1377 3618 1508 3693 circuit
1524 3642 1636 3697 mun·

462 3739 552 3814 dum
579 3762 691 3836 quem
719 3740 814 3817 intra
840 3760 880 3815 se
905 3738 1076 3815 continet.
1103 3739 1147 3813 Et
1171 3744 1257 3814 nota
1284 3738 1383 3833 quod
1408 3739 1635 3836 comparatio

460 3880 621 3955 praesens
650 3862 798 3957 proprie
829 3861 992 3937 declarat
1024 3859 1262 3955 propositum,
1293 3859 1379 3953 quia
1409 3860 1504 3935 siout
1537 3882 1634 3937 nona

460 4001 579 4077 spera,
606 4002 691 4077 que
716 3990 771 4058 est
796 3982 903 4057 altior
929 3988 966 4057 et
991 3979 1143 4056 vicinior
1176 3982 1253 4056 Deo
1278 3980 1433 4075 caeteris,
1461 3986 1634 4056 movetur

460 4100 617 4175 celerius
643 4109 680 4178 et
710 4103 821 4178 babet
846 4104 927 4198 plus
952 4102 999 4178 de
1027 4102 1175 4197 virtute,
1208 4108 1251 4175 ut
1279 4102 1397 4197 patuit
1428 4101 1465 4176 in
1497 4122 1636 4197 praece·

461 4221 559 4297 denti
585 4223 762 4318 capitulo;
789 4223 838 4299 ita
865 4223 1005 4319 primus
1030 4223 1122 4297 ordo
1147 4223 1364 4320 angelorum
1395 4223 1635 4319 propinquior

460 4342 538 4417 Deo
564 4350 737 4419 movetur
761 4344 936 4437 velocius,
963 4350 1000 4418 et
1025 4341 1136 4417 babet
1161 4344 1243 4439 plus
1267 4341 1314 4417 de
1338 4342 1472 4417 ardore
1496 4341 1636 4417 amoris

460 4461 592 4558 divini3
618 4464 680 4559 qui
707 4464 798 4539 ordo
824 4464 964 4559 primus
990 4463 1252 4559 correspondet
1269 4461 1334 4558 ipsi
1352 4462 1470 4558 primo
1496 4462 1636 4557 mobili,

461 4588 499 4659 et
524 4582 643 4678 ipsum
671 4591 795 4659 movet
821 4590 857 4659 et
882 4583 1077 4681 gubernat,
1094 4591 1137 4657 ut
1160 4584 1283 4659 statim
1302 4582 1449 4679 patebit
1469 4583 1513 4657 Et
1528 4583 1633 4659 dicit:

458 4705 621 4797 distante
651 4702 754 4799 idest,
778 4703 1000 4802 longinquus
1024 4726 1047 4779 a
1072 4704 1167 4779 dicto
1188 4710 1337 4799 puncto,
1354 4707 1453 4797 sorte
1477 4711 1633 4799 cotonto,

522 4972 550 5031 (¹)
565 4970 596 5021 li.
611 4969 683 5021 taolt.
808 4966 837 5031 (Ἴ
856 4966 884 5017 u.
901 4966 1010 5031 uratur.
1131 4965 1158 5029 (⁸)
1175 4966 1206 5017 E.
1218 4966 1275 5031 jam
1289 4966 1353 5019 lectt
1367 4968 1527 5021 mentionem
1541 4983 1618 5035 sepo.
