4842 6642
773 812 844 880 280
1081 873 1084 876 .
1162 821 1367 877 connnrnu
1393 821 1561 876 nnnnnrsr

771 989 1003 1063 suspensum,
1025 967 1111 1062 quia
1137 961 1333 1060 videbatii)
1352 968 1580 1041 voluntatem
1602 965 1701 1040 eins:
1725 963 1823 1038 nude
1839 963 1942 1038 dicit:

770 1091 892 1162 Perob'
904 1085 986 1179 clio,
1003 1087 1150 1181 scilicet,
1169 1087 1328 1181 Beatrix,
1345 1089 1405 1160 ebe
1425 1089 1554 1162 oedeou
1578 1089 1605 1159 il
1630 1094 1726 1158 tener
1743 1088 1826 1178 mio,
1847 1082 1941 1158 scili-

769 1216 840 1302 cet,
866 1208 1032 1302 invitum,
1059 1211 1116 1281 nei
1139 1210 1243 1281 ceder
1276 1210 1313 1281 di
1346 1210 1447 1300 colui,
1478 1205 1624 1300 seilicet,
1653 1204 1734 1298 bei,
1768 1207 1827 1280 cire
1859 1211 1942 1278 mtto

769 1319 865 1421 cede,
891 1337 928 1403 et
952 1328 1132 1425 cogitatus
1158 1335 1194 1402 et
1220 1333 1336 1422 aetus,
1362 1331 1411 1402 mi
1439 1329 1548 1402 doce:
1578 1329 1668 1400 solui
1700 1328 1727 1398 ii
1759 1333 1815 1398 tuo
1840 1327 1943 1412 coldo

768 1451 870 1541 mmo,
897 1448 999 1543 idest,
1026 1448 1273 1523 liberatuum
1299 1448 1433 1522 ardens
1458 1447 1693 1541 desiderium,
1716 1445 1815 1541 quod
1840 1453 1944 1522 tenes

769 1575 998 1643 carceratum
1014 1558 1051 1660 (²)
1078 1568 1115 1640 in
1140 1575 1265 1642 mente
1290 1568 1540 1656 contraveiie
1566 1574 1673 1641 tuum
1693 1565 1941 1652 etincinsum.

768 1691 875 1761 -nt
897 1691 942 1762 io.
969 1687 1034 1762 Hic
1058 1695 1168 1761 antor
1193 1687 1365 1774 describit
1389 1708 1496 1763 snam
1519 1687 1722 1762 orationem
1745 1685 1792 1761 ad
1812 1685 1943 1783 praedi·

768 1815 882 1902 ctum,
909 1813 946 1883 et
971 1808 1056 1883 iacit
1081 1808 1276 1883 exordium
1293 1829 1380 1884 cum
1402 1808 1586 1904 petitione.
1605 1807 1697 1882 Dicit
1717 1829 1807 1904 ergo
1825 1807 1943 1902 primo

769 1929 1000 2025 persuasive:
1027 1935 1072 2002 Et
1094 1933 1142 2022 io,
1162 1929 1211 2004 ita
1239 1929 1454 2024 licentiatus,
1479 1930 1712 2020 incominoioi,
1731 1929 1870 2023 supple,
1888 1927 1943 2002 di-

769 2070 874 2125 cere:
901 2051 938 2122 lu
963 2054 1035 2123 mio
1060 2052 1228 2142 mercede,
1254 2050 1356 2144 idest,
1384 2049 1558 2124 meritum
1587 2069 1713 2124 meum
1740 2049 1778 2122 in
1804 2053 1853 2142 te,
1872 2068 1943 2122 non

771 2174 820 2243 mi
840 2175 883 2264 su
907 2172 1021 2261 depoo
1046 2172 1140 2242 delto
1163 2177 1223 2242 mn
1247 2173 1413 2264 asposta,
1431 2170 1535 2264 quasi
1553 2169 1667 2245 dicat:
1686 2167 1856 2264 quamvis
1872 2187 1944 2264 ego

772 2312 845 2365 non
871 2312 1017 2366 merear
1035 2291 1308 2386 responsionem
1328 2299 1430 2366 tuam
1448 2289 1572 2385 aliquo
1589 2289 1723 2365 merito
1741 2309 1837 2384 meo,
1856 2288 1942 2383 quia

771 2411 898 2487 vivens
923 2412 960 2485 in
986 2432 1099 2487 carne
1123 2412 1429 2507 contemplabaris
1447 2413 1565 2485 Deum
1591 2412 1796 2487 abstractus
1813 2430 1835 2484 a
1854 2429 1941 2484 con-

772 2533 884 2607 sortio
906 2532 1253 2626 bominum‚tamen
1274 2552 1414 2628 expuo
1436 2531 1715 2607 beusconcedit
1741 2531 1829 2606 mibi
1853 2551 1939 2628 gra-

772 2653 859 2730 tiam
885 2644 1058 2748 loquendi
1085 2675 1157 2728 non
1183 2653 1437 2750 dedignaberis
1464 2673 1525 2728 me
1548 2652 1689 2728 andire.
1716 2653 1760 2727 Et
1791 2673 1943 2749 persua-

771 2773 873 2848 sione
898 2773 989 2858 iacta
1018 2773 1102 2848 iacit
1126 2772 1355 2868 petitionem3
1374 2779 1412 2848 et
1428 2773 1547 2868 primo
1574 2773 1662 2868 petit
1687 2792 1838 2849 causam
1863 2795 1941 2850 suae

772 2891 949 2988 proximae
973 2893 1189 2968 accessionis
1214 2893 1261 2967 ad
1287 2913 1387 2988 eum,
1413 2892 1555 2968 dicens:
1583 2913 1654 2986 mo,
1683 2913 1705 2965 o
1733 2895 1805 2966 vitu
1829 2894 1943 2984 beuta,

771 3013 873 3107 idest,
898 3012 1022 3088 anima
1046 3013 1328 3109 contemplativa
1354 3013 1485 3109 adepta
1511 3033 1701 3087 summurn
1733 3013 1890 3110 gradum
1905 3005 1943 3107 (²¹)

772 3134 1015 3228 beatitudinis,
1041 3137 1101 3206 eie
1125 3137 1151 3207 o·
1174 3137 1243 3208 stoi
1267 3142 1431 3208 ousoosta
1462 3137 1588 3210 dentre
1618 3137 1692 3210 olio
1724 3142 1784 3208 tuo
1814 3137 1943 3226 letizio,

773 3256 875 3350 idest,
901 3255 996 3329 intra
1025 3256 1160 3347 iucem,
1187 3276 1261 3349 qua
1288 3255 1447 3330 tasciaris
1477 3262 1514 3332 et
1538 3257 1684 3349 vetaris,
1707 3259 1834 3351 sommi
1858 3262 1943 3329 noto

773 3379 809 3449 to
833 3378 972 3468 copton,
1001 3374 1103 3468 idest,
1130 3374 1322 3450 manifesta
1349 3376 1436 3450 mibi
1459 3398 1622 3471 causam,
1640 3378 1700 3450 cte
1725 3379 1774 3450 mi
1802 3379 1943 3450 torco-

772 3502 827 3569 sta
849 3486 880 3568 si
905 3516 1043 3589 presso,
1073 3495 1174 3589 idest,
1200 3516 1285 3590 qnae
1320 3495 1404 3571 iecit
1441 3503 1478 3571 te
1517 3497 1644 3572 venire
1680 3495 1797 3592 magis
1830 3515 1943 3590 quarn

628 3665 634 3675 -
776 3616 870 3691 atius
893 3636 1007 3711 prope
1033 3635 1111 3710 me;
1137 3621 1175 3690 et
1198 3615 1302 3691 dicit:
1323 3637 1392 3710 per
1417 3619 1520 3708 colui,
1538 3617 1630 3692 idest
1643 3605 1694 3712 (⁸),
1716 3635 1846 3692 amore
1864 3614 1943 3706 Dei,

772 3739 832 3810 cite
862 3739 891 3810 il
925 3739 1062 3811 cbiedcr
1094 3739 1142 3821 mi
1178 3739 1339 3828 concede,
1365 3734 1468 3831 idest,
1494 3737 1557 3832 qui
1580 3737 1646 3814 'dat
1672 3736 1760 3812 mibi
1786 3735 1941 3832 gratiam

772 3857 936 3954 petendi:
963 3857 1061 3952 quia,
1082 3864 1122 3931 nt
1146 3863 1245 3952 patet
1271 3857 1410 3952 ubique
1433 3879 1500 3953 per
1524 3865 1642 3934 totum
1665 3858 1813 3951 librum,
1834 3862 1944 3930 autor

773 3999 819 4054 ex
855 3978 1000 4074 speciali
1037 3977 1156 4074 gratia
1190 3977 1255 4053 bei
1290 3978 1374 4054 iecit
1411 3979 1507 4054 istud
1532 3980 1602 4056 iter
1641 3999 1708 4075 per
1747 3977 1944 4070 internum,

773 4098 1041 4196 purgatorium,
1070 4104 1106 4173 et
1139 4097 1361 4193 paradisum.
1403 4099 1521 4196 Aliqui
1561 4105 1685 4176 tamen
1721 4105 1843 4174 textus
1876 4097 1942 4170 ba·

771 4221 879 4296 bent:
901 4241 968 4313 per
992 4221 1089 4311 colei,
1115 4227 1152 4294 et
1177 4226 1266 4293 tunc
1292 4225 1498 4314 exponatur
1519 4219 1581 4315 sio,
1599 4219 1702 4314 idest,
1720 4219 1944 4312 contempla·

773 4340 872 4416 tione
896 4339 1082 4433 Beatricis,
1108 4358 1193 4434 qnae
1218 4337 1384 4413 concedit
1409 4338 1498 4413 mibi
1528 4339 1711 4415 licentiam
1743 4336 1942 4434 quarendi,

772 4468 814 4535 ut
838 4461 961 4556 paulio
977 4467 1063 4535 ante
1080 4459 1217 4533 dictum
1245 4465 1319 4534 est:
1342 4465 1467 4535 tamen
1488 4447 1587 4555 prior'
1605 4460 1710 4534 litera
1727 4464 1782 4534 est
1802 4459 1941 4532 melior.

773 4580 817 4653 Et
841 4579 962 4654 subdit
987 4578 1185 4654 secundam
1221 4577 1444 4674 petitionem,
1475 4586 1513 4654 et
1546 4579 1635 4676 petit
1669 4597 1786 4674 qnare
1814 4585 1944 4653 cantus

834 4874 862 4936 (¹)
881 4874 908 4924 S·
925 4875 1031 4925 Vltimi·
1378 4873 1407 4938 (¹)
1424 4875 1456 4926 E.
1472 4875 1661 4927 incarceratum
1678 4875 1704 4925 in
1721 4877 1842 4924 mentem.

835 4950 863 5016 (¹)
879 4951 910 5002 Ε.
929 4951 1027 5002 bonnm
1044 4952 1215 5004 beatitudinis.
1383 4951 1410 5015 (⁸)
1426 4953 1458 5004 E.
1474 4953 1571 5004 scilieet
1586 4953 1634 5003 Dei
1650 4956 1677 5002 nt
1692 4950 1748 5002 eius
1764 4961 1860 5008 amore,
1877 4950 1927 4999 obe.
