4842 6642
772 886 911 941 currus
935 888 1127 943 vmunrrus
1151 888 1319 955 omarus.
1553 876 1624 947 tot

453 1030 594 1105 etelesti
620 1031 838 1124 Jerusalem,
855 1034 944 1103 onai
959 1034 1019 1104 ede
1031 1034 1056 1104 't
1070 1032 1215 1121 militur,
1234 1029 1334 1124 idest,
1354 1030 1428 1105 vita
1443 1031 1513 1107 ou
1529 1038 1629 1106 tem-

454 1150 589 1246 poralis
615 1170 699 1245 quae
726 1150 834 1226 estin
852 1150 1024 1227 continua
1041 1171 1177 1247 pugna,
1195 1153 1221 1224 ti
1235 1153 1290 1224 sta
1303 1155 1504 1243 preterito,
1521 1150 1627 1244 idest,

452 1278 735 1367 praeoccupetur
751 1277 788 1345 et
808 1270 1041 1365 precipiatur
1057 1270 1122 1345 sibi
1138 1290 1202 1366 per
1217 1278 1447 1345 mortem-
1458 1275 1514 1345 Gti
1528 1274 1626 1345 aare

452 1390 518 1466 llic
543 1391 690 1467 Beatrir
718 1390 890 1485 relinquit
923 1390 1043 1465 autori
1076 1391 1348 1487 responsionem
1378 1390 1425 1466 ad
1454 1391 1524 1467 alia
1547 1392 1626 1465 duo

452 1517 607 1607 puncta3
624 1518 661 1586 et
687 1511 802 1608 tangit
826 1532 944 1605 quare
964 1512 1073 1607 petita
1091 1513 1173 1605 sint,
1194 1518 1232 1586 et
1248 1532 1366 1606 quare
1382 1519 1494 1585 autor
1513 1510 1627 1607 posuit

451 1630 605 1707 faciliter
632 1631 862 1727 respondere.
894 1632 986 1707 Dicit
1017 1652 1126 1729 ergo:
1159 1635 1298 1723 tardo,
1330 1632 1433 1725 idaet,
1466 1651 1538 1727 ego
1570 1630 1629 1705 di-

451 1752 557 1827 mitto
574 1752 653 1847 sibi,
670 1756 721 1843 pti
736 1756 822 1827 ulti
839 1756 910 1827 duo
923 1757 1037 1847 panti,
1058 1753 1205 1847 seilicet,
1225 1754 1384 1848 primum
1406 1762 1444 1827 et
1463 1753 1627 1846 tertium,

451 1874 511 1945 ode
534 1894 600 1945 son
624 1876 835 1963 dimunduti,
861 1874 1008 1967 scilicet,
1035 1894 1056 1947 a
1083 1879 1120 1949 te
1145 1873 1280 1947 lacobu
1305 1873 1354 1947 ab
1379 1872 1457 1967 ipso
1481 1880 1626 1966 autore,

450 2012 522 2066 non
531 2014 599 2085 per
610 2014 747 2086 rapere,
765 2014 824 2067 mu
837 1997 988 2087 perct’ei
1004 1997 1181 2087 repperti,
1200 1992 1303 2085 idest,
1324 1992 1460 2067 reserat
1477 1992 1627 2085 mundo,

449 2119 579 2204 peditto
605 2120 724 2204 questu
750 2109 856 2205 uirttl,
884 2114 1020 2189 seilicet
1045 2115 1132 2209 spei,
1155 2110 1222 2207 tt,
1252 2115 1309 2189 vel
1331 2116 1359 2186 ι’
1371 2108 1393 2186 θ’
1412 2114 1451 2185 in
1473 2116 1628 2205 piacere,

451 2234 555 2325 idest,
581 2235 700 2330 placet
720 2233 795 2328 tihi,
814 2234 873 2309 vel
889 2234 1026 2309 ooelesti
1054 2235 1177 2309 curiae.
1201 2236 1245 2307 Et
1269 2234 1369 2309 dicit:
1396 2230 1459 2307 rte*
1479 2254 1551 2306 non
1577 2236 1628 2325 pti

449 2376 565 2428 wan
587 2358 675 2450 forti
699 2351 744 2430 ne*
767 2356 805 2428 di
819 2358 1015 2447 juttanzio,
1035 2355 1138 2451 idest,
1161 2355 1390 2451 gloriatione,
1411 2353 1517 2447 siout,
1537 2373 1630 2447 sup-

452 2476 513 2570 ple
538 2474 566 2549 si
591 2474 741 2568 diceret,
772 2494 812 2550 se
847 2475 983 2551 habero
1017 2496 1131 2571 spem.
1166 2476 1208 2548 tit
1238 2476 1267 2549 si
1293 2474 1418 2549 obiiois
1442 2474 1501 2549 liic
1526 2472 1626 2567 quod

455 2600 565 2669 autor
585 2595 663 2690 jam
697 2594 861 2691 promisit
890 2595 957 2669 sibi
986 2616 1083 2691 saepe
1113 2617 1224 2692 supra
1256 2594 1412 2692 gloriam
1448 2592 1626 2690 paradisi3

457 2714 659 2809 respondeo
686 2714 784 2809 quod
810 2724 919 2789 autor
945 2714 1144 2811 prudenter
1170 2716 1255 2790 iecit
1270 2715 1384 2789 alium
1404 2715 1473 2788 hoc
1489 2713 1624 2805 dicere,

455 2836 569 2910 etita
596 2836 653 2911 liic
679 2836 763 2911 lacit
787 2836 990 2911 Beatrioem
1017 2837 1087 2911 hoe
1111 2835 1245 2910 dicere.
1276 2836 1320 2911 Et
1351 2836 1433 2911 ideo
1464 2835 1569 2909 dicit:
1594 2843 1628 2909 et

454 2958 512 3029 etti
538 2976 563 3029 u
587 2949 640 3029 eid
665 2960 837 3050 trepondo
862 2980 881 3031 e
906 2961 942 3031 ta
958 2960 1089 3050 prazta
1109 2960 1146 3031 dt
1162 2961 1244 3048 Dio,
1264 2978 1328 3053 per
1349 2978 1461 3051 quam
1481 2965 1621 3031 tantum

455 3076 626 3171 aseendit,
653 3070 706 3149 eid
730 3080 781 3168 pti
803 3082 985 3171 comperti,
1011 3078 1114 3172 idest,
1140 3078 1327 3173 permittat
1352 3085 1389 3151 et
1413 3078 1600 3152 concedat

533 3200 644 3270 doure.
667 3196 735 3271 lsta
755 3204 811 3271 est
833 3198 937 3273 tertia
955 3219 1040 3294 pars
1056 3198 1237 3295 generalis
1252 3193 1302 3292 (¹),
1321 3198 1356 3272 in
1374 3218 1447 3292 qua
1465 3198 1622 3273 Jaoobus

455 3316 606 3413 inquirit
629 3319 677 3393 ab
705 3327 836 3395 autore
855 3320 951 3395 unde
971 3321 1092 3395 veniat
1110 3321 1175 3395 sibi
1195 3322 1272 3395 haec
1292 3320 1427 3413 virtus;
1450 3318 1547 3393 unde
1564 3319 1621 3393 laio

455 3446 566 3512 autor
597 3438 790 3534 respondet
813 3440 861 3514 ad
887 3440 1046 3535 primum
1074 3448 1265 3536 punctum,
1290 3446 1328 3514 et
1359 3438 1479 3534 primo
1509 3440 1625 3535 mugit

454 3577 561 3632 suam
588 3557 910 3653 promptitudinem
938 3558 974 3633 in
1001 3560 1253 3655 respondendo
1283 3580 1349 3654 per
1380 3558 1628 3655 comparatio—

456 3700 542 3756 nem
569 3679 707 3755 claram
732 3686 771 3755 et
796 3679 993 3775 propriam,
1018 3680 1159 3755 dicens:
1177 3700 1249 3776 ego
1273 3681 1419 3773 dantes,
1445 3684 1548 3752 com
1569 3682 1628 3754 di-

454 3807 581 3891 scente,
607 3800 710 3895 idest,
737 3805 912 3894 tanquam
939 3800 1147 3895 discipulus,
1172 3803 1234 3875 ede
1261 3804 1413 3875 reconda
1444 3820 1468 3873 u
1496 3802 1628 3892 duitor,

455 3922 559 4015 idest,
585 3921 753 4015 sequitur
778 3929 815 3996 et
841 3921 1045 4015 respondet,
1068 3930 1198 4015 proruto
1222 3944 1242 3994 e
1266 3923 1399 4012 tinente,
1429 3922 1532 4017 idest,
1561 3942 1628 3997 ro-

457 4042 651 4135 luutarius,
680 4044 720 4115 ia
752 4044 832 4133 quel
854 4044 905 4113 ctt'
917 4044 985 4132 epti
1013 4038 1035 4115 ἐ
1064 4050 1211 4135 otperto,
1246 4041 1350 4136 idest,
1381 4042 1419 4117 in
1451 4062 1498 4118 eo
1529 4043 1628 4137 quod

458 4164 561 4238 novit
588 4183 653 4259 per
678 4163 878 4255 seientiam,
913 4184 1026 4257 quum
1061 4162 1285 4259 experientia
1317 4162 1421 4257 iacit3
1451 4170 1489 4238 et
1520 4162 1625 4237 dicit:

311 4343 315 4352 .
452 4278 579 4377 perede*
600 4286 638 4357 tu
662 4303 728 4357 sau
755 4274 861 4357 dontd
892 4288 924 4385 ri
955 4286 1180 4375 dirosrmrdu,
1205 4282 1309 4379 idest,
1343 4290 1382 4357 ut
1414 4284 1495 4358 eius
1524 4283 1627 4358 sulii—

451 4403 584 4479 oientia
620 4406 843 4500 propaletur,
874 4408 958 4479 diss'
976 4410 1036 4478 io.-
1067 4426 1182 4499 speme
1213 4402 1234 4479 e*
1264 4426 1311 4477 un
1343 4406 1502 4478 munder
1531 4410 1626 4478 nerto

450 4526 546 4599 detta
572 4528 691 4617 plotio
720 4530 856 4620 sutura,
889 4528 1030 4618 dpuot
1056 4528 1187 4617 pruzia
1221 4528 1341 4599 diotae
1372 4544 1392 4598 e
1422 4526 1626 4618 preoedetrte
1704 4584 1709 4594 .

450 4654 564 4720 merto
586 4650 752 4739 produoe.
780 4648 823 4720 lit
848 4646 895 4721 ad
921 4646 1188 4744 intelligendam
1215 4646 1316 4720 clare
1344 4646 1449 4719 istam
1478 4646 1624 4721 literam

451 4775 510 4843 est
532 4766 733 4861 sciendum,
751 4766 851 4861 quod
876 4766 944 4841 ista
969 4766 1128 4843 delinitio
1147 4768 1222 4863 spei
1241 4766 1389 4863 ponitur
1407 4787 1432 4841 a
1449 4766 1625 4863 magistro

517 5034 544 5095 ξ’)
561 5032 591 5082 Ε.
608 5032 736 5097 generalis
752 5034 828 5084 liuius
845 5031 959 5096 capituli,
976 5032 1003 5081 ln
1020 5044 1079 5095 quir.
