4842 6642
788 873 927 931 cunnus
952 872 1110 929 neamus
1133 874 1316 929 seminus.
1566 860 1635 933 187

465 1037 561 1094 unus
593 1017 766 1110 obtusus3
800 1022 838 1092 et
871 1016 899 1090 si
934 1023 989 1091 est
1025 1039 1121 1091 unus
1155 1018 1310 1091 obtusus
1341 1016 1389 1091 de
1422 1017 1637 1095 necessitate

461 1143 608 1231 oportet
632 1156 713 1211 esse
737 1135 830 1211 duos
855 1144 1002 1211 acutos:
1031 1137 1078 1213 ita
1105 1136 1204 1231 quod
1230 1137 1330 1212 ctare
1358 1144 1520 1232 apparet,
1537 1138 1636 1232 quod

462 1258 499 1333 in
525 1277 600 1331 uno
628 1258 812 1355 triangulo
837 1275 910 1332 non
938 1265 1161 1352 potestesse
1187 1258 1254 1331 nisi
1287 1278 1384 1331 unus
1409 1258 1576 1350 obtusus,
1601 1266 1638 1333 et

463 1384 581 1473 potest
606 1398 687 1453 esse
712 1380 789 1453 sine
824 1378 911 1473 ipso.
931 1418 980 1433 -
996 1382 1140 1453 Menoe.
1174 1380 1239 1453 Hie
1268 1386 1379 1453 autor
1411 1379 1497 1455 tacit
1530 1399 1636 1454 suam

463 1498 723 1573 narrationem.
750 1498 804 1573 dd
830 1500 936 1573 cuius
961 1500 1248 1575 declarationem
1282 1506 1339 1574 est
1370 1499 1636 1595 praesciendum

464 1620 562 1713 quod
587 1628 697 1693 autor
723 1620 936 1695 recordatus
961 1623 1165 1696 multorum
1198 1621 1491 1716 pronosticorum
1522 1621 1638 1699 tacto-

465 1762 550 1817 rum
576 1746 703 1815 contra
729 1762 816 1815 eum
843 1762 909 1836 per
940 1742 1075 1817 multos
1106 1743 1260 1817 aenrutos
1293 1750 1331 1817 et
1362 1742 1510 1835 amicos,
1541 1741 1637 1817 sicut

464 1884 531 1959 per
561 1862 743 1955 Ciaccnm,
778 1862 999 1956 Farinatam‚
1030 1863 1195 1938 Vannem
1223 1863 1323 1938 Fueii
1348 1861 1386 1935 in
1420 1862 1574 1953 interno,
1598 1869 1637 1938 et

464 2004 530 2079 per
555 1982 760 2057 Odorisium
788 1990 824 2057 et
849 1984 939 2057 aiios
964 1982 1001 2056 in
1028 1983 1253 2078 purgatorio,
1271 1982 1318 2057 de
1347 1982 1499 2058 sinistris
1524 2003 1637 2061 esen·

464 2104 555 2181 turis
585 2103 670 2196 sibi;
700 2103 781 2179 ideo
811 2124 910 2177 nunc
940 2103 1092 2178 intendit
1123 2103 1316 2179 certificari
1347 2104 1395 2177 do
1427 2103 1496 2177 itiis
1531 2104 1634 2181 maiis

462 2224 649 2301 eventuris
674 2223 751 2297 sibi.
779 2224 912 2297 Narrat
937 2243 1028 2320 ergo
1054 2244 1138 2318 quae
1163 2224 1259 2299 dicta
1285 2230 1372 2297 sunt
1388 2229 1517 2300 eontra
1534 2244 1634 2316 eum,

462 2345 605 2421 dicens:
627 2347 754 2417 Parote
778 2346 896 2436 pravi,
924 2343 1072 2436 seilicet,
1098 2345 1289 2439 gravantia
1311 2353 1473 2420 mentem
1502 2365 1636 2436 meam,

463 2469 511 2540 mi
531 2470 595 2559 sur
619 2468 705 2539 dene
730 2466 768 2539 di
791 2466 864 2536 mio
893 2467 963 2537 nito
989 2467 1125 2558 sutura,
1152 2465 1298 2558 scilieet,
1325 2465 1423 2559 qnod
1455 2464 1635 2539 debebam

463 2586 601 2661 ducere
626 2584 738 2657 vitam
771 2584 808 2657 in
840 2584 948 2658 exitio
980 2592 1086 2661 extra
1116 2586 1284 2681 patriam,
1309 2593 1347 2661 et
1376 2586 1461 2661 tatia
1492 2584 1632 2677 similia,

464 2713 594 2781 mentre
618 2707 669 2777 ct'
683 2708 718 2776 io
742 2726 806 2777 cra
831 2708 1017 2795 conpiunto
1042 2727 1066 2778 c
1097 2708 1251 2800 isinodio,
1274 2706 1376 2800 idmt,
1404 2706 1492 2780 dum
1521 2704 1634 2781 babe-

464 2826 549 2901 bam
575 2824 764 2921 Virgilium
791 2824 828 2899 in
853 2824 998 2919 ducem,
1025 2826 1171 2919 seilicet,
1197 2824 1426 2901 ascendendo
1453 2846 1519 2919 per
1543 2846 1634 2919 pnr-

462 2944 661 3043 gntorinm,
686 2946 746 3017 ote
770 2946 920 3019 ianime
944 2966 1045 3036 curo,
1063 2946 1165 3039 idest,
1183 2952 1288 3021 sanat
1308 2952 1346 3019 et
1364 2938 1563 3036 mundat(¹)
1584 2945 1633 3019 ab

350 3045 352 3055 ¹
461 3065 673 3141 infirmitate
698 3072 736 3140 et
761 3065 843 3141 tabe
868 3066 1018 3161 peccati,
1039 3090 1058 3140 e
1080 3069 1311 3141 discendendo
1334 3070 1394 3141 net
1416 3069 1546 3141 mondo
1570 3070 1634 3141 de·

459 3189 573 3280 storto,
599 3186 701 3279 idest,
728 3185 763 3259 in
790 3185 987 3278 internum,
1014 3188 1076 3280 qui
1103 3194 1158 3262 est
1184 3188 1345 3263 mundus
1361 3188 1632 3263 detunctorum.

465 3308 506 3381 nt
530 3308 651 3381 subdit
671 3313 779 3379 autor
806 3327 853 3383 ne
878 3306 1046 3381 videatur
1064 3307 1142 3381 vitis
1161 3308 1217 3382 vei
1238 3308 1489 3401 pusillanimus
1506 3315 1633 3382 contra

463 3428 640 3523 impetum
660 3427 828 3521 tortunae,
849 3448 1010 3518 cortanna
1027 3430 1077 3499 otr’
1090 3431 1125 3501 io
1142 3431 1191 3501 mi
1205 3435 1306 3501 sento
1321 3428 1384 3501 ben
1402 3435 1585 3517 tetropono
1598 3432 1635 3500 oi

460 3550 550 3639 enipi
574 3550 612 3624 di
637 3554 798 3640 uentura,
826 3546 929 3640 idest,
955 3546 1086 3623 sortem
1118 3555 1155 3619 et
1185 3546 1417 3641 intrepidum.
1448 3546 1504 3621 Ad
1534 3547 1633 3641 qrrod

461 3668 674 3761 notandum,
701 3667 799 3762 quod
826 3674 1040 3763 tetragonus
1065 3666 1152 3743 *est
1179 3667 1295 3763 figura
1323 3667 1514 3761 quadrata,
1539 3668 1634 3742 sicut

462 3798 588 3867 texero
615 3790 855 3881 scitantibus,
883 3809 967 3882 quae
998 3808 1145 3883 semper
1176 3787 1271 3863 cadit
1303 3788 1431 3881 ptana;
1457 3788 1506 3862 ita
1535 3808 1558 3863 a
1584 3787 1633 3863 si-

464 3910 537 3985 miti
565 3910 621 3983 vir
646 3910 833 3983 virtuosus
858 3915 912 3983 est
938 3908 1041 4002 quasi
1069 3899 1365 4003 tetragonus*(²)
1384 3913 1422 3981 et
1438 3908 1517 3983 sine
1534 3908 1632 3982 vitn-

463 4030 575 4127 perio,
604 4037 644 4104 ut
668 4029 752 4104 dicit
776 4028 1009 4129 philosophus
1030 4024 1315 4103 etc—Perctd.
1341 4028 1405 4102 Hic
1421 4034 1532 4103 autor
1549 4026 1633 4103 iacit

462 4171 567 4227 snam
594 4149 804 4245 petitionem
831 4155 957 4243 petens
983 4148 1246 4243 expositionem
1276 4148 1489 4223 futurorum
1520 4166 1634 4222 esen-

464 4279 581 4347 tuum.
608 4270 711 4345 Unde
743 4270 847 4344 dicit:
875 4263 1007 4343 Percte'
1033 4272 1068 4342 la
1095 4272 1213 4360 neptia
1238 4272 1310 4342 mia
1333 4272 1436 4341 saria
1460 4274 1632 4354 nonanto,

461 4395 496 4465 d'
512 4394 670 4467 intertder
699 4394 784 4484 quot
808 4396 954 4485 fortuna
986 4392 1034 4463 mi
1065 4392 1092 4463 s'
1105 4410 1289 4482 appresso,
1322 4388 1468 4480 scilicet,
1503 4395 1629 4463 utrum

461 4512 639 4609 speranda
665 4513 723 4587 vet
749 4512 920 4587 timenda.
948 4512 992 4586 Et
1016 4510 1177 4606 assignat
1210 4510 1388 4585 rationem
1420 4528 1539 4603 qnare
1563 4530 1631 4585 sna

463 4632 585 4729 petitio
611 4633 656 4706 sit
675 4633 787 4728 justa,
813 4632 955 4707 dicens:
982 4627 1044 4705 ctae*
1061 4638 1170 4705 scotta
1188 4633 1330 4723 predica
1351 4633 1428 4703 vien
1441 4625 1504 4722 piri
1522 4631 1629 4719 imin,

462 4754 564 4846 idest
580 4754 702 4827 minus
715 4753 822 4826 taedit.
837 4754 899 4827 Est
915 4774 1006 4848 ergo
1024 4752 1082 4827 hic
1101 4752 1315 4844 notandum,
1332 4751 1432 4844 quod
1454 4751 1523 4827 boc
1542 4750 1634 4830 scri-

525 4946 552 5006 (¹)
571 4946 600 4995 E.
617 4954 642 4995 ot
660 4953 734 4995 curat
751 4946 783 4993 nb
798 4945 868 4994 omrri
887 4944 942 4993 latro
959 4950 984 4992 ot
1004 4945 1159 4991 intinnitntu.

524 5020 552 5085 (Ἰ
567 5022 604 5071 Lo
621 5022 709 5085 perois
725 5020 766 5071 ira
782 5022 790 5071 i
806 5020 857 5071 dno
874 5021 1006 5071 asterisctti
1022 5033 1069 5069 son
1085 5018 1197 5081 snppiite
1213 5018 1254 5067 dai
1269 5017 1357 5069 codici
1373 5016 1480 5068 menso
1495 5029 1512 5066 c
1527 5021 1550 5067 t.
