4842 6642
786 825 924 882 CANTUS
948 827 1108 882 DECIMUS
1132 825 1326 881 SECUNDUS·
1595 820 1641 886 75

468 970 561 1065 tatis,
589 975 649 1046 ede
674 975 723 1045 mi
743 977 786 1066 so
810 973 912 1062 dello,
939 971 1026 1066 quia
1043 971 1128 1045 lacit
1146 991 1207 1044 me
1225 968 1371 1044 beatam
1390 972 1427 1044 in
1444 985 1640 1070 conspectu

470 1092 622 1187 licini
654 1100 780 1184 acone
804 1113 828 1165 a
853 1095 1028 1184 romanor
1053 1093 1238 1166 dell'oltro
1263 1092 1369 1184 duco,
1402 1091 1505 1188 idest,
1534 1097 1644 1171 allicit

470 1233 532 1288 me
556 1211 602 1286 ad
628 1212 906 1288 describendam
934 1217 971 1286 et
995 1210 1216 1288 laudandam
1244 1209 1356 1285 vitam
1385 1211 1483 1287 beati
1515 1215 1641 1290 Domi-

470 1333 553 1429 nici,
572 1355 643 1426 per
668 1337 724 1408 cai
754 1336 812 1407 del
834 1337 904 1408 mco
929 1325 960 1406 sl
984 1334 1048 1408 dea
1079 1336 1111 1405 ci
1141 1334 1173 1405 si
1203 1334 1349 1424 sacella,
1386 1331 1497 1425 idest,¹
1523 1337 1640 1431 gratia

467 1453 574 1528 cuius
587 1453 763 1528 Dominici
777 1454 935 1529 Thomas
947 1453 994 1528 de
1011 1453 1154 1548 Aquino
1173 1460 1247 1526 mm
1266 1452 1361 1528 bene
1378 1452 1554 1546 loquutus
1572 1454 1640 1528 luit

467 1573 514 1650 de
539 1573 733 1650 Francisco
758 1574 852 1650 duce
877 1595 963 1649 meo
989 1575 1025 1648 in
1050 1574 1270 1669 praecedeuti
1291 1575 1460 1670 proximo
1481 1576 1640 1671 capitulo

447 1694 591 1788 .paullo
616 1700 711 1768 ante.
738 1695 781 1770 Et
806 1693 967 1792 assignat
991 1715 1141 1770 causam
1167 1693 1251 1768 dicti
1276 1694 1344 1789 sui,
1365 1694 1507 1770 dicens:
1527 1699 1640 1787 denno

466 1811 570 1888 dcte
595 1815 737 1906 tutuo,
765 1813 911 1910 scilicet,
945 1814 1168 1908 DomiuieuS,
1193 1816 1364 1888 s’inducc
1397 1811 1506 1890 doo'd
1534 1819 1640 1889 l’urto

466 1934 601 2010 scilicet
626 1927 898 2030 Francisens,si
923 1937 982 2008 cte
998 1928 1069 2008 cosi
1087 1939 1122 2008 lo
1139 1938 1258 2026 orna
1278 1938 1357 2008 loro
1382 1940 1463 2010 luco
1485 1940 1639 2026 insieme,

466 2055 569 2148 idest,
592 2055 714 2130 luceat
739 2055 859 2148 simul,
885 2047 915 2128 sl
939 2059 1027 2130 com'
1040 2058 1096 2129 elli
1121 2057 1274 2130 militaro
1299 2058 1349 2130 nd
1364 2078 1449 2145 unc,
1467 2057 1571 2151 idest,
1590 2059 1640 2132 si·

466 2177 544 2250 mul
569 2183 737 2270 tompore
763 2184 1022 2273 pugnaverunt
1047 2176 1083 2250 in
1108 2176 1299 2251 servitium
1317 2177 1393 2251 Dei.
1414 2179 1456 2250 tt
1472 2178 1532 2252 hic
1554 2185 1638 2252 nota
1736 2168 1739 2175 ’

466 2296 564 2391 quod
590 2301 699 2372 autor
724 2296 926 2392 prudenter
956 2301 992 2371 et
1021 2303 1130 2370 caute
1161 2296 1299 2371 inducit
1334 2318 1450 2372 unum
1486 2298 1637 2372 fratrem

467 2417 659 2511 minorem,
685 2416 749 2511 qui
775 2415 901 2490 laudat
913 2407 951 2509 (⁴)
979 2415 1091 2490 vitam
1125 2415 1222 2490 beati
1252 2416 1441 2510 Dominici,
1474 2426 1511 2490 et
1543 2417 1640 2490 vitu-

466 2528 622 2633 peratl²l
650 2537 762 2612 vitam
796 2557 952 2610 suorum
987 2536 1144 2610 fratrum
1177 2536 1377 2629 minorum,
1408 2544 1450 2610 ut
1478 2539 1530 2612 sic
1561 2538 1640 2612 eins

466 2658 628 2734 narratio
653 2657 734 2753 plus
759 2658 893 2732 habeat
917 2657 1000 2732 iidei
1026 2665 1063 2732 et
1088 2657 1261 2734 veritatis.
1277 2662 1542 2732 -L'esercito
1575 2660 1640 2734 llic

465 2778 726 2853 Bonaventura
751 2777 1001 2873 descripturus
1034 2779 1146 2853 vitam
1179 2780 1276 2854 beati
1310 2780 1487 2855 Dominici
1517 2780 1639 2875 incipit

467 2918 601 2993 parum
631 2899 799 2994 alonge,
826 2898 1021 2974 ostendens
1049 2901 1236 2993 quomodo
1265 2901 1365 2978 oeus
1393 2901 1452 2996 pie
1484 2902 1640 2996 providit

466 3017 630 3092 ecclesiae
655 3037 732 3091 sure
751 3017 798 3092 de
814 3007 850 3108 (³)
873 3017 1017 3092 duobus
1038 3018 1273 3114 principibus
1291 3019 1427 3095 scilicet
1447 3020 1639 3095 Francisco
1711 3027 1716 3038 '

466 3145 503 3212 et
526 3137 726 3212 Dominico.
753 3137 845 3211 Dicit
870 3159 983 3236 ergo:
1011 3141 1203 3212 L’eserctto
1228 3142 1266 3213 di
1296 3143 1422 3231 Casto,
1449 3139 1551 3233 idest,
1577 3159 1640 3215 ec-

464 3257 574 3332 clesia
598 3257 662 3332 Dei
690 3257 860 3351 militans,
886 3279 998 3351 quam
1027 3261 1159 3336 merito
1184 3260 1389 3336 exercitum
1416 3269 1535 3355 vocat,
1552 3261 1661 3355 quia·

437 3376 642 3453 'contiuuo
667 3378 804 3452 bellurn
827 3369 949 3455 'habet
980 3385 1108 3454 contra
1134 3380 1222 3454 vitia
1248 3389 1285 3454 et
1310 3388 1437 3456 contra
1467 3383 1638 3456 haereses.

465 3499 562 3594 Ergo
588 3498 654 3573 iste
680 3499 865 3574 exercitus
891 3499 1062 3596 exigebat
1089 3500 1183 3576 duos
1212 3500 1337 3596 duces,
1363 3522 1480 3575 unum
1512 3509 1640 3577 contra

466 3619 565 3712 vilia,
592 3624 628 3694 et
653 3619 712 3694 hic
738 3619 805 3692 luit
835 3617 1062 3714 Franciscus,
1098 3620 1235 3696 scilicet
1262 3622 1516 3715 Franciscum3
1548 3623 1640 3697 alte-

468 3760 552 3814 rum
579 3747 708 3814 contra
735 3741 904 3835 haereses,
930 3740 1066 3816 scilicet
1090 3741 1334 3835 Dominicam‚
1360 3749 1403 3817 ut
1430 3743 1552 3818 statim
1584 3742 1640 3817 di·

466 3866 572 3936 cetur
597 3861 720 3956 paullo
745 3862 862 3955 inira3
890 3868 927 3936 et
958 3861 1062 3936 dicit:
1094 3864 1154 3934 cte
1185 3855 1333 3936 sleostd
1357 3882 1459 3954 coro,
1492 3862 1637 3952 scilicet,

466 3981 584 4076 pretio
610 3981 796 4076 sanguinis
814 3981 945 4055 Christi
957 3969 1008 4075 (⁸),
1026 4003 1049 4054 α
1069 3985 1244 4073 riormar,
1263 3981 1349 4074 quia
1375 3982 1509 4057 scilicet
1529 4002 1639 4056 exar-

469 4108 591 4177 matus
617 4102 738 4175 luerat
763 4123 785 4174 a
811 4101 955 4175 diabolo
981 4101 1117 4176 virtute
1147 4123 1227 4195 sua,
1254 4103 1351 4176 unde
1379 4107 1460 4178 erat
1489 4101 1639 4176 inermis

468 4227 506 4298 et
532 4220 651 4318 impar
677 4220 789 4315 hosti3
814 4225 846 4294 si
871 4241 993 4294 moveo
1019 4224 1136 4314 wado,
1164 4229 1353 4314 cospettoso
1377 4243 1396 4294 e
1420 4243 1524 4315 rare,
1551 4221 1636 4315 quia

466 4341 575 4436 parnei
602 4349 709 4416 erant
728 4346 765 4416 et
785 4341 943 4435 suspecti
959 4348 997 4416 et
1012 4342 1159 4436 debiles,
1178 4342 1243 4436 qni
1262 4342 1459 4416 militarent
1475 4341 1511 4414 in
1529 4361 1639 4416 exer·

465 4461 540 4536 citu
566 4461 653 4554 ist03
679 4461 766 4555 quia
784 4466 826 4536 ut
842 4462 979 4536 dictum
997 4463 1105 4536 estin
1127 4457 1346 4558 praecedenti
1366 4461 1537 4557 capitulo,
1554 4463 1639 4537 satis

464 4581 678 4662 deiecerant
703 4584 867 4658 valentes
891 4582 1098 4658 sacerdotes
1123 4589 1161 4658 et
1186 4582 1344 4679 religiosi
1371 4588 1540 4677 tempore
1564 4605 1641 4678 quo

464 4702 605 4778 laudati
630 4710 716 4778 suut
741 4703 797 4778 isti
823 4703 898 4779 duo
918 4701 1129 4778 nobilissimi
1147 4703 1313 4797 ordines;
1334 4708 1372 4777 et
1392 4702 1502 4777 dicit:
1529 4705 1640 4778 dietro

527 4887 555 4949 ι’)
571 4889 601 4939 Ε.
617 4889 713 4940 lauder.
1026 4889 1054 4953 (¹)
1071 4891 1101 4939 Ε.
1118 4891 1256 4954 vituperet.

527 4963 554 5024 (¹)
569 4963 601 5016 E.
616 4965 649 5016 de
664 4965 707 5016 liis
720 4965 829 5018 danius.
1026 4965 1053 5028 (¹1
1069 4965 1100 5018 B.
1115 4965 1176 5018 iesu
1193 4965 1296 5017 ffiruti.
