<?xml version="1.0" encoding="UTF-8"?>
<!DOCTYPE html PUBLIC "-//W3C//DTD XHTML 1.0 Transitional//EN"
    "http://www.w3.org/TR/xhtml1/DTD/xhtml1-transitional.dtd">
<html xmlns="http://www.w3.org/1999/xhtml" xml:lang="en" lang="en">
 <head>
  <title>
</title>
<meta http-equiv="Content-Type" content="text/html;charset=utf-8" />
  <meta name='ocr-system' content='tesseract 3.04.00' />
  <meta name='ocr-capabilities' content='ocr_page ocr_carea ocr_par ocr_line ocrx_word'/>
</head>
<body>
  <div class='ocr_page' id='page_1' title='image "./comentumsuperda02benvgoog_0315.png"; bbox 0 0 4842 6642; ppageno 0'>
   <div class='ocr_carea' id='block_1_1' title="bbox 801 800 1670 870">
    <p class='ocr_par' dir='ltr' id='par_1_1' title="bbox 801 800 1670 870">
     <span class='ocr_line' id='line_1_1' title="bbox 801 800 1670 870; baseline 0.02 -16"><span class='ocrx_word' id='word_1_1' title='bbox 801 800 941 858; x_wconf 75' lang='lat' dir='ltr'><strong>murus</strong></span> <span class='ocrx_word' id='word_1_2' title='bbox 964 804 1156 862; x_wconf 79' lang='lat' dir='ltr'><strong>mensurus</strong></span> <span class='ocrx_word' id='word_1_3' title='bbox 1179 805 1374 864; x_wconf 62' lang='lat' dir='ltr'><strong>mortuus.</strong></span> <span class='ocrx_word' id='word_1_4' title='bbox 1599 801 1670 870; x_wconf 70' lang='lat' dir='ltr'><strong>itt</strong></span> 
     </span>
    </p>
   </div>
   <div class='ocr_carea' id='block_1_2' title="bbox 487 944 1670 2129">
    <p class='ocr_par' dir='ltr' id='par_1_2' title="bbox 487 944 1670 2005">
     <span class='ocr_line' id='line_1_2' title="bbox 495 944 1670 1050; baseline 0.007 -29"><span class='ocrx_word' id='word_1_5' title='bbox 495 944 630 1021; x_wconf 89' lang='lat' dir='ltr'><strong>dictam</strong></span> <span class='ocrx_word' id='word_1_6' title='bbox 656 945 741 1040; x_wconf 81' lang='lat' dir='ltr'><strong>ltei3</strong></span> <span class='ocrx_word' id='word_1_7' title='bbox 768 945 963 1042; x_wconf 75' lang='lat' dir='ltr'><strong>respondet</strong></span> <span class='ocrx_word' id='word_1_8' title='bbox 987 954 1027 1023; x_wconf 87' lang='lat' dir='ltr'><strong>et</strong></span> <span class='ocrx_word' id='word_1_9' title='bbox 1050 947 1136 1024; x_wconf 89' lang='lat' dir='ltr'><strong>dicit</strong></span> <span class='ocrx_word' id='word_1_10' title='bbox 1153 951 1368 1026; x_wconf 88' lang='lat' dir='ltr'><strong>senteutiam</strong></span> <span class='ocrx_word' id='word_1_11' title='bbox 1389 954 1597 1050; x_wconf 88' lang='lat' dir='ltr'><strong>notandam,</strong></span> <span class='ocrx_word' id='word_1_12' title='bbox 1619 960 1670 1029; x_wconf 88' lang='lat' dir='ltr'><strong>Lu</strong></span> 
     </span>
     <span class='ocr_line' id='line_1_3' title="bbox 493 1069 1669 1169; baseline 0.01 -29"><span class='ocrx_word' id='word_1_13' title='bbox 493 1069 610 1160; x_wconf 81' lang='lat' dir='ltr'><strong>spado</strong></span> <span class='ocrx_word' id='word_1_14' title='bbox 633 1069 672 1142; x_wconf 84' lang='lat' dir='ltr'><strong>di</strong></span> <span class='ocrx_word' id='word_1_15' title='bbox 694 1086 766 1160; x_wconf 75' lang='lat' dir='ltr'><strong>mro</strong></span> <span class='ocrx_word' id='word_1_16' title='bbox 788 1087 831 1142; x_wconf 85' lang='lat' dir='ltr'><strong>ru</strong></span> <span class='ocrx_word' id='word_1_17' title='bbox 854 1089 928 1142; x_wconf 82' lang='lat' dir='ltr'><strong>non</strong></span> <span class='ocrx_word' id='word_1_18' title='bbox 952 1071 1064 1160; x_wconf 71' lang='lat' dir='ltr'><strong>tuoto</strong></span> <span class='ocrx_word' id='word_1_19' title='bbox 1090 1072 1129 1143; x_wconf 82' lang='lat' dir='ltr'><strong>io</strong></span> <span class='ocrx_word' id='word_1_20' title='bbox 1154 1073 1274 1164; x_wconf 67' lang='lat' dir='ltr'><strong>deuo,</strong></span> <span class='ocrx_word' id='word_1_21' title='bbox 1302 1071 1403 1167; x_wconf 86' lang='lat' dir='ltr'><strong>idest,</strong></span> <span class='ocrx_word' id='word_1_22' title='bbox 1431 1073 1572 1169; x_wconf 72' lang='lat' dir='ltr'><strong>iustitia</strong></span> <span class='ocrx_word' id='word_1_23' title='bbox 1604 1077 1669 1154; x_wconf 80' lang='lat' dir='ltr'><strong>liei</strong></span> 
     </span>
     <span class='ocr_line' id='line_1_4' title="bbox 494 1186 1667 1290; baseline 0.008 -27"><span class='ocrx_word' id='word_1_24' title='bbox 494 1209 568 1264; x_wconf 90' lang='lat' dir='ltr'><strong>non</strong></span> <span class='ocrx_word' id='word_1_25' title='bbox 599 1189 792 1282; x_wconf 71' lang='lat' dir='ltr'>accelerat,</span> <span class='ocrx_word' id='word_1_26' title='bbox 823 1186 870 1264; x_wconf 79' lang='lat' dir='ltr'><strong>nd</strong></span> <span class='ocrx_word' id='word_1_27' title='bbox 899 1192 1018 1281; x_wconf 87' lang='lat' dir='ltr'><strong>turdo,</strong></span> <span class='ocrx_word' id='word_1_28' title='bbox 1052 1189 1137 1266; x_wconf 92' lang='lat' dir='ltr'><strong>licet</strong></span> <span class='ocrx_word' id='word_1_29' title='bbox 1172 1191 1226 1267; x_wconf 91' lang='lat' dir='ltr'><strong>sic</strong></span> <span class='ocrx_word' id='word_1_30' title='bbox 1258 1191 1425 1268; x_wconf 89' lang='lat' dir='ltr'><strong>videatur</strong></span> <span class='ocrx_word' id='word_1_31' title='bbox 1459 1198 1667 1290; x_wconf 77' lang='lat' dir='ltr'><strong>expectanti</strong></span> 
     </span>
     <span class='ocr_line' id='line_1_5' title="bbox 493 1308 1666 1413; baseline 0.007 -29"><span class='ocrx_word' id='word_1_32' title='bbox 493 1329 598 1403; x_wconf 79' lang='lat' dir='ltr'><strong>eem3</strong></span> <span class='ocrx_word' id='word_1_33' title='bbox 624 1309 688 1404; x_wconf 86' lang='lat' dir='ltr'><strong>qui</strong></span> <span class='ocrx_word' id='word_1_34' title='bbox 713 1308 812 1384; x_wconf 88' lang='lat' dir='ltr'><strong>eninr</strong></span> <span class='ocrx_word' id='word_1_35' title='bbox 837 1315 1006 1409; x_wconf 80' lang='lat' dir='ltr'><strong>expectat</strong></span> <span class='ocrx_word' id='word_1_36' title='bbox 1036 1329 1119 1386; x_wconf 86' lang='lat' dir='ltr'><strong>eam</strong></span> <span class='ocrx_word' id='word_1_37' title='bbox 1150 1311 1187 1385; x_wconf 91' lang='lat' dir='ltr'><strong>in</strong></span> <span class='ocrx_word' id='word_1_38' title='bbox 1217 1311 1330 1386; x_wconf 89' lang='lat' dir='ltr'><strong>alium</strong></span> <span class='ocrx_word' id='word_1_39' title='bbox 1365 1312 1511 1389; x_wconf 90' lang='lat' dir='ltr'><strong>videtur</strong></span> <span class='ocrx_word' id='word_1_40' title='bbox 1543 1316 1666 1413; x_wconf 90' lang='lat' dir='ltr'><strong>tarda;</strong></span> 
     </span>
     <span class='ocr_line' id='line_1_6' title="bbox 493 1425 1670 1524; baseline 0.008 -21"><span class='ocrx_word' id='word_1_41' title='bbox 493 1428 557 1524; x_wconf 86' lang='lat' dir='ltr'><strong>qui</strong></span> <span class='ocrx_word' id='word_1_42' title='bbox 576 1447 667 1504; x_wconf 89' lang='lat' dir='ltr'><strong>vero</strong></span> <span class='ocrx_word' id='word_1_43' title='bbox 683 1433 854 1523; x_wconf 76' lang='lat' dir='ltr'><strong>expectat</strong></span> <span class='ocrx_word' id='word_1_44' title='bbox 870 1449 954 1506; x_wconf 87' lang='lat' dir='ltr'><strong>eam</strong></span> <span class='ocrx_word' id='word_1_45' title='bbox 980 1429 1017 1504; x_wconf 92' lang='lat' dir='ltr'><strong>in</strong></span> <span class='ocrx_word' id='word_1_46' title='bbox 1033 1449 1074 1504; x_wconf 85' lang='lat' dir='ltr'><strong>se</strong></span> <span class='ocrx_word' id='word_1_47' title='bbox 1091 1429 1237 1506; x_wconf 85' lang='lat' dir='ltr'><strong>videtur</strong></span> <span class='ocrx_word' id='word_1_48' title='bbox 1251 1425 1287 1524; x_wconf 70' lang='grc' dir='ltr'><strong>ι’)</strong></span> <span class='ocrx_word' id='word_1_49' title='bbox 1307 1431 1457 1508; x_wconf 78' lang='lat' dir='ltr'><strong>festine:</strong></span> <span class='ocrx_word' id='word_1_50' title='bbox 1476 1455 1536 1507; x_wconf 88' lang='lat' dir='ltr'><strong>mo</strong></span> <span class='ocrx_word' id='word_1_51' title='bbox 1552 1437 1612 1509; x_wconf 79' lang='lat' dir='ltr'><strong>cle</strong></span> <span class='ocrx_word' id='word_1_52' title='bbox 1631 1440 1670 1512; x_wconf 89' lang='lat' dir='ltr'><strong>ol</strong></span> 
     </span>
     <span class='ocr_line' id='line_1_7' title="bbox 487 1551 1663 1645; baseline 0.009 -22"><span class='ocrx_word' id='word_1_53' title='bbox 487 1570 603 1643; x_wconf 81' lang='lat' dir='ltr'><strong>parer</strong></span> <span class='ocrx_word' id='word_1_54' title='bbox 628 1551 667 1623; x_wconf 80' lang='lat' dir='ltr'><strong>di</strong></span> <span class='ocrx_word' id='word_1_55' title='bbox 689 1551 780 1623; x_wconf 70' lang='lat' dir='ltr'><strong>codd</strong></span> <span class='ocrx_word' id='word_1_56' title='bbox 798 1551 859 1623; x_wconf 80' lang='lat' dir='ltr'><strong>cle</strong></span> <span class='ocrx_word' id='word_1_57' title='bbox 875 1552 1045 1642; x_wconf 81' lang='lat' dir='ltr'><strong>lospctto</strong></span> <span class='ocrx_word' id='word_1_58' title='bbox 1060 1553 1253 1645; x_wconf 60' lang='lat' dir='ltr'><strong>mmmmm</strong></span> <span class='ocrx_word' id='word_1_59' title='bbox 1271 1551 1416 1627; x_wconf 87' lang='lat' dir='ltr'><strong>videtur</strong></span> <span class='ocrx_word' id='word_1_60' title='bbox 1433 1553 1532 1628; x_wconf 87' lang='lat' dir='ltr'><strong>enim</strong></span> <span class='ocrx_word' id='word_1_61' title='bbox 1559 1556 1663 1633; x_wconf 85' lang='lat' dir='ltr'><strong>tarda</strong></span> 
     </span>
     <span class='ocr_line' id='line_1_8' title="bbox 492 1668 1664 1769; baseline 0.008 -26"><span class='ocrx_word' id='word_1_62' title='bbox 492 1669 542 1743; x_wconf 90' lang='lat' dir='ltr'><strong>illi</strong></span> <span class='ocrx_word' id='word_1_63' title='bbox 569 1668 632 1763; x_wconf 88' lang='lat' dir='ltr'><strong>qui</strong></span> <span class='ocrx_word' id='word_1_64' title='bbox 658 1668 796 1764; x_wconf 87' lang='lat' dir='ltr'><strong>appetit</strong></span> <span class='ocrx_word' id='word_1_65' title='bbox 815 1668 915 1763; x_wconf 87' lang='lat' dir='ltr'><strong>quod</strong></span> <span class='ocrx_word' id='word_1_66' title='bbox 936 1669 1058 1745; x_wconf 89' lang='lat' dir='ltr'><strong>veniat</strong></span> <span class='ocrx_word' id='word_1_67' title='bbox 1074 1691 1186 1766; x_wconf 86' lang='lat' dir='ltr'><strong>super</strong></span> <span class='ocrx_word' id='word_1_68' title='bbox 1203 1671 1331 1766; x_wconf 93' lang='lat' dir='ltr'><strong>alium,</strong></span> <span class='ocrx_word' id='word_1_69' title='bbox 1348 1693 1371 1746; x_wconf 93' lang='lat' dir='ltr'><strong>o</strong></span> <span class='ocrx_word' id='word_1_70' title='bbox 1388 1675 1557 1769; x_wconf 76' lang='lat' dir='ltr'><strong>lamando,</strong></span> <span class='ocrx_word' id='word_1_71' title='bbox 1575 1675 1664 1769; x_wconf 70' lang='lat' dir='ltr'><strong>,quio</strong></span> 
     </span>
     <span class='ocr_line' id='line_1_9' title="bbox 493 1788 1664 1886; baseline 0.003 -20"><span class='ocrx_word' id='word_1_72' title='bbox 493 1789 640 1866; x_wconf 85' lang='lat' dir='ltr'><strong>videtur</strong></span> <span class='ocrx_word' id='word_1_73' title='bbox 663 1788 791 1866; x_wconf 82' lang='lat' dir='ltr'><strong>festina</strong></span> <span class='ocrx_word' id='word_1_74' title='bbox 817 1795 856 1864; x_wconf 90' lang='lat' dir='ltr'><strong>et</strong></span> <span class='ocrx_word' id='word_1_75' title='bbox 879 1790 1084 1867; x_wconf 87' lang='lat' dir='ltr'><strong>accelerata</strong></span> <span class='ocrx_word' id='word_1_76' title='bbox 1109 1792 1144 1868; x_wconf 87' lang='lat' dir='ltr'><strong>oi</strong></span> <span class='ocrx_word' id='word_1_77' title='bbox 1169 1793 1233 1886; x_wconf 89' lang='lat' dir='ltr'><strong>qui</strong></span> <span class='ocrx_word' id='word_1_78' title='bbox 1259 1793 1363 1868; x_wconf 89' lang='lat' dir='ltr'><strong>timet</strong></span> <span class='ocrx_word' id='word_1_79' title='bbox 1388 1814 1435 1868; x_wconf 91' lang='lat' dir='ltr'><strong>ne</strong></span> <span class='ocrx_word' id='word_1_80' title='bbox 1460 1793 1583 1880; x_wconf 83' lang='lat' dir='ltr'><strong>veniat</strong></span> <span class='ocrx_word' id='word_1_81' title='bbox 1599 1817 1664 1870; x_wconf 88' lang='lat' dir='ltr'><strong>su-</strong></span> 
     </span>
     <span class='ocr_line' id='line_1_10' title="bbox 493 1917 780 2005; baseline 0.003 -22"><span class='ocrx_word' id='word_1_82' title='bbox 493 1929 559 2005; x_wconf 90' lang='lat' dir='ltr'><strong>per</strong></span> <span class='ocrx_word' id='word_1_83' title='bbox 584 1930 685 2004; x_wconf 87' lang='lat' dir='ltr'><strong>eum,</strong></span> <span class='ocrx_word' id='word_1_84' title='bbox 712 1917 780 1984; x_wconf 88' lang='lat' dir='ltr'><strong>etc</strong></span> 
     </span>
    </p>

    <p class='ocr_par' dir='ltr' id='par_1_3' title="bbox 564 2026 1659 2129">
     <span class='ocr_line' id='line_1_11' title="bbox 564 2026 1659 2129; baseline 0.005 -25"><span class='ocrx_word' id='word_1_85' title='bbox 564 2035 628 2104; x_wconf 86' lang='lat' dir='ltr'><strong>llo</strong></span> <span class='ocrx_word' id='word_1_86' title='bbox 651 2034 806 2122; x_wconf 77' lang='lat' dir='ltr'><strong>ricolpttr&#39;</strong></span> <span class='ocrx_word' id='word_1_87' title='bbox 828 2034 934 2104; x_wconf 77' lang='lat' dir='ltr'><strong>omnt</strong></span> <span class='ocrx_word' id='word_1_88' title='bbox 960 2031 1032 2106; x_wconf 85' lang='lat' dir='ltr'><strong>leta</strong></span> <span class='ocrx_word' id='word_1_89' title='bbox 1056 2038 1112 2106; x_wconf 91' lang='lat' dir='ltr'><strong>est</strong></span> <span class='ocrx_word' id='word_1_90' title='bbox 1136 2031 1296 2108; x_wconf 85' lang='lat' dir='ltr'><strong>secunda</strong></span> <span class='ocrx_word' id='word_1_91' title='bbox 1314 2053 1400 2128; x_wconf 86' lang='lat' dir='ltr'><strong>pars</strong></span> <span class='ocrx_word' id='word_1_92' title='bbox 1416 2033 1598 2127; x_wconf 82' lang='lat' dir='ltr'><strong>generalis</strong></span> <span class='ocrx_word' id='word_1_93' title='bbox 1610 2026 1659 2129; x_wconf 74' lang='lat'><strong>(²),</strong></span> 
     </span>
    </p>
   </div>
   <div class='ocr_carea' id='block_1_3' title="bbox 489 2150 1773 2248">
    <p class='ocr_par' dir='ltr' id='par_1_4' title="bbox 489 2150 1773 2248">
     <span class='ocr_line' id='line_1_12' title="bbox 489 2150 1773 2248; baseline 0.002 -21"><span class='ocrx_word' id='word_1_94' title='bbox 489 2150 526 2228; x_wconf 85' lang='lat' dir='ltr'><strong>in</strong></span> <span class='ocrx_word' id='word_1_95' title='bbox 552 2174 626 2248; x_wconf 85' lang='lat' dir='ltr'><strong>qua</strong></span> <span class='ocrx_word' id='word_1_96' title='bbox 651 2160 762 2228; x_wconf 89' lang='lat' dir='ltr'><strong>autor</strong></span> <span class='ocrx_word' id='word_1_97' title='bbox 785 2151 886 2248; x_wconf 80' lang='lat' dir='ltr'><strong>eligit</strong></span> <span class='ocrx_word' id='word_1_98' title='bbox 902 2169 950 2226; x_wconf 82' lang='lat' dir='ltr'><strong>er</strong></span> <span class='ocrx_word' id='word_1_99' title='bbox 969 2151 1092 2226; x_wconf 89' lang='lat' dir='ltr'><strong>multis</strong></span> <span class='ocrx_word' id='word_1_100' title='bbox 1112 2173 1229 2228; x_wconf 90' lang='lat' dir='ltr'><strong>unum</strong></span> <span class='ocrx_word' id='word_1_101' title='bbox 1249 2153 1371 2228; x_wconf 90' lang='lat' dir='ltr'><strong>virum</strong></span> <span class='ocrx_word' id='word_1_102' title='bbox 1389 2153 1496 2228; x_wconf 89' lang='lat' dir='ltr'><strong>cuius</strong></span> <span class='ocrx_word' id='word_1_103' title='bbox 1513 2175 1660 2230; x_wconf 86' lang='lat' dir='ltr'><strong>summa</strong></span> <span class='ocrx_word' id='word_1_104' title='bbox 1767 2195 1773 2213; x_wconf 83' lang='lat'><em>.</em></span> 
     </span>
    </p>
   </div>
   <div class='ocr_carea' id='block_1_4' title="bbox 473 2276 1661 4671">
    <p class='ocr_par' dir='ltr' id='par_1_5' title="bbox 473 2276 1661 4671">
     <span class='ocr_line' id='line_1_13' title="bbox 486 2276 1660 2374; baseline 0.002 -20"><span class='ocrx_word' id='word_1_105' title='bbox 486 2278 746 2374; x_wconf 89' lang='lat' dir='ltr'><strong>contemplatio</strong></span> <span class='ocrx_word' id='word_1_106' title='bbox 770 2284 828 2352; x_wconf 96' lang='grc' dir='ltr'><strong>εει</strong></span> <span class='ocrx_word' id='word_1_107' title='bbox 852 2276 1052 2371; x_wconf 88' lang='lat' dir='ltr'><strong>notissima,</strong></span> <span class='ocrx_word' id='word_1_108' title='bbox 1072 2285 1110 2352; x_wconf 91' lang='lat' dir='ltr'><strong>et</strong></span> <span class='ocrx_word' id='word_1_109' title='bbox 1134 2277 1203 2352; x_wconf 88' lang='lat' dir='ltr'><strong>luit</strong></span> <span class='ocrx_word' id='word_1_110' title='bbox 1230 2278 1416 2354; x_wconf 87' lang='lat' dir='ltr'><strong>utilissima</strong></span> <span class='ocrx_word' id='word_1_111' title='bbox 1445 2280 1660 2356; x_wconf 87' lang='lat' dir='ltr'><strong>mulieribus</strong></span> 
     </span>
     <span class='ocr_line' id='line_1_14' title="bbox 486 2398 1661 2500; baseline 0.001 -21"><span class='ocrx_word' id='word_1_112' title='bbox 486 2398 524 2479; x_wconf 80' lang='lat' dir='ltr'><strong>et</strong></span> <span class='ocrx_word' id='word_1_113' title='bbox 542 2402 760 2498; x_wconf 86' lang='lat' dir='ltr'><strong>hominibus,</strong></span> <span class='ocrx_word' id='word_1_114' title='bbox 776 2401 925 2495; x_wconf 90' lang='lat' dir='ltr'><strong>scilicet,</strong></span> <span class='ocrx_word' id='word_1_115' title='bbox 943 2402 1093 2476; x_wconf 87' lang='lat' dir='ltr'><strong>beatum</strong></span> <span class='ocrx_word' id='word_1_116' title='bbox 1107 2401 1357 2477; x_wconf 89' lang='lat' dir='ltr'><strong>Benedictum.</strong></span> <span class='ocrx_word' id='word_1_117' title='bbox 1371 2405 1415 2477; x_wconf 87' lang='lat' dir='ltr'><strong>Et</strong></span> <span class='ocrx_word' id='word_1_118' title='bbox 1429 2403 1548 2499; x_wconf 85' lang='lat' dir='ltr'><strong>primo</strong></span> <span class='ocrx_word' id='word_1_119' title='bbox 1560 2405 1661 2500; x_wconf 91' lang='lat' dir='ltr'><strong>ponit</strong></span> 
     </span>
     <span class='ocr_line' id='line_1_15' title="bbox 486 2520 1658 2622; baseline 0.003 -21"><span class='ocrx_word' id='word_1_120' title='bbox 486 2520 675 2622; x_wconf 86' lang='lat' dir='ltr'><strong>quomodo</strong></span> <span class='ocrx_word' id='word_1_121' title='bbox 693 2527 840 2602; x_wconf 85' lang='lat' dir='ltr'><strong>Beatrir</strong></span> <span class='ocrx_word' id='word_1_122' title='bbox 858 2527 1077 2602; x_wconf 81' lang='lat' dir='ltr'><strong>invitaverat</strong></span> <span class='ocrx_word' id='word_1_123' title='bbox 1094 2526 1242 2600; x_wconf 89' lang='lat' dir='ltr'><strong>eumad</strong></span> <span class='ocrx_word' id='word_1_124' title='bbox 1255 2528 1541 2622; x_wconf 82' lang='lat' dir='ltr'><strong>speculationem</strong></span> <span class='ocrx_word' id='word_1_125' title='bbox 1561 2531 1658 2604; x_wconf 91' lang='lat' dir='ltr'><strong>mul·</strong></span> 
     </span>
     <span class='ocr_line' id='line_1_16' title="bbox 486 2646 1658 2744; baseline 0.002 -23"><span class='ocrx_word' id='word_1_126' title='bbox 486 2655 610 2724; x_wconf 89' lang='lat' dir='ltr'><strong>torum</strong></span> <span class='ocrx_word' id='word_1_127' title='bbox 632 2646 1002 2741; x_wconf 88' lang='lat' dir='ltr'><strong>contemplativorum</strong></span> <span class='ocrx_word' id='word_1_128' title='bbox 1017 2646 1054 2720; x_wconf 92' lang='lat' dir='ltr'><strong>iu</strong></span> <span class='ocrx_word' id='word_1_129' title='bbox 1067 2647 1243 2744; x_wconf 81' lang='lat' dir='ltr'><strong>generali,</strong></span> <span class='ocrx_word' id='word_1_130' title='bbox 1264 2646 1405 2722; x_wconf 88' lang='lat' dir='ltr'><strong>dicens:</strong></span> <span class='ocrx_word' id='word_1_131' title='bbox 1425 2654 1487 2722; x_wconf 82' lang='lat' dir='ltr'><strong>lla</strong></span> <span class='ocrx_word' id='word_1_132' title='bbox 1503 2653 1658 2741; x_wconf 75' lang='lat' dir='ltr'><strong>ricolpr&#39;tr&#39;</strong></span> 
     </span>
     <span class='ocr_line' id='line_1_17' title="bbox 486 2767 1654 2867; baseline 0.005 -25"><span class='ocrx_word' id='word_1_133' title='bbox 486 2771 594 2860; x_wconf 82' lang='lat' dir='ltr'><strong>omui,</strong></span> <span class='ocrx_word' id='word_1_134' title='bbox 620 2767 707 2862; x_wconf 90' lang='lat' dir='ltr'><strong>quia</strong></span> <span class='ocrx_word' id='word_1_135' title='bbox 732 2768 817 2843; x_wconf 88' lang='lat' dir='ltr'><strong>satis</strong></span> <span class='ocrx_word' id='word_1_136' title='bbox 842 2767 980 2843; x_wconf 90' lang='lat' dir='ltr'><strong>dictum</strong></span> <span class='ocrx_word' id='word_1_137' title='bbox 1006 2775 1062 2842; x_wconf 87' lang='grc' dir='ltr'><strong>εει</strong></span> <span class='ocrx_word' id='word_1_138' title='bbox 1088 2788 1154 2862; x_wconf 95' lang='lat' dir='ltr'><strong>pro</strong></span> <span class='ocrx_word' id='word_1_139' title='bbox 1180 2789 1278 2842; x_wconf 90' lang='lat' dir='ltr'><strong>nunc</strong></span> <span class='ocrx_word' id='word_1_140' title='bbox 1308 2768 1354 2844; x_wconf 87' lang='lat' dir='ltr'><strong>de</strong></span> <span class='ocrx_word' id='word_1_141' title='bbox 1385 2769 1453 2843; x_wconf 88' lang='lat' dir='ltr'><strong>ista</strong></span> <span class='ocrx_word' id='word_1_142' title='bbox 1490 2771 1654 2867; x_wconf 86' lang='lat' dir='ltr'><strong>materia,</strong></span> 
     </span>
     <span class='ocr_line' id='line_1_18' title="bbox 484 2886 1653 2984; baseline 0.002 -22"><span class='ocrx_word' id='word_1_143' title='bbox 484 2891 625 2962; x_wconf 73' lang='lat' dir='ltr'><strong>tumeo</strong></span> <span class='ocrx_word' id='word_1_144' title='bbox 639 2891 757 2982; x_wconf 75' lang='grc' dir='ltr'><strong>ειινει,</strong></span> <span class='ocrx_word' id='word_1_145' title='bbox 773 2887 875 2980; x_wconf 88' lang='lat' dir='ltr'><strong>idest,</strong></span> <span class='ocrx_word' id='word_1_146' title='bbox 889 2887 980 2962; x_wconf 90' lang='lat' dir='ltr'><strong>alios</strong></span> <span class='ocrx_word' id='word_1_147' title='bbox 995 2886 1159 2982; x_wconf 85' lang='lat' dir='ltr'><strong>spiritus3</strong></span> <span class='ocrx_word' id='word_1_148' title='bbox 1176 2887 1274 2962; x_wconf 90' lang='lat' dir='ltr'><strong>uude</strong></span> <span class='ocrx_word' id='word_1_149' title='bbox 1291 2887 1386 2982; x_wconf 87' lang='lat' dir='ltr'><strong>dicit,</strong></span> <span class='ocrx_word' id='word_1_150' title='bbox 1404 2891 1456 2963; x_wconf 81' lang='lat' dir='ltr'><strong>cd&#39;</strong></span> <span class='ocrx_word' id='word_1_151' title='bbox 1469 2893 1566 2964; x_wconf 82' lang='lat' dir='ltr'><strong>assat</strong></span> <span class='ocrx_word' id='word_1_152' title='bbox 1580 2895 1653 2984; x_wconf 85' lang='lat' dir='ltr'><strong>spi·</strong></span> 
     </span>
     <span class='ocr_line' id='line_1_19' title="bbox 482 3007 1655 3101; baseline 0.003 -18"><span class='ocrx_word' id='word_1_153' title='bbox 482 3011 545 3083; x_wconf 74' lang='lat' dir='ltr'><strong>riti</strong></span> <span class='ocrx_word' id='word_1_154' title='bbox 565 3011 693 3082; x_wconf 67' lang='lat' dir='ltr'><strong>illrum</strong></span> <span class='ocrx_word' id='word_1_155' title='bbox 711 3011 849 3099; x_wconf 85' lang='lat' dir='ltr'><strong>oedrui,</strong></span> <span class='ocrx_word' id='word_1_156' title='bbox 873 3008 968 3083; x_wconf 89' lang='lat' dir='ltr'><strong>sicut</strong></span> <span class='ocrx_word' id='word_1_157' title='bbox 992 3007 1243 3101; x_wconf 90' lang='lat' dir='ltr'><strong>Benedictum,</strong></span> <span class='ocrx_word' id='word_1_158' title='bbox 1269 3009 1468 3084; x_wconf 81' lang='lat' dir='ltr'><strong>Menenium</strong></span> <span class='ocrx_word' id='word_1_159' title='bbox 1495 3017 1532 3086; x_wconf 87' lang='lat' dir='ltr'><strong>et</strong></span> <span class='ocrx_word' id='word_1_160' title='bbox 1563 3012 1655 3087; x_wconf 87' lang='lat' dir='ltr'><strong>alios</strong></span> 
     </span>
     <span class='ocr_line' id='line_1_20' title="bbox 483 3127 1653 3224; baseline 0.002 -19"><span class='ocrx_word' id='word_1_161' title='bbox 483 3127 795 3224; x_wconf 86' lang='lat' dir='ltr'><strong>contemplativus,</strong></span> <span class='ocrx_word' id='word_1_162' title='bbox 815 3149 853 3201; x_wconf 85' lang='lat' dir='ltr'><strong>sc</strong></span> <span class='ocrx_word' id='word_1_163' title='bbox 876 3130 972 3202; x_wconf 83' lang='lat' dir='ltr'><strong>ridut</strong></span> <span class='ocrx_word' id='word_1_164' title='bbox 991 3131 1029 3201; x_wconf 89' lang='lat' dir='ltr'><strong>lu</strong></span> <span class='ocrx_word' id='word_1_165' title='bbox 1046 3131 1147 3218; x_wconf 70' lang='lat' dir='ltr'><strong>outo,</strong></span> <span class='ocrx_word' id='word_1_166' title='bbox 1165 3127 1258 3204; x_wconf 90' lang='lat' dir='ltr'><strong>idest</strong></span> <span class='ocrx_word' id='word_1_167' title='bbox 1275 3128 1304 3202; x_wconf 93' lang='lat' dir='ltr'><strong>si</strong></span> <span class='ocrx_word' id='word_1_168' title='bbox 1324 3128 1468 3204; x_wconf 85' lang='lat' dir='ltr'><strong>reducis</strong></span> <span class='ocrx_word' id='word_1_169' title='bbox 1485 3131 1605 3205; x_wconf 91' lang='lat' dir='ltr'><strong>visum</strong></span> <span class='ocrx_word' id='word_1_170' title='bbox 1632 3152 1653 3207; x_wconf 88' lang='lat' dir='ltr'><strong>a</strong></span> 
     </span>
     <span class='ocr_line' id='line_1_21' title="bbox 484 3233 1656 3344; baseline 0.003 -22"><span class='ocrx_word' id='word_1_171' title='bbox 484 3269 546 3325; x_wconf 90' lang='lat' dir='ltr'><strong>me</strong></span> <span class='ocrx_word' id='word_1_172' title='bbox 569 3249 616 3323; x_wconf 96' lang='lat' dir='ltr'><strong>ad</strong></span> <span class='ocrx_word' id='word_1_173' title='bbox 643 3249 740 3323; x_wconf 90' lang='lat' dir='ltr'><strong>viros</strong></span> <span class='ocrx_word' id='word_1_174' title='bbox 764 3247 1079 3344; x_wconf 89' lang='lat' dir='ltr'><strong>contemplativos,</strong></span> <span class='ocrx_word' id='word_1_175' title='bbox 1113 3251 1247 3321; x_wconf 86' lang='lat' dir='ltr'><strong>com’iu</strong></span> <span class='ocrx_word' id='word_1_176' title='bbox 1277 3251 1369 3340; x_wconf 84' lang='lat' dir='ltr'><strong>dico,</strong></span> <span class='ocrx_word' id='word_1_177' title='bbox 1395 3249 1481 3344; x_wconf 87' lang='lat' dir='ltr'><strong>quia</strong></span> <span class='ocrx_word' id='word_1_178' title='bbox 1512 3233 1656 3326; x_wconf 85' lang='lat' dir='ltr'><strong>dixerat</strong></span> 
     </span>
     <span class='ocr_line' id='line_1_22' title="bbox 481 3367 1651 3460; baseline 0.002 -17"><span class='ocrx_word' id='word_1_179' title='bbox 481 3369 565 3444; x_wconf 80' lang='lat' dir='ltr'><strong>sibi:</strong></span> <span class='ocrx_word' id='word_1_180' title='bbox 577 3371 794 3460; x_wconf 64' lang='lat' dir='ltr'><strong>destout-</strong></span> <span class='ocrx_word' id='word_1_181' title='bbox 803 3371 915 3442; x_wconf 79' lang='lat' dir='ltr'><strong>Come.</strong></span> <span class='ocrx_word' id='word_1_182' title='bbox 930 3367 996 3442; x_wconf 88' lang='lat' dir='ltr'><strong>llic</strong></span> <span class='ocrx_word' id='word_1_183' title='bbox 1009 3375 1120 3443; x_wconf 89' lang='lat' dir='ltr'><strong>autor</strong></span> <span class='ocrx_word' id='word_1_184' title='bbox 1132 3367 1303 3443; x_wconf 77' lang='lat' dir='ltr'><strong>describit</strong></span> <span class='ocrx_word' id='word_1_185' title='bbox 1315 3368 1493 3443; x_wconf 88' lang='lat' dir='ltr'><strong>visionem</strong></span> <span class='ocrx_word' id='word_1_186' title='bbox 1507 3369 1651 3445; x_wconf 91' lang='lat' dir='ltr'><strong>illorum</strong></span> 
     </span>
     <span class='ocr_line' id='line_1_23' title="bbox 480 3488 1652 3584; baseline 0.003 -21"><span class='ocrx_word' id='word_1_187' title='bbox 480 3489 687 3584; x_wconf 84' lang='lat' dir='ltr'><strong>spirituum,</strong></span> <span class='ocrx_word' id='word_1_188' title='bbox 713 3489 855 3564; x_wconf 90' lang='lat' dir='ltr'><strong>dicens:</strong></span> <span class='ocrx_word' id='word_1_189' title='bbox 876 3493 916 3562; x_wconf 95' lang='lat' dir='ltr'><strong>lo</strong></span> <span class='ocrx_word' id='word_1_190' title='bbox 940 3491 1095 3562; x_wconf 72' lang='lat' dir='ltr'><strong>ritoroot</strong></span> <span class='ocrx_word' id='word_1_191' title='bbox 1112 3491 1165 3579; x_wconf 72' lang='lat' dir='ltr'><strong>pli</strong></span> <span class='ocrx_word' id='word_1_192' title='bbox 1183 3490 1290 3580; x_wconf 82' lang='lat' dir='ltr'><strong>cccii,</strong></span> <span class='ocrx_word' id='word_1_193' title='bbox 1315 3488 1419 3582; x_wconf 87' lang='lat' dir='ltr'><strong>idest,</strong></span> <span class='ocrx_word' id='word_1_194' title='bbox 1436 3489 1652 3582; x_wconf 76' lang='lat' dir='ltr'><strong>speculatio</strong></span> 
     </span>
     <span class='ocr_line' id='line_1_24' title="bbox 480 3607 1654 3703; baseline 0.001 -20"><span class='ocrx_word' id='word_1_195' title='bbox 480 3630 565 3684; x_wconf 91' lang='lat' dir='ltr'><strong>nem</strong></span> <span class='ocrx_word' id='word_1_196' title='bbox 592 3609 875 3686; x_wconf 78' lang='lat' dir='ltr'><strong>intellectualem</strong></span> <span class='ocrx_word' id='word_1_197' title='bbox 902 3608 949 3683; x_wconf 91' lang='lat' dir='ltr'><strong>ad</strong></span> <span class='ocrx_word' id='word_1_198' title='bbox 974 3609 1122 3703; x_wconf 89' lang='lat' dir='ltr'><strong>spiritus</strong></span> <span class='ocrx_word' id='word_1_199' title='bbox 1146 3607 1226 3682; x_wconf 93' lang='lat' dir='ltr'><strong>illos</strong></span> <span class='ocrx_word' id='word_1_200' title='bbox 1247 3608 1417 3703; x_wconf 84' lang='lat' dir='ltr'><strong>illustres,</strong></span> <span class='ocrx_word' id='word_1_201' title='bbox 1440 3629 1537 3684; x_wconf 83' lang='lat' dir='ltr'><strong>come</strong></span> <span class='ocrx_word' id='word_1_202' title='bbox 1560 3630 1585 3683; x_wconf 87' lang='lat' dir='ltr'><strong>a</strong></span> <span class='ocrx_word' id='word_1_203' title='bbox 1609 3614 1654 3685; x_wconf 81' lang='lat' dir='ltr'><strong>lei</strong></span> 
     </span>
     <span class='ocr_line' id='line_1_25' title="bbox 473 3727 1652 3824; baseline 0.003 -22"><span class='ocrx_word' id='word_1_204' title='bbox 473 3732 636 3823; x_wconf 78' lang='lat' dir='ltr'><strong>piaeque,</strong></span> <span class='ocrx_word' id='word_1_205' title='bbox 656 3728 758 3824; x_wconf 90' lang='lat' dir='ltr'><strong>idest,</strong></span> <span class='ocrx_word' id='word_1_206' title='bbox 776 3728 979 3804; x_wconf 89' lang='lat' dir='ltr'><strong>secundum</strong></span> <span class='ocrx_word' id='word_1_207' title='bbox 1007 3734 1232 3824; x_wconf 80' lang='lat' dir='ltr'><strong>praeceptum</strong></span> <span class='ocrx_word' id='word_1_208' title='bbox 1256 3727 1347 3822; x_wconf 91' lang='lat' dir='ltr'><strong>eius,</strong></span> <span class='ocrx_word' id='word_1_209' title='bbox 1365 3736 1403 3803; x_wconf 85' lang='lat' dir='ltr'><strong>et</strong></span> <span class='ocrx_word' id='word_1_210' title='bbox 1418 3727 1522 3804; x_wconf 88' lang='lat' dir='ltr'><strong>dicit:</strong></span> <span class='ocrx_word' id='word_1_211' title='bbox 1544 3733 1652 3806; x_wconf 83' lang='lat' dir='ltr'><strong>euidi</strong></span> 
     </span>
     <span class='ocr_line' id='line_1_26' title="bbox 478 3847 1650 3944; baseline 0.003 -23"><span class='ocrx_word' id='word_1_212' title='bbox 478 3857 577 3922; x_wconf 80' lang='lat' dir='ltr'><strong>cento</strong></span> <span class='ocrx_word' id='word_1_213' title='bbox 600 3853 750 3942; x_wconf 68' lang='lat' dir='ltr'><strong>moute,</strong></span> <span class='ocrx_word' id='word_1_214' title='bbox 767 3849 871 3942; x_wconf 88' lang='lat' dir='ltr'><strong>idest,</strong></span> <span class='ocrx_word' id='word_1_215' title='bbox 888 3849 1049 3942; x_wconf 91' lang='lat' dir='ltr'><strong>animas;</strong></span> <span class='ocrx_word' id='word_1_216' title='bbox 1068 3869 1173 3944; x_wconf 91' lang='lat' dir='ltr'><strong>spera</strong></span> <span class='ocrx_word' id='word_1_217' title='bbox 1190 3847 1288 3923; x_wconf 89' lang='lat' dir='ltr'><strong>enim</strong></span> <span class='ocrx_word' id='word_1_218' title='bbox 1311 3847 1468 3923; x_wconf 89' lang='lat' dir='ltr'><strong>rotunda</strong></span> <span class='ocrx_word' id='word_1_219' title='bbox 1485 3855 1540 3922; x_wconf 89' lang='lat' dir='ltr'><strong>est</strong></span> <span class='ocrx_word' id='word_1_220' title='bbox 1556 3849 1650 3926; x_wconf 87' lang='lat' dir='ltr'><strong>sicut</strong></span> 
     </span>
     <span class='ocr_line' id='line_1_27' title="bbox 479 3967 1648 4066; baseline 0 -22"><span class='ocrx_word' id='word_1_221' title='bbox 479 3977 518 4044; x_wconf 89' lang='lat' dir='ltr'><strong>et</strong></span> <span class='ocrx_word' id='word_1_222' title='bbox 533 3990 662 4044; x_wconf 89' lang='lat' dir='ltr'><strong>omnes</strong></span> <span class='ocrx_word' id='word_1_223' title='bbox 679 3969 891 4044; x_wconf 86' lang='lat' dir='ltr'><strong>substantiae</strong></span> <span class='ocrx_word' id='word_1_224' title='bbox 910 3968 1127 4064; x_wconf 86' lang='lat' dir='ltr'><strong>spirituales,</strong></span> <span class='ocrx_word' id='word_1_225' title='bbox 1145 3975 1182 4042; x_wconf 91' lang='lat' dir='ltr'><strong>et</strong></span> <span class='ocrx_word' id='word_1_226' title='bbox 1203 3987 1309 4062; x_wconf 89' lang='lat' dir='ltr'><strong>spera</strong></span> <span class='ocrx_word' id='word_1_227' title='bbox 1328 3968 1363 4040; x_wconf 90' lang='lat' dir='ltr'><strong>in</strong></span> <span class='ocrx_word' id='word_1_228' title='bbox 1383 3967 1507 4062; x_wconf 85' lang='lat' dir='ltr'><strong>aliqua</strong></span> <span class='ocrx_word' id='word_1_229' title='bbox 1524 3969 1648 4066; x_wconf 84' lang='lat' dir='ltr'><strong>lingua</strong></span> 
     </span>
     <span class='ocr_line' id='line_1_28' title="bbox 478 4088 1649 4186; baseline 0.002 -22"><span class='ocrx_word' id='word_1_230' title='bbox 478 4090 574 4166; x_wconf 91' lang='lat' dir='ltr'><strong>idem</strong></span> <span class='ocrx_word' id='word_1_231' title='bbox 605 4091 784 4186; x_wconf 87' lang='lat' dir='ltr'><strong>estquod</strong></span> <span class='ocrx_word' id='word_1_232' title='bbox 818 4091 969 4185; x_wconf 87' lang='lat' dir='ltr'><strong>lampas,</strong></span> <span class='ocrx_word' id='word_1_233' title='bbox 995 4096 1032 4165; x_wconf 91' lang='lat' dir='ltr'><strong>et</strong></span> <span class='ocrx_word' id='word_1_234' title='bbox 1064 4088 1143 4164; x_wconf 81' lang='lat' dir='ltr'><strong>istoe</strong></span> <span class='ocrx_word' id='word_1_235' title='bbox 1174 4096 1282 4163; x_wconf 88' lang='lat' dir='ltr'><strong>erant</strong></span> <span class='ocrx_word' id='word_1_236' title='bbox 1313 4088 1446 4162; x_wconf 78' lang='lat' dir='ltr'><strong>a&#39;ulmae</strong></span> <span class='ocrx_word' id='word_1_237' title='bbox 1479 4089 1649 4166; x_wconf 87' lang='lat' dir='ltr'><strong>ardentes</strong></span> 
     </span>
     <span class='ocr_line' id='line_1_29' title="bbox 478 4203 1648 4300; baseline -0.003 -15"><span class='ocrx_word' id='word_1_238' title='bbox 478 4211 609 4286; x_wconf 90' lang='lat' dir='ltr'><strong>maiori</strong></span> <span class='ocrx_word' id='word_1_239' title='bbox 627 4211 779 4286; x_wconf 86' lang='lat' dir='ltr'><strong>caritate</strong></span> <span class='ocrx_word' id='word_1_240' title='bbox 795 4210 948 4286; x_wconf 79' lang='lat' dir='ltr'><strong>caeteris.</strong></span> <span class='ocrx_word' id='word_1_241' title='bbox 968 4211 1012 4284; x_wconf 83' lang='lat' dir='ltr'><strong>lit</strong></span> <span class='ocrx_word' id='word_1_242' title='bbox 1031 4209 1136 4285; x_wconf 90' lang='lat' dir='ltr'><strong>dicit:</strong></span> <span class='ocrx_word' id='word_1_243' title='bbox 1162 4211 1223 4282; x_wconf 81' lang='lat' dir='ltr'><strong>cltr</strong></span> <span class='ocrx_word' id='word_1_244' title='bbox 1246 4211 1387 4282; x_wconf 64' lang='lat' dir='ltr'><strong>inerme</strong></span> <span class='ocrx_word' id='word_1_245' title='bbox 1405 4203 1469 4300; x_wconf 80' lang='lat' dir='ltr'><strong>ptri</strong></span> <span class='ocrx_word' id='word_1_246' title='bbox 1489 4209 1648 4282; x_wconf 73' lang='lat' dir='ltr'><strong>coutet-</strong></span> 
     </span>
     <span class='ocr_line' id='line_1_30' title="bbox 476 4329 1648 4425; baseline 0 -19"><span class='ocrx_word' id='word_1_247' title='bbox 476 4336 574 4406; x_wconf 82' lang='lat' dir='ltr'><strong>licon</strong></span> <span class='ocrx_word' id='word_1_248' title='bbox 589 4355 655 4406; x_wconf 86' lang='lat' dir='ltr'><strong>corr</strong></span> <span class='ocrx_word' id='word_1_249' title='bbox 673 4335 781 4406; x_wconf 82' lang='lat' dir='ltr'><strong>mutui</strong></span> <span class='ocrx_word' id='word_1_250' title='bbox 798 4335 870 4423; x_wconf 86' lang='lat' dir='ltr'><strong>roi,</strong></span> <span class='ocrx_word' id='word_1_251' title='bbox 892 4332 994 4422; x_wconf 89' lang='lat' dir='ltr'><strong>idest,</strong></span> <span class='ocrx_word' id='word_1_252' title='bbox 1022 4329 1157 4405; x_wconf 85' lang='lat' dir='ltr'><strong>debant</strong></span> <span class='ocrx_word' id='word_1_253' title='bbox 1181 4329 1383 4425; x_wconf 87' lang='lat' dir='ltr'><strong>pulcriores</strong></span> <span class='ocrx_word' id='word_1_254' title='bbox 1401 4349 1447 4403; x_wconf 85' lang='lat' dir='ltr'><strong>ex</strong></span> <span class='ocrx_word' id='word_1_255' title='bbox 1474 4329 1648 4406; x_wconf 83' lang='lat' dir='ltr'><strong>reverbe-</strong></span> 
     </span>
     <span class='ocr_line' id='line_1_31' title="bbox 476 4447 1648 4554; baseline -0.003 -27"><span class='ocrx_word' id='word_1_256' title='bbox 476 4453 677 4554; x_wconf 81' lang='lat' dir='ltr'><strong>rationibus</strong></span> <span class='ocrx_word' id='word_1_257' title='bbox 698 4453 886 4528; x_wconf 88' lang='lat' dir='ltr'><strong>radiorum</strong></span> <span class='ocrx_word' id='word_1_258' title='bbox 913 4451 961 4527; x_wconf 90' lang='lat' dir='ltr'><strong>ad</strong></span> <span class='ocrx_word' id='word_1_259' title='bbox 985 4451 1154 4526; x_wconf 90' lang='lat' dir='ltr'><strong>invicem.</strong></span> <span class='ocrx_word' id='word_1_260' title='bbox 1172 4451 1217 4524; x_wconf 86' lang='lat' dir='ltr'><strong>Et</strong></span> <span class='ocrx_word' id='word_1_261' title='bbox 1237 4457 1322 4524; x_wconf 90' lang='lat' dir='ltr'><strong>nota</strong></span> <span class='ocrx_word' id='word_1_262' title='bbox 1343 4447 1402 4523; x_wconf 78' lang='lat' dir='ltr'><strong>llic</strong></span> <span class='ocrx_word' id='word_1_263' title='bbox 1422 4448 1520 4542; x_wconf 88' lang='lat' dir='ltr'><strong>quod</strong></span> <span class='ocrx_word' id='word_1_264' title='bbox 1538 4457 1648 4525; x_wconf 89' lang='lat' dir='ltr'><strong>autor</strong></span> 
     </span>
     <span class='ocr_line' id='line_1_32' title="bbox 474 4569 1645 4671; baseline -0.004 -20"><span class='ocrx_word' id='word_1_265' title='bbox 474 4596 543 4671; x_wconf 89' lang='lat' dir='ltr'><strong>per</strong></span> <span class='ocrx_word' id='word_1_266' title='bbox 568 4577 638 4650; x_wconf 85' lang='lat' dir='ltr'><strong>hoc</strong></span> <span class='ocrx_word' id='word_1_267' title='bbox 662 4576 724 4650; x_wconf 93' lang='lat' dir='ltr'><strong>dat</strong></span> <span class='ocrx_word' id='word_1_268' title='bbox 749 4573 910 4670; x_wconf 81' lang='lat' dir='ltr'><strong>intelligi,</strong></span> <span class='ocrx_word' id='word_1_269' title='bbox 930 4573 1031 4666; x_wconf 89' lang='lat' dir='ltr'><strong>quod</strong></span> <span class='ocrx_word' id='word_1_270' title='bbox 1056 4571 1115 4646; x_wconf 92' lang='lat' dir='ltr'><strong>isti</strong></span> <span class='ocrx_word' id='word_1_271' title='bbox 1140 4571 1209 4645; x_wconf 91' lang='lat' dir='ltr'><strong>viri</strong></span> <span class='ocrx_word' id='word_1_272' title='bbox 1235 4569 1348 4644; x_wconf 90' lang='lat' dir='ltr'><strong>sancti</strong></span> <span class='ocrx_word' id='word_1_273' title='bbox 1375 4573 1645 4666; x_wconf 88' lang='lat' dir='ltr'><strong>contemplativi</strong></span> 
     </span>
    </p>
   </div>
   <div class='ocr_carea' id='block_1_5' title="bbox 534 4803 1643 4950">
    <p class='ocr_par' dir='ltr' id='par_1_6' title="bbox 534 4803 1643 4950">
     <span class='ocr_line' id='line_1_33' title="bbox 536 4803 1239 4870; baseline -0.009 -10"><span class='ocrx_word' id='word_1_274' title='bbox 536 4810 564 4870; x_wconf 84' lang='lat'><strong>(¹)</strong></span> <span class='ocrx_word' id='word_1_275' title='bbox 579 4809 611 4860; x_wconf 80' lang='lat' dir='ltr'><strong>B.</strong></span> <span class='ocrx_word' id='word_1_276' title='bbox 627 4813 690 4858; x_wconf 87' lang='lat' dir='ltr'><strong>tnnc</strong></span> <span class='ocrx_word' id='word_1_277' title='bbox 706 4808 809 4857; x_wconf 83' lang='lat' dir='ltr'><strong>ridetur</strong></span> <span class='ocrx_word' id='word_1_278' title='bbox 824 4806 872 4858; x_wconf 88' lang='lat' dir='ltr'><strong>sibi</strong></span> <span class='ocrx_word' id='word_1_279' title='bbox 888 4805 994 4866; x_wconf 64' lang='lat' dir='ltr'><strong>feudum</strong></span> <span class='ocrx_word' id='word_1_280' title='bbox 1011 4805 1079 4855; x_wconf 82' lang='lat' dir='ltr'><strong>unde</strong></span> <span class='ocrx_word' id='word_1_281' title='bbox 1095 4803 1171 4854; x_wconf 89' lang='lat' dir='ltr'><strong>dicit:</strong></span> <span class='ocrx_word' id='word_1_282' title='bbox 1187 4819 1239 4854; x_wconf 85' lang='lat' dir='ltr'><strong>ma.</strong></span> 
     </span>
     <span class='ocr_line' id='line_1_34' title="bbox 534 4879 1643 4950; baseline -0.005 -14"><span class='ocrx_word' id='word_1_283' title='bbox 534 4885 564 4950; x_wconf 70' lang='grc' dir='ltr'><strong>Γ)</strong></span> <span class='ocrx_word' id='word_1_284' title='bbox 581 4885 612 4935; x_wconf 81' lang='lat' dir='ltr'><strong>ll.</strong></span> <span class='ocrx_word' id='word_1_285' title='bbox 628 4885 754 4949; x_wconf 71' lang='lat' dir='ltr'><strong>generalis</strong></span> <span class='ocrx_word' id='word_1_286' title='bbox 770 4884 847 4934; x_wconf 84' lang='lat' dir='ltr'><strong>lruius</strong></span> <span class='ocrx_word' id='word_1_287' title='bbox 863 4882 977 4946; x_wconf 83' lang='lat' dir='ltr'><strong>capituli,</strong></span> <span class='ocrx_word' id='word_1_288' title='bbox 1000 4882 1026 4931; x_wconf 89' lang='lat' dir='ltr'><strong>iu</strong></span> <span class='ocrx_word' id='word_1_289' title='bbox 1046 4893 1098 4946; x_wconf 81' lang='lat' dir='ltr'><strong>qua</strong></span> <span class='ocrx_word' id='word_1_290' title='bbox 1118 4886 1196 4932; x_wconf 77' lang='lat' dir='ltr'><strong>autor</strong></span> <span class='ocrx_word' id='word_1_291' title='bbox 1218 4886 1306 4931; x_wconf 85' lang='lat' dir='ltr'><strong>noster</strong></span> <span class='ocrx_word' id='word_1_292' title='bbox 1326 4893 1358 4930; x_wconf 84' lang='lat' dir='ltr'><strong>ox</strong></span> <span class='ocrx_word' id='word_1_293' title='bbox 1379 4879 1468 4930; x_wconf 87' lang='lat' dir='ltr'><strong>multis</strong></span> <span class='ocrx_word' id='word_1_294' title='bbox 1484 4879 1546 4930; x_wconf 84' lang='lat' dir='ltr'><strong>viris</strong></span> <span class='ocrx_word' id='word_1_295' title='bbox 1562 4893 1643 4931; x_wconf 92' lang='lat' dir='ltr'><strong>unum</strong></span> 
     </span>
    </p>
   </div>
   <div class='ocr_carea' id='block_1_6' title="bbox 474 4965 763 5030">
    <p class='ocr_par' dir='ltr' id='par_1_7' title="bbox 474 4965 763 5030">
     <span class='ocr_line' id='line_1_35' title="bbox 474 4965 763 5030; baseline -0.014 -14"><span class='ocrx_word' id='word_1_296' title='bbox 474 4965 547 5030; x_wconf 69' lang='lat' dir='ltr'><strong>elrgrt</strong></span> <span class='ocrx_word' id='word_1_297' title='bbox 562 4977 738 5014; x_wconf 81' lang='lat' dir='ltr'><strong>uuuuuuuuu</strong></span> <span class='ocrx_word' id='word_1_298' title='bbox 740 4975 763 5012; x_wconf 90' lang='grc' dir='ltr'><strong>ι.</strong></span> 
     </span>
    </p>
   </div>
   <div class='ocr_carea' id='block_1_7' title="bbox 0 0 2426 6642">
    <p class='ocr_par' dir='ltr' id='par_1_8' title="bbox 0 0 2426 6642">
     <span class='ocr_line' id='line_1_36' title="bbox 0 0 2426 6642; baseline 0 11"><span class='ocrx_word' id='word_1_299' title='bbox 0 0 2426 6642; x_wconf 95' lang='lat' dir='ltr'><strong> </strong></span> 
     </span>
    </p>
   </div>
  </div>
 </body>
</html>
