4842 6642
454 1246 620 1316 CANTUS
651 1246 841 1314 DECIMUS
875 1247 1073 1329 QUINTUS,
1097 1252 1134 1314 iu
1160 1269 1220 1332 quo
1248 1249 1393 1318 domim
1418 1252 1629 1339 θαοοίαφιιὲἀα

686 1359 787 1426 millio
809 1361 886 1427 dicit
906 1381 1003 1444 reaper
1025 1381 1126 1428 utores
1147 1361 1400 1440 fluentium-um.

456 1779 461 1792 ¹
529 1604 752 1773 Barnous
780 1700 965 1772 volontode
980 1701 1018 1770 iu
1034 1701 1094 1772 elta
1109 1702 1141 1771 si
1157 1701 1263 1791 liquo.
1290 1701 1489 1795 Postquam
1508 1702 1545 1775 iu
1562 1724 1625 1776 su-

452 1817 588 1915 periori
612 1818 771 1913 capitulo
790 1825 900 1892 autor
921 1824 1046 1894 noster
1067 1820 1236 1894 tractavit
1252 1827 1289 1895 el
1306 1821 1563 1898 determinavit
1588 1823 1625 1896 iu

452 1939 614 2035 generali
640 1939 686 2013 de
710 1938 903 2013 animabus
929 1939 1094 2033 sequtrtis
1120 1939 1346 2015 influentiam
1373 1943 1507 2036 Martis,
1526 1963 1624 2018 nuuc

452 2065 720 2153 consequenter
745 2059 782 2132 in
808 2059 876 2134 isto
902 2060 965 2132 llll
992 2059 1151 2154 capitulo
1182 2060 1380 2136 introducit
1410 2063 1448 2136 in
1480 2063 1625 2158 speciali

454 2199 564 2253 unam
599 2179 761 2253 animam
796 2178 973 2253 illustrem
1010 2178 1225 2254 modernam
1264 2181 1310 2256 de
1344 2201 1452 2275 spera
1484 2183 1624 2275 Martis,

451 2319 535 2395 quae
561 2305 687 2374 narrat
713 2299 791 2374 eius
816 2299 1069 2395 genealogiam
1096 2297 1133 2373 et
1159 2300 1404 2376 conditionem
1431 2302 1621 2396 antiquam

451 2427 488 2496 et
514 2420 728 2496 modernam
755 2440 832 2494 suae
858 2419 1012 2493 civitatis
1038 2419 1241 2494 Florentiae.
1268 2421 1312 2494 ut
1337 2441 1499 2516 presens
1524 2422 1624 2517 capi-

451 2542 570 2616 tulum
598 2547 716 2636 potest
742 2540 903 2614 breviter
937 2539 1045 2614 dividi
1077 2540 1112 2612 in
1148 2547 1223 2614 tres
1257 2546 1379 2635 partes
1412 2544 1623 2638 generales3

450 2663 487 2736 in
513 2661 631 2757 prima
657 2679 817 2755 quarum
848 2666 958 2734 autor
988 2659 1185 2734 introducit
1218 2660 1322 2733 illum
1352 2661 1533 2756 spiritum,
1559 2663 1623 2756 qui

450 2781 576 2874 recipit
601 2787 639 2854 et
663 2779 862 2873 alloquitur
888 2800 975 2853 eum
998 2799 1083 2853 cum
1102 2780 1214 2854 alacri
1231 2780 1488 2876 gratulatione.
1507 2784 1546 2855 ln
1565 2802 1624 2857 se-

449 2901 568 2976 cunda
593 2900 710 2976 dictus
736 2899 883 2994 spiritus
909 2899 1111 2995 regratians
1132 2901 1208 2974 lieo
1225 2900 1372 2973 laetatur
1394 2901 1439 2976 de
1460 2903 1619 2976 adventu

449 3028 639 3118 expectato
664 3021 815 3113 autoris,
842 3026 879 3094 et
903 3019 1011 3094 offert
1042 3019 1270 3114 repetitioni
1304 3040 1406 3114 suae3
1441 3029 1478 3097 et
1512 3029 1621 3096 autor

449 3145 629 3217 excusans
654 3161 695 3216 se
721 3139 943 3236 regratiatur
968 3139 1029 3233 illi,
1060 3145 1097 3212 et
1126 3135 1216 3234 petit
1245 3140 1326 3234 quis
1357 3141 1412 3234 sit,
1439 3141 1498 3215 ibi.
1525 3146 1618 3236 ludi,

447 3285 472 3335 o
492 3264 602 3336 odire.
629 3261 669 3334 ln
695 3260 802 3334 tertia
828 3266 866 3334 et
891 3259 1018 3332 ultima
1042 3259 1102 3332 ille
1128 3259 1276 3354 spiritus
1294 3260 1517 3355 respondeus
1535 3282 1623 3356 pro·

447 3383 545 3476 palat
569 3401 610 3456 se
635 3388 672 3455 et
698 3386 824 3455 narrat
857 3379 1095 3454 imitationem
1111 3374 1292 3470 (¹)·status
1316 3379 1520 3477 Florentia,
1548 3383 1620 3456 ibi:

451 3506 482 3576 0
503 3504 639 3597 frunda
663 3505 745 3574 mia.
764 3499 817 3573 Ad
838 3483 998 3593 primum
1017 3499 1167 3574 veniens
1184 3499 1266 3573 dico
1283 3500 1382 3593 quod
1399 3507 1510 3575 autor
1535 3522 1621 3596 pro·

448 3628 572 3698 movet
597 3641 715 3695 unum
737 3619 903 3715 spiritum
922 3618 1137 3714 principium
1157 3619 1214 3691 sui
1231 3620 1389 3714 generis,
1407 3621 1469 3713 qui
1490 3628 1621 3716 gratu-

446 3743 564 3818 lanter
582 3741 709 3836 recipit
725 3731 761 3832 (²)
781 3760 880 3814 eum.
898 3739 942 3812 Et
958 3739 1077 3834 primo
1095 3739 1313 3814 continuans
1329 3741 1423 3814 dicta
1445 3741 1618 3834 dicendis,

446 3863 615 3940 describit
633 3861 894 3958 quietationem
910 3865 1040 3934 cantus
1057 3860 1202 3935 illarum
1217 3861 1440 3955 animarum,
1456 3869 1497 3934 ut
1509 3861 1619 3936 detur

445 3984 603 4079 spatium
629 3981 801 4076 loquendi
832 3981 881 4055 illi
911 3981 1051 4076 spiritui
1078 3988 1258 4056 venturo:
1286 3991 1323 4056 et
1348 3983 1510 4058 breuiter
1540 3985 1619 4056 vult

444 4102 568 4178 dicere
583 4111 704 4194 autor,
719 4102 817 4196 quod
830 4101 925 4177 bona
940 4103 1108 4176 voluntas
1126 4101 1326 4198 procedens
1343 4123 1365 4176 a
1385 4123 1474 4177 vero
1488 4123 1618 4178 amore

445 4223 590 4297 illarum
616 4222 825 4296 animarum
853 4222 1023 4317 imposuit
1048 4222 1232 4298 silentium
1258 4222 1468 4297 dulcissimo
1493 4225 1617 4298 cantui

445 4362 576 4417 aarum
602 4361 712 4416 causa
739 4341 977 4417 satisfaciendi
1002 4343 1181 4417 desiderio
1206 4344 1358 4437 autoris,
1386 4343 1484 4438 quod
1515 4343 1617 4417 vide·

444 4463 532 4537 bant
548 4482 596 4537 ex
613 4462 836 4536 revelatione
852 4460 984 4536 divina.
999 4462 1103 4536 Nunc
1120 4482 1210 4558 ergo
1229 4483 1373 4558 erpone
1387 4463 1438 4538 sic
1451 4463 1616 4538 literam:

358 4651 360 4656 .
444 4586 604 4676 Beripara
628 4584 812 4656 minatore
841 4585 880 4655 iu
909 4584 1025 4656 clari
1054 4585 1162 4673 liquo,
1188 4582 1290 4678 idest,
1316 4583 1353 4656 in
1380 4604 1453 4675 qua
1479 4583 1618 4678 liquido

444 4711 481 4779 et
504 4705 604 4779 clare
629 4703 843 4796 ostenditur,
868 4723 1004 4795 sempre
1027 4705 1180 4794 toumr,
1207 4703 1342 4778 scilicet
1372 4725 1495 4796 verus,
1522 4704 1618 4810 cari·

505 4964 533 5025 ll
548 4965 579 5014 E·
596 4963 774 5015 mulionem·
1023 4959 1052 5023 (¹)
1067 4961 1093 5012 S.
1110 4964 1209 5027 recepit
1224 4976 1295 5013 eum.

578 5071 605 5114 V·
1469 5074 1482 5114 o
