4842 6642
773 829 912 885 crurus
938 829 1096 886 oacruus
1121 830 1252 885 nouus.
1529 820 1599 888 237

431 980 467 1049 la
491 983 590 1066 csta,
616 998 635 1048 e
658 978 690 1049 si
709 978 854 1067 plaude,
881 975 985 1069 idest,
1011 977 1169 1069 laetatur‚
1197 997 1263 1050 con
1288 980 1311 1050 t'
1323 980 1374 1051 ati
1397 980 1602 1051 mordendo

430 1101 560 1190 ooptia,
574 1096 676 1191 idest,
692 1098 919 1171 voluntatem
940 1097 1098 1192 volandi,
1113 1099 1171 1173 vel
1190 1098 1403 1194 pascendi,e
1421 1100 1604 1192 [mendosi

431 1219 529 1311 bello,
558 1217 705 1311 scilicet,
732 1238 777 1291 ex
804 1216 937 1291 laetitia.
970 1218 1014 1291 Et
1046 1218 1104 1293 hic
1135 1227 1221 1294 nota
1248 1220 1347 1313 quod
1370 1218 1603 1313 ,comparatio

433 1338 578 1434 proprie
613 1343 851 1432 representat
882 1346 987 1413 actus
1017 1340 1169 1433 aquilae3
1202 1341 1321 1435 primo
1353 1340 1440 1434 quia
1472 1345 1527 1414 cst
1558 1337 1604 1412 de

433 1458 540 1533 nobili
566 1478 648 1552 are,
674 1457 820 1551 scilicet,
847 1459 981 1554 aquila,
1007 1459 1053 1533 ad
1080 1459 1238 1534 nobilem
1264 1481 1373 1535 avem
1404 1460 1603 1551 salconem3

433 1579 604 1673 secundo,
631 1578 718 1671 quia
744 1578 837 1653 sicut
862 1578 955 1653 ialco
983 1586 1108 1654 movet
1128 1586 1250 1675 caput,
1273 1581 1321 1655 ita
1344 1581 1468 1674 aquila
1485 1579 1530 1654 ad
1549 1579 1604 1653 lo-

433 1698 640 1794 quendum3
668 1698 786 1792 tertio,
813 1699 906 1772 sicut
932 1698 1025 1773 ialco
1052 1706 1176 1774 movet
1200 1701 1277 1774 alas
1303 1699 1532 1796 gratulando,
1555 1697 1603 1771 ita

433 1818 555 1913 aquila
589 1818 784 1914 gaudendo
816 1818 862 1892 dc
897 1819 1098 1919 quaestione
1125 1820 1276 1913 justitias
1311 1820 1376 1895 sibi
1409 1817 1604 1914 proposita,

433 1962 517 2036 quar
543 1938 718 2036 tangebat
749 1938 953 2033 specialiter
982 1939 1085 2033 illos3
1111 1949 1259 2035 quarto,
1288 1941 1382 2015 sicut
1407 1941 1500 2014 falco
1525 1937 1604 2012 cffi-

433 2062 528 2136 citur
549 2062 677 2155 pulcer
694 2060 730 2134 in
749 2060 809 2132 tali
828 2066 1006 2154 apparatu
1024 2060 1220 2136 ostendens
1237 2062 1462 2136 voluntatem
1484 2080 1604 2153 suam,
1680 2159 1685 2168 ι

434 2181 481 2255 ita
507 2180 631 2276 aquila
658 2180 751 2255 lacta
778 2181 940 2275 pulcrior
957 2182 993 2254 in
1012 2202 1080 2256 suo
1098 2191 1276 2277 apparatu
1294 2182 1466 2277 loquendi
1484 2187 1606 2256 osten-

433 2302 483 2376 dit
507 2301 718 2376 aviditatem
746 2321 857 2394 quam
887 2301 1042 2375 habebat
1068 2302 1237 2397 pascendi
1264 2323 1304 2377 se
1328 2303 1375 2377 dc
1401 2302 1461 2376 tuli
1489 2308 1606 2375 matc-

433 2422 497 2516 ria,
525 2442 609 2515 quae
635 2426 775 2515 spectat
799 2419 846 2495 ad
873 2421 1156 2515 profunditatem
1175 2412 1211 2515 (⁴)
1238 2422 1370 2497 divinae
1385 2422 1551 2518 justitiae5
1569 2428 1606 2496 et

434 2544 484 2617 sic
509 2542 623 2617 exivit
657 2541 703 2615 de
734 2542 884 2636 capello,
916 2540 1017 2636 idest,
1050 2543 1232 2617 velamine
1265 2542 1510 2636 dubitationis,
1541 2542 1605 2615 de-

436 2670 550 2738 tracto
577 2662 643 2736 sibi
669 2685 691 2736 a
718 2663 866 2737 domino
893 2662 969 2737 Deo
986 2684 1064 2737 suo.
1085 2664 1128 2736 Et
1145 2663 1276 2757 subdit,
1295 2663 1392 2758 quod
1411 2664 1498 2737 vidit
1515 2662 1604 2736 illud

434 2783 593 2879 signum,
618 2804 684 2856 oon
709 2787 906 2875 contiueat
929 2787 962 2857 si
983 2804 1026 2855 su
1043 2786 1097 2855 clu'
1116 2778 1211 2857 tassia
1231 2786 1358 2876 panda,
1380 2784 1484 2879 quasi
1512 2780 1604 2857 inel—

435 2904 614 2997 labilibus,
635 2903 698 2998 qui
726 2923 798 2978 non
825 2911 975 2999 possunt
996 2904 1090 2977 trahi
1110 2903 1156 2977 de
1176 2905 1291 2997 coelo;
1309 2903 1372 2977 sed
1389 2903 1452 2996 qui
1471 2902 1605 2976 fruitur

436 3024 494 3098 illa
520 3024 745 3098 beatitudine
764 3030 902 3098 aeterna
920 3029 1043 3120 gustat
1060 3031 1097 3097 et
1113 3023 1300 3120 cognoscit
1316 3044 1500 3097 summam
1522 3022 1606 3096 dul·

435 3143 600 3218 cedinem
636 3144 783 3217 illorum
817 3149 1149 3218 cantuum-Pol
1179 3136 1356 3217 conducto.
1395 3144 1460 3217 Hic
1498 3150 1606 3217 autor

436 3263 591 3338 ostendit
616 3263 803 3356 quomodo
829 3264 950 3358 aquila
977 3264 1130 3359 coeperit
1148 3265 1369 3359 respondere
1386 3282 1607 3359 percurrens

436 3382 576 3477 aliquas
611 3383 874 3479 propositiones
908 3383 1141 3459 evidentiales
1175 3385 1223 3459 ad
1254 3383 1472 3457 solutionem
1506 3403 1608 3477 quae-

436 3504 570 3577 stionis.
605 3504 648 3576 ut
673 3503 791 3599 primo
827 3504 927 3598 ponit
961 3524 1103 3598 causas,
1137 3524 1254 3597 quare
1288 3510 1398 3578 autor
1431 3524 1504 3577 non
1544 3523 1608 3597 po-

438 3631 531 3699 terat
557 3622 722 3699 invenire
748 3624 965 3699 solutionem
994 3646 1070 3699 suae
1097 3624 1319 3719 quaestionis,
1341 3644 1425 3718 quae
1443 3644 1516 3696 non
1535 3624 1607 3696 sol-

439 3745 536 3819 vitur
564 3744 628 3817 nisi
658 3746 797 3819 ratione
823 3744 914 3819 fidei.
942 3745 1044 3819 Unde
1070 3745 1184 3841 tangit
1215 3746 1333 3839 primo
1364 3744 1540 3819 infinitam
1571 3751 1608 3817 ct

439 3866 838 3960 incomprehensibilem
872 3867 1068 3960 potentiam
1100 3866 1176 3960 liei,
1203 3867 1350 3940 dicens:
1381 3869 1448 3939 Poi
1477 3868 1608 3937 comin-

438 3978 504 4077 οἱὸ,
518 3982 662 4079 scilicet,
677 3986 799 4079 aquila
818 3986 956 4061 dicere:
982 3988 1084 4079 colui,
1113 3969 1258 4079 scilicet,
1285 3986 1383 4060 Deus
1409 3992 1523 4080 pater,
1549 3987 1609 4057 ote

439 4109 533 4180 volsa
555 4108 583 4179 tl
604 4114 706 4198 sesto,
740 4106 841 4201 idest,
869 4106 951 4182 iecit
982 4106 1240 4181 rotunditatem
1274 4106 1435 4199 mundo;
1461 4112 1607 4179 sextum

439 4226 536 4301 enim
563 4233 618 4300 est
643 4225 928 4300 instrumentum
962 4247 1036 4320 quo
1068 4226 1250 4324 figuratur
1279 4226 1452 4319 circulus,
1485 4233 1522 4299 ct
1554 4223 1609 4298 di-

439 4346 533 4421 citur
559 4346 621 4439 sic,
648 4347 734 4440 quia
760 4356 827 4421 etc.
857 4347 956 4421 Unde
981 4346 1089 4421 dicit:
1116 4351 1187 4421 olto
1221 4356 1350 4420 strumo
1379 4349 1438 4421 del
1466 4348 1608 4435 mondo,

438 4468 540 4562 idest,
567 4468 884 4541 circumferentiae.
912 4468 1011 4542 Fecit
1036 4468 1134 4542 enim
1160 4469 1259 4542 Deus
1277 4468 1459 4541 mundum
1478 4474 1608 4543 rotun-

438 4588 527 4662 dum
545 4595 583 4662 et
600 4586 756 4680 linitum,
769 4587 855 4680 quia
873 4588 967 4663 sicut
985 4589 1162 4683 probatur
1179 4590 1299 4684 primo
1312 4589 1395 4664 coeli
1413 4596 1449 4663 et
1468 4588 1606 4682 mundi,

439 4717 544 4783 extra
572 4710 751 4783 mundum
779 4730 851 4783 non
878 4717 933 4785 est
958 4711 1047 4785 dare
1072 4710 1219 4806 aliquid,
1244 4709 1329 4805 quia
1352 4731 1424 4783 non
1445 4716 1500 4785 cst
1519 4710 1608 4784 dare

502 4966 530 5029 (¹)
550 4966 577 5017 E.
595 4966 763 5019 divinitatem.
