4842 6642
838 841 976 898 chunus
1000 843 1160 900 nucmus
1184 845 1328 900 numus.
1621 835 1667 902 te

494 991 626 1068 dirinae
658 989 865 1084 sapientiae3
896 992 966 1063 duo
991 991 1148 1082 Prinnpi
1175 982 1318 1080 ordinib,
1342 991 1488 1085 scilieet,
1517 991 1668 1068 Franci·
1804 1031 1807 1034 ·

495 1134 601 1190 scum
628 1118 666 1210 et
690 1109 935 1204 Dominicum,
961 1113 997 1184 in
1021 1130 1085 1184 suo
1107 1114 1248 1206 sonmo,
1265 1111 1357 1186 idest
1379 1112 1475 1186 iliius
1494 1113 1668 1208 ecclesie,

493 1235 554 1308 ebe
578 1233 695 1325 quinci
717 1253 738 1305 e
761 1232 882 1322 numdi
907 1233 1075 1326 tesosser
1093 1251 1162 1325 per
1186 1232 1309 1324 pudo,
1335 1231 1438 1325 idest,
1469 1232 1534 1327 qui
1567 1241 1669 1308 reete

494 1354 675 1429 ducerent
691 1352 814 1449 bigam
832 1351 1007 1427 ecclesie.
1027 1352 1072 1426 Et
1088 1351 1249 1448 assignat
1264 1372 1416 1428 causam
1434 1373 1553 1447 quare
1569 1354 1669 1428 Deus

494 1473 677 1550 ordinavit
692 1467 728 1566 (¹)
754 1472 869 1548 dictos
905 1473 998 1554 duos
1031 1468 1221 1569 principes,
1255 1473 1402 1548 dicens:
1432 1470 1602 1568 perocotre
1631 1478 1669 1548 to

494 1615 602 1688 sporo
625 1596 664 1668 di
687 1595 790 1685 colui,
816 1592 918 1688 idest,
936 1593 1101 1687 ecclesia,
1119 1613 1204 1687 quae
1226 1599 1281 1668 est
1298 1614 1430 1688 sponsa
1447 1594 1589 1687 Christi,
1607 1597 1669 1668 ote

495 1706 636 1808 disposd
652 1717 696 1788 tei
711 1717 768 1789 cot
781 1733 915 1805 sonpuo
930 1714 1104 1788 benedetto
1120 1716 1170 1788 ud
1184 1717 1254 1788 otte
1268 1717 1390 1807 pride,
1402 1715 1538 1790 scilicet
1555 1714 1667 1809 ipsius

495 1835 639 1928 Christi,
664 1855 749 1908 oum
777 1833 971 1909 clamavit:
997 1835 1088 1924 help,
1112 1835 1190 1924 hely
1215 1826 1337 1927 ebed)
1355 1834 1403 1910 de
1425 1835 1590 1912 clamore
1603 1835 1668 1930 ju-

495 1955 661 2030 daeorum
687 1953 949 2028 clamantium:
983 1956 1088 2047 Tolle,
1117 1956 1209 2043 totle,
1235 1957 1399 2047 mudfipe
1423 1976 1525 2049 eum;
1550 1963 1588 2030 et
1617 1955 1667 2030 ita

494 2074 541 2151 de
565 2074 644 2150 aliis
671 2074 796 2148 muttis
820 2074 1068 2167 clamoribus3
1099 2077 1252 2148 ondosse
1276 2071 1338 2148 etr
1371 2079 1406 2149 to
1439 2097 1503 2148 suo
1536 2079 1666 2167 ditetto,

494 2195 641 2288 scincet,
667 2195 852 2270 Christum
868 2185 919 2287 (³),
945 2194 1009 2288 qui
1034 2200 1090 2268 est
1114 2215 1269 2289 sponsus
1294 2194 1405 2291 ipsius
1429 2195 1605 2290 eeclesiae,
1630 2199 1669 2268 iu

493 2312 534 2390 se*
549 2319 684 2407 douro,
704 2314 851 2410 scilicet,
868 2315 917 2388 ah
933 2313 1135 2390 offensione
1155 2315 1467 2410 adversariorum,
1487 2316 1669 2391 mediante

493 2435 655 2510 duorum
687 2435 842 2509 istorum
868 2433 1006 2509 ducum
1032 2434 1254 2530 defensione,
1283 2443 1317 2510 et
1343 2439 1501 2511 ansteo
1534 2439 1583 2510 tui
1603 2431 1665 2529 piis

493 2559 583 2650 lida,
613 2556 760 2649 seilicet,
787 2564 828 2631 ut
855 2555 995 2630 fidelius
1025 2555 1092 2629 sihi
1122 2557 1279 2632 serviret
1310 2565 1348 2632 et
1378 2577 1451 2632 non
1482 2557 1669 2633 adultera-

497 2684 602 2752 retur
627 2696 693 2772 per
714 2676 811 2750 vitia.
829 2676 874 2749 Et
890 2676 948 2750 hio
966 2681 1063 2770 nota,
1082 2675 1180 2770 quod
1198 2676 1245 2752 de
1266 2677 1319 2752 rei
1336 2677 1492 2752 veritate
1514 2677 1667 2752 eeclesia

497 2795 562 2872 Dei
580 2817 655 2872 non
672 2796 768 2870 hene
784 2795 973 2870 incedebat
991 2801 1102 2890 recte,
1118 2796 1259 2890 privata
1271 2796 1376 2871 honis
1393 2797 1559 2871 ducibus.
1573 2799 1664 2872 Nam

431 2961 434 2968 ·
497 2918 706 2992 sacerdotes
730 2917 927 2992 seculares
958 2923 996 2992 et
1027 2917 1172 2992 monaci
1202 2916 1343 3011 antiqui
1370 2918 1528 2990 muttum
1563 2917 1665 2992 dete-

495 3044 623 3112 eerant
647 3037 684 3110 in
710 3037 858 3131 virtute,
886 3037 1051 3112 moribus
1076 3044 1114 3112 et
1142 3037 1312 3131 scientia3
1339 3037 1421 3112 ideo
1446 3038 1541 3112 hene
1569 3039 1668 3114 Dens

499 3157 682 3232 succurrit
707 3157 794 3232 huic
819 3156 975 3232 defectui
993 3176 1079 3231 cum
1099 3155 1174 3230 istis
1190 3156 1337 3231 duohus
1353 3156 1586 3252 principibus,
1604 3159 1669 3254 qui

496 3277 611 3352 verho
628 3284 665 3352 et
684 3297 796 3373 opere
813 3276 1000 3372 erigerent
1018 3282 1187 3351 ruentem
1215 3275 1418 3351 ecclesiam.
1432 3317 1482 3330 -
1494 3279 1533 3350 ι’
1544 3298 1592 3351 un
1614 3282 1667 3373 fir.

377 3455 380 3462 .
496 3395 560 3471 Hic
586 3397 744 3471 Thomas
757 3385 795 3488 (⁵)
831 3395 1003 3471 describit
1037 3402 1240 3491 utrumque
1273 3395 1486 3492 principem,
1522 3397 1668 3473 dicens:

496 3519 533 3590 ι’
543 3537 604 3609 un,
622 3516 768 3612 scilicet,
786 3516 1012 3610 Franciscus,
1026 3520 1067 3611 su
1084 3523 1167 3590 tutto
1183 3519 1332 3608 serofico
1347 3520 1385 3590 in
1402 3521 1549 3608 ardore,
1567 3518 1668 3611 idest,

495 3638 545 3718 de
558 3638 688 3714 ordine
704 3637 996 3732 seraphinorum,
1012 3637 1077 3731 qui
1093 3637 1211 3733 magis
1227 3637 1358 3712 ardent
1377 3637 1413 3712 in
1430 3659 1561 3713 amore
1580 3639 1667 3734 Dei3

495 3759 601 3856 quasi
624 3758 739 3836 dicat:
761 3758 828 3832 init
846 3767 1034 3854 tamqnam
1057 3759 1223 3854 angelus,
1242 3779 1316 3832 non
1337 3760 1460 3852 homo,
1479 3759 1614 3834 ardens
1630 3760 1668 3833 iu

495 3879 666 3973 caritate3
687 3882 709 3953 t'
722 3881 828 3970 ottro,
855 3877 990 3953 scilicet
1016 3877 1238 3971 Dominious,
1260 3881 1302 3971 su
1327 3899 1398 3952 uno
1422 3882 1607 3972 sptendore
1630 3883 1666 3953 in

496 4010 609 4093 erro,
634 3998 719 4094 quia
746 3999 814 4078 init
838 3999 1008 4095 splendor
1033 3998 1219 4094 sapientiae
1248 3998 1286 4073 in
1317 3999 1466 4092 mundo,
1492 3999 1561 4074 suh
1594 4021 1669 4095 quo

495 4120 614 4196 dictus
639 4120 797 4194 Thomas
824 4119 1011 4214 militavit3
1038 4119 1136 4195 unde
1161 4120 1269 4195 dicit:
1305 4123 1343 4194 dt
1372 4121 1554 4194 cherubim
1581 4125 1668 4206 tuce,

495 4239 599 4334 idest,
624 4240 672 4314 de
695 4239 824 4314 ordine
848 4239 1151 4333 cherubinorum,
1179 4240 1265 4335 quia
1291 4241 1419 4315 hahuit
1444 4240 1667 4315 intellectum

495 4359 724 4457 angelicum,
752 4379 836 4432 narn
863 4359 935 4432 iuit
960 4379 1118 4457 maguus
1150 4360 1291 4453 doctor,
1316 4368 1354 4435 et
1385 4361 1503 4434 iiiunit
1531 4359 1669 4436 rnundo

496 4477 672 4574 sapientia
704 4499 790 4572 sua3
817 4478 901 4554 ideo
926 4479 1035 4555 dicit:
1063 4501 1131 4574 per
1163 4484 1344 4574 sopienzo.
1359 4484 1578 4555 -Deitun
1605 4480 1670 4556 Hic

495 4601 656 4675 Thomas
680 4599 788 4676 otiert
812 4621 853 4676 se
878 4606 1123 4676 tractaturum
1144 4602 1264 4696 primo
1281 4600 1328 4676 de
1344 4604 1462 4678 attero
1479 4601 1670 4698 predicto·

498 4741 595 4815 rum,
621 4739 803 4796 excusans
828 4741 880 4814 se,
906 4720 936 4794 si
964 4741 1036 4794 uon
1062 4721 1148 4796 dicit
1180 4721 1227 4798 de
1259 4724 1399 4815 attero;
1431 4721 1529 4796 unde
1561 4721 1670 4796 dicit:

559 4905 588 4969 (¹)
604 4906 635 4956 E.
652 4907 819 4958 ordinaverit.
1079 4905 1108 4970 (¹)
1125 4908 1155 4958 E.
1171 4909 1237 4972 bein.
1253 4909 1324 4973 qood
1340 4913 1379 4957 ost
1396 4909 1429 4958 de
1445 4907 1570 4958 elamore.

558 4983 587 5048 (⁸)
602 4983 633 5034 E.
650 4985 741 5036 lesum
756 4983 897 5044 Christum,
914 4985 967 5048 qni.
1081 4983 1109 5045 ι’)
1125 4983 1152 5034 S.
1169 4983 1285 5034 Thomas
1299 4985 1332 5036 de
1347 4984 1454 5050 Aquino
1468 4983 1598 5034 describit.
