4842 6642
767 867 905 924 murus
930 870 1123 925 vronsruus
1147 870 1315 937 Qnrurus.
1558 860 1629 928 363

325 1084 334 1105 ,
458 1012 586 1102 quatit.
612 1010 715 1086 Unde
739 1010 842 1086 dicit:
868 1004 898 1085 si
929 1014 979 1084 cll'
992 1016 1027 1087 io
1058 1034 1123 1085 son
1148 1016 1267 1107 pierio,
1292 1013 1437 1107 scilicet,
1464 1015 1541 1111 ipso
1565 1036 1631 1111 spe

460 1154 572 1227 quarn
605 1131 799 1207 instillastis
832 1132 869 1206 in
906 1154 977 1228 me,
1010 1154 1029 1206 e
1062 1138 1196 1227 repleo,
1232 1134 1333 1229 idest,
1364 1135 1530 1230 refundo,
1565 1156 1629 1209 oo-

456 1259 534 1327 slro
555 1255 715 1345 pioppia,
734 1252 835 1346 idest,
854 1252 1120 1329 instillationem
1149 1254 1202 1327 tui
1227 1254 1350 1328 lacobi
1376 1262 1413 1329 et
1439 1254 1565 1330 David,
1580 1296 1629 1309 -

456 1379 600 1449 Mente.
628 1374 692 1448 llic
716 1379 825 1448 autor
846 1374 1002 1449 ostendit
1020 1375 1194 1469 laetitiam,
1213 1395 1327 1469 quant
1349 1375 1455 1471 caepit
1472 1376 1630 1451 lacobus

455 1494 620 1586 audiens,
641 1492 741 1587 qnod
766 1514 811 1568 er
838 1493 918 1569 eius
943 1496 1094 1590 epistola
1112 1496 1312 1571 elioenatur
1330 1503 1452 1572 tantus
1473 1497 1627 1589 fruetus,

456 1612 599 1689 dicens:
622 1618 674 1687 llo
699 1617 817 1707 lompo
842 1616 951 1689 sotto
978 1637 997 1688 e
1021 1637 1151 1709 spesso,
1176 1615 1277 1709 idest,
1299 1615 1469 1711 splendor
1486 1616 1628 1710 ardens,

454 1755 479 1807 a
502 1739 605 1827 prusa
630 1738 668 1811 di
691 1737 828 1825 boleno,
855 1734 957 1829 idest,
984 1735 1020 1809 in
1048 1735 1197 1810 modum
1225 1735 1389 1832 fulgoris,
1419 1740 1629 1828 tremolosa,

456 1855 559 1951 idest,
585 1855 810 1949 scintillabat,
832 1858 956 1929 deatro
982 1858 1020 1929 ol
1045 1858 1123 1929 nivo
1139 1876 1238 1945 seno,
1256 1855 1358 1949 idest,
1377 1857 1540 1932 vivacem
1567 1878 1629 1932 oa-

456 1976 664 2071 paeitatem‚
691 1980 729 2049 di
751 1979 1038 2070 puell-incendio,
1074 1975 1175 2070 idest,
1208 1976 1303 2051 illius
1338 1976 1486 2073 spiritus
1515 1977 1649 2073 igniti,-

456 2095 603 2190 soilieet,
625 2096 760 2191 iacobi,
788 2102 829 2170 ut
850 2097 1083 2193 jamdictum
1103 2104 1159 2169 est
1175 2117 1298 2191 snpra,
1316 2099 1626 2191 meretriceo,

460 2216 563 2311 idest,
589 2216 735 2292 interim
769 2217 857 2291 dum
898 2217 949 2291 sic
987 2217 1248 2313 responderem
1283 2218 1382 2292 clare
1413 2217 1460 2293 de
1492 2239 1566 2314 spe.
1581 2258 1630 2273 -

461 2342 552 2413 ludi.
579 2339 644 2413 llio
668 2345 778 2413 autor
805 2338 904 2432 ponit
929 2338 1037 2411 aliam
1065 2339 1275 2434 petitionem
1293 2339 1417 2413 Jacobi
1435 2339 1532 2413 eirca
1551 2360 1629 2413 vna-

463 2460 593 2535 teriam
620 2458 716 2554 spei3
742 2464 779 2531 et
804 2458 961 2532 lacobus
987 2458 1174 2554 praemittit
1198 2458 1286 2553 quid
1312 2465 1436 2534 movet
1465 2479 1552 2533 enm
1582 2457 1629 2532 ad

463 2579 668 2655 laciendum
701 2578 768 2652 sibi
800 2579 893 2653 hanc
927 2578 1136 2673 petitionem
1170 2579 1216 2654 de
1249 2579 1384 2655 virtute
1416 2579 1502 2675 spei.
1537 2578 1629 2652 Dicit

462 2720 570 2797 ergo:
605 2705 642 2773 et
675 2698 734 2773 ille
767 2697 934 2793 lacobus,
967 2690 1065 2791 spird
1098 2701 1182 2793 lodi,
1216 2698 1320 2793 idest,
1354 2698 1485 2774 deindo
1515 2697 1628 2771 dixit:

371 2896 377 2911 ,
461 2822 621 2893 tumme
637 2820 719 2894 onol'
731 2821 766 2893 io
789 2838 976 2911 ouvompo,
998 2818 1099 2912 idest,
1121 2819 1254 2893 caritas
1279 2840 1352 2913 qua
1377 2817 1502 2912 ardeo,
1519 2838 1631 2891 antor

461 2936 523 3015 odr
549 2942 585 3013 lo
610 2934 715 3030 virtu,
741 2937 888 3032 scilicet,
914 2958 1029 3033 spem,
1049 2940 1109 3012 olle
1134 2942 1183 3011 mi
1205 2946 1364 3031 reynette,
1395 2938 1498 3031 idest,
1531 2958 1628 3010 nnn·

460 3081 573 3155 quarn
599 3059 762 3135 deseruit
788 3080 859 3153 me,
884 3062 971 3152 infin
997 3062 1033 3131 la
1055 3062 1192 3151 pulmo,
1223 3059 1370 3153 seilicet,
1396 3058 1573 3155 martyrii,
1598 3065 1632 3131 et

456 3183 515 3254 all
528 3181 619 3253 mair
643 3182 701 3254 del
723 3199 861 3271 compo,
887 3178 990 3272 idest,
1010 3179 1104 3273 vitae,
1123 3178 1225 3272 idest,
1244 3178 1424 3275 usquead
1443 3198 1627 3253 recessum

453 3302 593 3400 *anime
617 3322 639 3375 a
665 3320 832 3395 corpore,
854 3303 936 3373 vuol
950 3302 1048 3373 olv'io
1064 3304 1194 3393 resplri
1214 3320 1239 3372 a
1259 3308 1303 3391 le,
1323 3302 1383 3373 clue
1407 3303 1433 3374 o·
1456 3303 1567 3375 dilecte
1591 3302 1630 3374 di

458 3425 514 3514 lei,
540 3429 573 3495 et
596 3424 699 3497 ommi
722 3443 746 3494 a
769 3429 875 3513 proto
900 3422 960 3493 olle
985 3428 1020 3494 tu
1047 3423 1144 3495 dicle
1170 3424 1281 3511 quello
1306 3424 1366 3494 cle
1391 3424 1428 3493 la
1449 3440 1630 3514 speranza

458 3547 484 3619 o·
501 3551 682 3637 prometto.
697 3550 804 3617 -Et
826 3548 871 3617 io.
899 3543 963 3619 llic
989 3550 1097 3617 autor
1117 3543 1310 3639 respondet
1330 3542 1491 3639 petitioni
1513 3544 1627 3639 laete,

459 3664 599 3739 dicens:
625 3669 671 3737 nt
698 3666 747 3754 io,
782 3664 920 3759 supple,
947 3663 1136 3758 respondi:
1167 3666 1198 3735 le
1221 3667 1381 3737 saverne
1410 3684 1522 3737 nuovo
1550 3686 1570 3736 e
1597 3667 1630 3737 lo

459 3788 617 3875 aninlo„
635 3784 729 3859 sicut
759 3783 1068 3880 evangelistarum
1095 3790 1133 3859 et
1158 3786 1433 3879 prophetarum,
1461 3806 1629 3877 ponpooo

383 3952 386 3961 .
455 3907 482 3978 il
504 3924 626 3996 sepau,
652 3903 798 3998 scilieet,
834 3904 932 3999 quod
964 3925 1046 4000 spes
1080 3904 1258 3999 promittit
1290 3904 1395 4000 milri3
1421 3910 1470 3998 ot,
1501 3906 1629 4001 supple

458 4023 651 4119 scriptura,
676 4027 754 4099 dett
769 4029 896 4115 aalma,
921 4024 1069 4118 scilicet,
1094 4032 1306 4101 sanctorum
1338 4025 1544 4120 doctorum,
1569 4028 1629 4101 ote

456 4147 526 4219 nto
550 4147 580 4217 ε’
589 4146 635 4217 lto
656 4149 744 4239 salle
767 4148 912 4236 amulo,
929 4166 947 4217 e
963 4147 998 4218 lo
1011 4148 1056 4217 m'
1069 4148 1192 4219 addito
1205 4166 1295 4237 eoo,
1312 4144 1415 4240 idest,
1432 4145 1522 4221 ditat
1540 4146 1628 4220 mihi

454 4264 576 4361 ipsum
603 4264 760 4362 signum.
775 4306 824 4321 -
836 4270 931 4341 Dice.
958 4266 1023 4340 llic
1040 4272 1150 4342 autor
1167 4266 1324 4362 explicat
1336 4267 1546 4350 ‚testimonia
1563 4288 1628 4342 ve-

455 4386 545 4461 teris
579 4390 617 4461 et
649 4386 732 4462 novi
766 4385 993 4479 testamenti3
1032 4392 1069 4461 et
1100 4386 1220 4482 primo
1257 4386 1304 4462 de
1341 4386 1457 4463 veteri
1494 4386 1628 4484 allegat

451 4505 597 4601 lsaianr,
622 4506 766 4583 dicens:
794 4511 905 4599 lsoiu,
926 4506 1061 4582 seilicet
1087 4510 1275 4604 propheta,
1292 4511 1379 4601 dice,
1396 4508 1543 4603 scilicet,
1564 4529 1627 4585 ca·

452 4626 567 4723 pitulo
593 4628 680 4722 XLl,
707 4630 768 4702 olto
792 4632 972 4719 ausona,
998 4627 1143 4723 scilicet,
1162 4628 1285 4705 anima
1307 4630 1425 4724 beata,
1440 4632 1491 4723 llo
1508 4633 1627 4705 volito

453 4750 492 4823 di
515 4750 645 4841 doppta
670 4756 772 4841 vose,
799 4748 945 4842 scilicet,
976 4748 1060 4823 luce
1093 4748 1227 4823 animae
1260 4758 1299 4825 et
1328 4749 1503 4845 eorporis,
1534 4754 1628 4825 nella

454 4876 657 4963 statmo,
685 4878 722 4945 et
747 4869 910 4945 declarat
933 4867 1080 4973 dequa
1107 4876 1206 4944 terra
1233 4870 1418 4963 loquatur,
1444 4869 1629 4945 diasoste

457 4997 576 5083 praesta
599 4992 697 5064 dolce
721 4994 805 5082 vitu,
832 4988 967 5065 scilieet
991 4989 1147 5065 coelestis
1170 4990 1299 5085 patria,
1324 4988 1345 5067 e*
1367 4994 1404 5065 lo
1426 4988 1493 5065 sun
1515 4999 1624 5067 lma.
