4842 6642
954 755 1000 820 72
1347 763 1552 819 counnruu
1576 765 1741 819 nnnsnrsr

952 917 1072 984 unua
1097 909 1199 1002 nube,
1219 907 1321 1003 idest,
1339 908 1528 1003 subtilem3
1546 929 1632 983 nam
1651 909 1714 983 iris
1730 916 1907 984 causatur
1926 930 1974 985 ex
1995 929 2123 984 rever-

953 1030 1144 1104 beratione
1169 1030 1255 1104 solis
1280 1028 1317 1102 in
1342 1030 1481 1106 nubem
1506 1030 1729 1125 oppositam:
1755 1035 1811 1104 est
1835 1029 1933 1104 enim
1955 1030 2018 1104 iris
2032 1049 2124 1124 spe-

951 1149 1079 1224 culum
1106 1170 1236 1224 rorans
1260 1157 1343 1244 ete,
1368 1157 1403 1223 et
1424 1169 1489 1222 oon
1514 1153 1638 1239 colon,
1664 1149 1799 1224 scilieet
1828 1147 2002 1242 diversis3
2035 1157 2125 1222 sunt

951 1269 1117 1344 enimin
1151 1269 1242 1343 iride
1273 1275 1435 1364 quatuor
1465 1271 1607 1346 colores
1638 1270 1862 1365 principales.
1901 1270 2035 1344 Dicunt
2068 1273 2125 1343 ta-

954 1411 1041 1464 men
1060 1389 1171 1484 aliqui
1189 1389 1289 1484 quod
1309 1391 1452 1464 colores
1476 1375 1709 1465 suntcireuli
1733 1391 1771 1465 in
1796 1411 1904 1486 spera
1925 1390 2123 1483 materiali3

954 1512 1017 1587 sed
1034 1513 1104 1586 hoo
1122 1511 1208 1585 nihil
1234 1510 1280 1585 ad
1305 1511 1543 1606 propositum.
1565 1512 1609 1585 Et
1633 1512 1719 1586 dicit
1734 1536 1743 1585 ε
1761 1514 1905 1604 qnando
1928 1515 2084 1586 Giauwne
2099 1531 2125 1582 a

951 1653 1017 1706 sno
1034 1633 1169 1704 antella
1184 1631 1274 1724 iube,
1295 1630 1397 1725 idest,
1414 1629 1585 1725 'praecipit-
1604 1631 1659 1707 lo
1676 1632 1775 1726 quod
1793 1631 2008 1724 notandum,
2025 1631 2125 1725 quod

953 1753 1045 1826 siout
1071 1751 1214 1846 fingunt
1244 1749 1440 1845 Homerus,
1472 1751 1654 1848 Virgilius,
1680 1753 1882 1847 caeterique
1906 1759 2035 1848 poetae,
2060 1751 2126 1826 lris

952 1879 1006 1948 est
1031 1872 1158 1947 nuntia
1184 1871 1348 1963 lunonis,
1374 1873 1474 1966 quod
1494 1873 1576 1947 ideo
1592 1872 1736 1970 fingunt
1752 1873 1840 1967 quia
1856 1874 1953 1948 luno
1973 1878 2030 1947 est
2048 1873 2127 1947 ele-

952 1999 1118 2070 mentum
1145 1977 1253 2085 aeris,
1283 1993 1390 2066 cuius
1421 1993 1487 2067 lris
1516 1993 1649 2068 dicitur
1673 2015 1754 2070 ense
1783 1995 1923 2088 nuntia,
1950 1993 2037 2087 quia
2070 1992 2127 2065 in·

952 2115 1046 2189 dieat
1070 2113 1117 2214 de
1142 2113 1318 2206 qualitate
1348 2114 1445 2187 aeris
1470 2120 1539 2188 etc.
1566 2114 1609 2187 Et
1632 2114 1737 2188 dicit:
1770 2116 1946 2188 nocendo
1975 2116 2014 2186 di
2049 2115 2129 2204 quel

954 2237 1093 2308 d'entro
1118 2235 1198 2324 quel
1220 2235 1384 2326 disereti.
1406 2234 1451 2306 Et
1477 2233 1534 2307 hic
1559 2241 1645 2308 nota
1670 2236 1769 2328 quod
1794 2234 1907 2328 aliqui
1936 2239 2128 2328 exponunt

954 2356 1060 2428 istam
1091 2353 1235 2428 literam
1261 2353 1485 2450 ignoranter,
1510 2353 1682 2448 dicentes,
1714 2355 1812 2449 quod
1847 2356 1884 2428 in
1909 2354 2003 2429 iride
2028 2374 2126 2427 unus

954 2495 1065 2550 arnus
1079 2473 1242 2548 nascitur
1254 2493 1301 2548 ex
1315 2473 1586 2566 alio‚*etunus
1598 2475 1699 2549 color
1709 2483 1885 2550 causatur
1896 2475 1945 2550 ab
1958 2467 2123 2566 alio*(¹):

955 2596 1033 2670 haec
1057 2601 1183 2668 autern
1209 2598 1266 2667 est
1291 2612 1465 2686 perversa
1490 2592 1685 2687 expositi03
1711 2594 1831 2688 primo
1856 2594 1943 2688 quia
1968 2614 2041 2669 non
2066 2600 2123 2668 ent

954 2738 1085 2793 verum
1108 2714 1206 2810 quod
1234 2735 1330 2787 unus
1350 2713 1510 2788 oiruulus
1530 2720 1568 2788 et
1587 2715 1688 2788 color
1706 2722 1879 2790 nascatur
1899 2736 1945 2790 ex
1962 2715 2046 2807 alio,
2064 2733 2123 2788 se-

957 2837 1119 2913 cundum
1135 2835 1349 2930 positionem
1366 2834 1551 2929 ipsorum3
1569 2842 1607 2910 et
1623 2835 1740 2930 posito
1754 2835 1853 2929 quod
1864 2843 1961 2912 esset
1978 2857 2123 2929 verum,

956 2965 1044 3032 tuno
1069 2955 1295 3050 comparatio
1321 2976 1395 3028 non
1419 2963 1516 3030 esset
1540 2957 1686 3050 propria
1711 2955 1758 3030 ad
1783 2957 2020 3051 propositum.
2051 2958 2126 3031 lla—

956 3079 1127 3153 nilestum
1153 3083 1208 3150 est
1233 3075 1332 3150 enim
1358 3076 1456 3169 quod
1490 3077 1568 3162 ista
1602 3076 1687 3150 duae
1719 3097 1867 3152 coronae
1900 3078 2126 3152 continentes

957 3221 1032 3274 una
1056 3199 1211 3272 alteram
1237 3216 1312 3270 non
1338 3196 1582 3270 nascebantur
1608 3217 1682 3271 una
1703 3198 1751 3271 ab
1767 3197 1904 3291 altera3
1922 3197 2004 3272 ideo
2020 3198 2125 3272 litera

955 3325 1161 3414 exponatur
1186 3305 1261 3391 siu:
1286 3318 1567 3408 noscendaque!
1589 3319 1627 3390 di
1652 3320 1763 3412 fuori,
1793 3317 1896 3419 idest,
1931 3318 1991 3392 ille
2025 3317 2126 3391 color

953 3460 1074 3531 arcus,
1101 3441 1138 3512 dt
1162 3439 1239 3532 quel
1264 3440 1418 3530 ἀέηινο,
1442 3438 1588 3530 scilieet,
1607 3457 1654 3512 ex
1682 3437 1819 3531 nubilo,
1838 3438 1929 3512 idest
1945 3457 1992 3512 ex
2013 3456 2127 3531 rapo-

955 3559 1055 3633 ribus
1081 3579 1128 3632 ex
1154 3556 1288 3651 quibus
1316 3562 1379 3645 est
1400 3563 1618 3652 generatum
1654 3557 1744 3631 illud
1776 3557 1955 3632 nubilum.
1987 3557 2032 3630 Et
2061 3555 2126 3630 de·

907 3720 921 3754 .·
954 3680 1069 3754 clarat
1086 3678 1196 3752 istum
1217 3684 1342 3752 actum
1369 3697 1436 3773 per
1454 3669 1780 3772 comparationem,
1797 3686 1834 3752 et
1851 3679 2052 3773 dicitquod
2074 3678 2125 3752 ita

954 3804 1130 3872 causatur
1147 3796 1248 3872 color
1265 3796 1426 3871 exterior
1440 3817 1487 3871 ex
1501 3797 1626 3873 nubilo
1644 3791 1819 3891 interiori,
1833 3798 1927 3894 sicut
1945 3819 2016 3872 vox
2034 3799 2126 3873 echo

956 3919 1117 3994 nascitur
1142 3938 1188 3994 ex
1217 3937 1307 3993 voce
1331 3917 1560 4013 praeoedonte
1584 3919 1847 3997 reverberante
1864 3919 1901 3992 in
1917 3919 2126 3994 concavita-

955 4041 1062 4114 tibus.
1089 4039 1152 4112 Est
1177 4037 1275 4112 enim
1301 4039 1393 4112 who
1409 4057 1483 4112 vox
1503 4059 1588 4132 quae
1609 4044 1755 4113 resonat
1772 4039 1808 4112 in
1826 4038 2055 4114 concavitate
2071 4040 2126 4112 lo·

955 4180 1099 4252 torum,
1126 4157 1221 4232 sicut
1247 4156 1462 4251 experimur
1487 4157 1525 4230 in
1549 4157 1715 4251 eeclesia,
1732 4160 1791 4234 vel
1809 4165 1953 4254 vegete,
1979 4159 2038 4234 vel
2055 4158 2127 4234 alio

953 4297 1193 4374 quocumque
1220 4277 1300 4352 lucu
1333 4278 1479 4371 claus03
1508 4284 1547 4352 et
1580 4278 1694 4374 tangit
1728 4279 1902 4372 subulam,
1931 4299 2017 4373 quae
2048 4279 2128 4353 talis

955 4407 1020 4474 est.
1050 4399 1160 4493 Echo,
1195 4398 1291 4472 sicut
1325 4397 1426 4494 fingit
1463 4397 1613 4472 Ovidius
1652 4398 1745 4471 libro
1782 4399 2126 4493 Metamorphoseos,

954 4519 1023 4593 luit
1040 4517 1302 4594 formosissima
1320 4517 1537 4614 virgoque
1549 4524 1655 4612 capta
1668 4525 1725 4594 est
1736 4539 1867 4595 amore
1877 4521 2032 4595 Narcissi
2051 4520 2128 4594 lor·

946 4639 1149 4713 ¹mosissimi
1173 4639 1333 4735 juvenis,
1363 4638 1428 4731 qui
1463 4644 1633 4713 mortuus
1664 4645 1718 4714 est
1750 4640 1797 4715 ad
1826 4640 1964 4716 sontem
1997 4648 2127 4736 captus

1959 4813 2126 4820 ———-—-

1016 4913 1043 4976 (¹)
1059 4913 1097 4965 Le
1113 4914 1202 4976 parole
1218 4913 1258 4966 ira
1273 4915 1283 4965 i
1298 4915 1349 4966 (lue
1364 4913 1500 4964 audoeni
1515 4926 1562 4964 nou
1579 4913 1620 4964 dei
1635 4912 1722 4964 Codici
1738 4919 1753 4964 t
1768 4927 1784 4965 e
1801 4915 1917 4965 Eslense.
