<?xml version="1.0" encoding="UTF-8"?>
<!DOCTYPE html PUBLIC "-//W3C//DTD XHTML 1.0 Transitional//EN"
    "http://www.w3.org/TR/xhtml1/DTD/xhtml1-transitional.dtd">
<html xmlns="http://www.w3.org/1999/xhtml" xml:lang="en" lang="en">
 <head>
  <title>
</title>
<meta http-equiv="Content-Type" content="text/html;charset=utf-8" />
  <meta name='ocr-system' content='tesseract 3.04.00' />
  <meta name='ocr-capabilities' content='ocr_page ocr_carea ocr_par ocr_line ocrx_word'/>
</head>
<body>
  <div class='ocr_page' id='page_1' title='image "./comentumsuperda02benvgoog_0233.png"; bbox 0 0 4842 6642; ppageno 0'>
   <div class='ocr_carea' id='block_1_1' title="bbox 806 848 1650 919">
    <p class='ocr_par' dir='ltr' id='par_1_1' title="bbox 806 848 1650 919">
     <span class='ocr_line' id='line_1_1' title="bbox 806 848 1650 919; baseline 0.001 -2"><span class='ocrx_word' id='word_1_1' title='bbox 806 863 943 918; x_wconf 84' lang='lat' dir='ltr'>cnnrus</span> <span class='ocrx_word' id='word_1_2' title='bbox 968 862 1126 918; x_wconf 84' lang='lat' dir='ltr'>nucruus</span> <span class='ocrx_word' id='word_1_3' title='bbox 1151 862 1321 919; x_wconf 83' lang='lat' dir='ltr'>ocmvus.</span> <span class='ocrx_word' id='word_1_4' title='bbox 1576 848 1650 918; x_wconf 78' lang='lat'>213</span> 
     </span>
    </p>
   </div>
   <div class='ocr_carea' id='block_1_2' title="bbox 477 1006 1684 4339">
    <p class='ocr_par' dir='ltr' id='par_1_2' title="bbox 477 1006 1684 4339">
     <span class='ocr_line' id='line_1_2' title="bbox 477 1006 1652 1103; baseline 0.001 -21"><span class='ocrx_word' id='word_1_5' title='bbox 477 1008 539 1103; x_wconf 84' lang='lat' dir='ltr'>qui</span> <span class='ocrx_word' id='word_1_6' title='bbox 565 1007 786 1083; x_wconf 83' lang='lat' dir='ltr'>movebatur</span> <span class='ocrx_word' id='word_1_7' title='bbox 810 1007 1039 1083; x_wconf 81' lang='lat' dir='ltr'>circulariter</span> <span class='ocrx_word' id='word_1_8' title='bbox 1056 1014 1093 1081; x_wconf 88' lang='lat' dir='ltr'>ct</span> <span class='ocrx_word' id='word_1_9' title='bbox 1110 1006 1285 1082; x_wconf 84' lang='lat' dir='ltr'>velociter</span> <span class='ocrx_word' id='word_1_10' title='bbox 1310 1006 1403 1082; x_wconf 91' lang='lat' dir='ltr'>sicut</span> <span class='ocrx_word' id='word_1_11' title='bbox 1428 1010 1587 1103; x_wconf 90' lang='lat' dir='ltr'>paleum.</span> <span class='ocrx_word' id='word_1_12' title='bbox 1601 1049 1652 1063; x_wconf 97' lang='lat'>-</span> 
     </span>
     <span class='ocr_line' id='line_1_3' title="bbox 479 1112 1650 1225; baseline 0.002 -22"><span class='ocrx_word' id='word_1_13' title='bbox 479 1124 565 1203; x_wconf 69' lang='lat' dir='ltr'>cast.</span> <span class='ocrx_word' id='word_1_14' title='bbox 593 1130 659 1204; x_wconf 93' lang='lat' dir='ltr'>Hic</span> <span class='ocrx_word' id='word_1_15' title='bbox 683 1135 793 1204; x_wconf 87' lang='lat' dir='ltr'>autor</span> <span class='ocrx_word' id='word_1_16' title='bbox 818 1127 983 1203; x_wconf 88' lang='lat' dir='ltr'>nominat</span> <span class='ocrx_word' id='word_1_17' title='bbox 1007 1129 1100 1204; x_wconf 94' lang='lat' dir='ltr'>duos</span> <span class='ocrx_word' id='word_1_18' title='bbox 1130 1128 1277 1225; x_wconf 89' lang='lat' dir='ltr'>spiritus</span> <span class='ocrx_word' id='word_1_19' title='bbox 1308 1130 1478 1224; x_wconf 78' lang='lat' dir='ltr'>illustres,</span> <span class='ocrx_word' id='word_1_20' title='bbox 1504 1112 1650 1224; x_wconf 74' lang='lat' dir='ltr'>scilicet,</span> 
     </span>
     <span class='ocr_line' id='line_1_4' title="bbox 478 1247 1651 1345; baseline -0.001 -20"><span class='ocrx_word' id='word_1_21' title='bbox 478 1248 652 1325; x_wconf 89' lang='lat' dir='ltr'>Carolum</span> <span class='ocrx_word' id='word_1_22' title='bbox 678 1250 850 1345; x_wconf 81' lang='lat' dir='ltr'>Magnum</span> <span class='ocrx_word' id='word_1_23' title='bbox 877 1253 914 1323; x_wconf 89' lang='lat' dir='ltr'>ct</span> <span class='ocrx_word' id='word_1_24' title='bbox 938 1247 1160 1323; x_wconf 87' lang='lat' dir='ltr'>Orlaudum:</span> <span class='ocrx_word' id='word_1_25' title='bbox 1181 1248 1229 1323; x_wconf 86' lang='lat' dir='ltr'>do</span> <span class='ocrx_word' id='word_1_26' title='bbox 1245 1248 1377 1323; x_wconf 87' lang='lat' dir='ltr'>Carolo</span> <span class='ocrx_word' id='word_1_27' title='bbox 1402 1250 1651 1345; x_wconf 79' lang='lat' dir='ltr'>scriptumest</span> 
     </span>
     <span class='ocr_line' id='line_1_5' title="bbox 477 1366 1651 1465; baseline 0.002 -24"><span class='ocrx_word' id='word_1_28' title='bbox 477 1370 520 1443; x_wconf 87' lang='lat' dir='ltr'>Vl</span> <span class='ocrx_word' id='word_1_29' title='bbox 552 1368 712 1465; x_wconf 92' lang='lat' dir='ltr'>capitulo</span> <span class='ocrx_word' id='word_1_30' title='bbox 746 1366 919 1463; x_wconf 90' lang='lat' dir='ltr'>Paradisi,</span> <span class='ocrx_word' id='word_1_31' title='bbox 953 1369 1141 1463; x_wconf 86' lang='lat' dir='ltr'>quomodo</span> <span class='ocrx_word' id='word_1_32' title='bbox 1176 1370 1354 1465; x_wconf 82' lang='lat' dir='ltr'>pugnavit</span> <span class='ocrx_word' id='word_1_33' title='bbox 1393 1390 1461 1464; x_wconf 93' lang='lat' dir='ltr'>pro</span> <span class='ocrx_word' id='word_1_34' title='bbox 1498 1368 1651 1444; x_wconf 88' lang='lat' dir='ltr'>ecclesia</span> 
     </span>
     <span class='ocr_line' id='line_1_6' title="bbox 477 1488 1652 1587; baseline -0.003 -22"><span class='ocrx_word' id='word_1_35' title='bbox 477 1496 605 1565; x_wconf 91' lang='lat' dir='ltr'>contra</span> <span class='ocrx_word' id='word_1_36' title='bbox 624 1488 852 1565; x_wconf 87' lang='lat' dir='ltr'>Desiderium</span> <span class='ocrx_word' id='word_1_37' title='bbox 874 1508 1000 1587; x_wconf 80' lang='lat' dir='ltr'>regem</span> <span class='ocrx_word' id='word_1_38' title='bbox 1023 1488 1348 1586; x_wconf 81' lang='lat' dir='ltr'>longobardorum.</span> <span class='ocrx_word' id='word_1_39' title='bbox 1370 1490 1441 1566; x_wconf 88' lang='lat' dir='ltr'>lste</span> <span class='ocrx_word' id='word_1_40' title='bbox 1458 1490 1652 1585; x_wconf 85' lang='lat' dir='ltr'>siquidem,</span> 
     </span>
     <span class='ocr_line' id='line_1_7' title="bbox 478 1609 1653 1706; baseline -0.002 -21"><span class='ocrx_word' id='word_1_41' title='bbox 478 1611 571 1685; x_wconf 88' lang='lat' dir='ltr'>sicut</span> <span class='ocrx_word' id='word_1_42' title='bbox 596 1610 720 1685; x_wconf 78' lang='lat' dir='ltr'>scribit</span> <span class='ocrx_word' id='word_1_43' title='bbox 745 1609 920 1685; x_wconf 83' lang='lat' dir='ltr'>dlcuinus</span> <span class='ocrx_word' id='word_1_44' title='bbox 946 1609 1008 1704; x_wconf 87' lang='lat' dir='ltr'>qui</span> <span class='ocrx_word' id='word_1_45' title='bbox 1034 1610 1102 1683; x_wconf 83' lang='lat' dir='ltr'>luit</span> <span class='ocrx_word' id='word_1_46' title='bbox 1126 1611 1286 1684; x_wconf 92' lang='lat' dir='ltr'>nutritor</span> <span class='ocrx_word' id='word_1_47' title='bbox 1305 1610 1385 1686; x_wconf 90' lang='lat' dir='ltr'>eius</span> <span class='ocrx_word' id='word_1_48' title='bbox 1410 1619 1448 1687; x_wconf 88' lang='lat' dir='ltr'>et</span> <span class='ocrx_word' id='word_1_49' title='bbox 1472 1611 1653 1706; x_wconf 88' lang='lat' dir='ltr'>archicpi-</span> 
     </span>
     <span class='ocr_line' id='line_1_8' title="bbox 480 1730 1652 1828; baseline 0.002 -23"><span class='ocrx_word' id='word_1_50' title='bbox 480 1751 611 1825; x_wconf 89' lang='lat' dir='ltr'>scopus</span> <span class='ocrx_word' id='word_1_51' title='bbox 637 1730 850 1826; x_wconf 86' lang='lat' dir='ltr'>Tricipinus,</span> <span class='ocrx_word' id='word_1_52' title='bbox 872 1732 939 1807; x_wconf 93' lang='lat' dir='ltr'>luit</span> <span class='ocrx_word' id='word_1_53' title='bbox 956 1736 1107 1805; x_wconf 74' lang='lat' dir='ltr'>staturae</span> <span class='ocrx_word' id='word_1_54' title='bbox 1128 1738 1196 1807; x_wconf 88' lang='lat' dir='ltr'>etc.</span> <span class='ocrx_word' id='word_1_55' title='bbox 1216 1739 1253 1807; x_wconf 87' lang='lat' dir='ltr'>ct</span> <span class='ocrx_word' id='word_1_56' title='bbox 1271 1734 1504 1827; x_wconf 87' lang='lat' dir='ltr'>recuperavit</span> <span class='ocrx_word' id='word_1_57' title='bbox 1525 1733 1652 1828; x_wconf 89' lang='lat' dir='ltr'>Hispa-</span> 
     </span>
     <span class='ocr_line' id='line_1_9' title="bbox 483 1850 1651 1929; baseline 0.003 -6"><span class='ocrx_word' id='word_1_58' title='bbox 483 1850 577 1925; x_wconf 86' lang='lat' dir='ltr'>niam</span> <span class='ocrx_word' id='word_1_59' title='bbox 604 1850 651 1925; x_wconf 89' lang='lat' dir='ltr'>de</span> <span class='ocrx_word' id='word_1_60' title='bbox 677 1850 846 1924; x_wconf 87' lang='lat' dir='ltr'>manibus</span> <span class='ocrx_word' id='word_1_61' title='bbox 871 1871 1132 1927; x_wconf 79' lang='lat' dir='ltr'>saracenorum</span> <span class='ocrx_word' id='word_1_62' title='bbox 1159 1857 1229 1926; x_wconf 87' lang='lat' dir='ltr'>etc.</span> <span class='ocrx_word' id='word_1_63' title='bbox 1260 1854 1370 1927; x_wconf 87' lang='lat' dir='ltr'>Multa</span> <span class='ocrx_word' id='word_1_64' title='bbox 1400 1860 1524 1929; x_wconf 90' lang='lat' dir='ltr'>tamen</span> <span class='ocrx_word' id='word_1_65' title='bbox 1556 1874 1651 1928; x_wconf 82' lang='lat' dir='ltr'>rana</span> 
     </span>
     <span class='ocr_line' id='line_1_10' title="bbox 480 1970 1651 2071; baseline 0.002 -26"><span class='ocrx_word' id='word_1_66' title='bbox 480 1971 527 2045; x_wconf 91' lang='lat' dir='ltr'>de</span> <span class='ocrx_word' id='word_1_67' title='bbox 551 1970 619 2045; x_wconf 89' lang='lat' dir='ltr'>isto</span> <span class='ocrx_word' id='word_1_68' title='bbox 645 1970 846 2069; x_wconf 82' lang='lat' dir='ltr'>vulgantur</span> <span class='ocrx_word' id='word_1_69' title='bbox 870 1971 907 2045; x_wconf 95' lang='lat' dir='ltr'>in</span> <span class='ocrx_word' id='word_1_70' title='bbox 933 1972 1033 2047; x_wconf 91' lang='lat' dir='ltr'>libris</span> <span class='ocrx_word' id='word_1_71' title='bbox 1057 1972 1286 2069; x_wconf 81' lang='lat' dir='ltr'>gallicorum,</span> <span class='ocrx_word' id='word_1_72' title='bbox 1311 1979 1349 2048; x_wconf 89' lang='lat' dir='ltr'>et</span> <span class='ocrx_word' id='word_1_73' title='bbox 1380 1974 1514 2070; x_wconf 82' lang='lat' dir='ltr'>linguis</span> <span class='ocrx_word' id='word_1_74' title='bbox 1540 1974 1651 2071; x_wconf 84' lang='lat' dir='ltr'>vulgi.</span> 
     </span>
     <span class='ocr_line' id='line_1_11' title="bbox 481 2092 1652 2186; baseline 0.003 -22"><span class='ocrx_word' id='word_1_75' title='bbox 481 2092 585 2165; x_wconf 89' lang='lat' dir='ltr'>Nunc</span> <span class='ocrx_word' id='word_1_76' title='bbox 611 2092 657 2166; x_wconf 89' lang='lat' dir='ltr'>ad</span> <span class='ocrx_word' id='word_1_77' title='bbox 687 2092 843 2186; x_wconf 89' lang='lat' dir='ltr'>literam,</span> <span class='ocrx_word' id='word_1_78' title='bbox 869 2092 955 2167; x_wconf 88' lang='lat' dir='ltr'>dicit</span> <span class='ocrx_word' id='word_1_79' title='bbox 985 2100 1114 2167; x_wconf 92' lang='lat' dir='ltr'>autor:</span> <span class='ocrx_word' id='word_1_80' title='bbox 1146 2096 1196 2165; x_wconf 90' lang='lat' dir='ltr'>Lo</span> <span class='ocrx_word' id='word_1_81' title='bbox 1222 2096 1292 2167; x_wconf 80' lang='lat' dir='ltr'>mio</span> <span class='ocrx_word' id='word_1_82' title='bbox 1322 2097 1481 2185; x_wconf 70' lang='lat' dir='ltr'>synardo</span> <span class='ocrx_word' id='word_1_83' title='bbox 1511 2101 1652 2186; x_wconf 77' lang='lat' dir='ltr'>attento,</span> 
     </span>
     <span class='ocr_line' id='line_1_12' title="bbox 481 2207 1653 2308; baseline 0.003 -23"><span class='ocrx_word' id='word_1_84' title='bbox 481 2211 582 2305; x_wconf 84' lang='lat' dir='ltr'>idest,</span> <span class='ocrx_word' id='word_1_85' title='bbox 621 2213 751 2285; x_wconf 89' lang='lat' dir='ltr'>oculus</span> <span class='ocrx_word' id='word_1_86' title='bbox 783 2212 1037 2287; x_wconf 84' lang='lat' dir='ltr'>intellectualis</span> <span class='ocrx_word' id='word_1_87' title='bbox 1074 2219 1214 2287; x_wconf 86' lang='lat' dir='ltr'>attente</span> <span class='ocrx_word' id='word_1_88' title='bbox 1243 2213 1450 2308; x_wconf 82' lang='lat' dir='ltr'>respiciens,</span> <span class='ocrx_word' id='word_1_89' title='bbox 1480 2236 1524 2286; x_wconf 85' lang='lat' dir='ltr'>ne</span> <span class='ocrx_word' id='word_1_90' title='bbox 1557 2207 1653 2305; x_wconf 71' lang='lat' dir='ltr'>sent</span> 
     </span>
     <span class='ocr_line' id='line_1_13' title="bbox 479 2327 1652 2429; baseline 0.001 -22"><span class='ocrx_word' id='word_1_91' title='bbox 479 2336 549 2407; x_wconf 89' lang='lat' dir='ltr'>duo</span> <span class='ocrx_word' id='word_1_92' title='bbox 574 2327 658 2427; x_wconf 79' lang='lat' dir='ltr'>cosi,</span> <span class='ocrx_word' id='word_1_93' title='bbox 681 2332 784 2427; x_wconf 87' lang='lat' dir='ltr'>idest,</span> <span class='ocrx_word' id='word_1_94' title='bbox 810 2332 905 2407; x_wconf 89' lang='lat' dir='ltr'>sicut</span> <span class='ocrx_word' id='word_1_95' title='bbox 931 2333 1008 2407; x_wconf 88' lang='lat' dir='ltr'>illos</span> <span class='ocrx_word' id='word_1_96' title='bbox 1033 2333 1126 2409; x_wconf 93' lang='lat' dir='ltr'>duos</span> <span class='ocrx_word' id='word_1_97' title='bbox 1144 2334 1284 2429; x_wconf 92' lang='lat' dir='ltr'>primos</span> <span class='ocrx_word' id='word_1_98' title='bbox 1309 2334 1420 2409; x_wconf 81' lang='lat' dir='ltr'>losue</span> <span class='ocrx_word' id='word_1_99' title='bbox 1445 2342 1483 2409; x_wconf 89' lang='lat' dir='ltr'>et</span> <span class='ocrx_word' id='word_1_100' title='bbox 1507 2336 1652 2429; x_wconf 87' lang='lat' dir='ltr'>ludam,</span> 
     </span>
     <span class='ocr_line' id='line_1_14' title="bbox 478 2454 1654 2550; baseline 0 -21"><span class='ocrx_word' id='word_1_101' title='bbox 478 2458 920 2548; x_wconf 58' lang='lat' dir='ltr'>perticipationem</span> <span class='ocrx_word' id='word_1_102' title='bbox 952 2461 1038 2529; x_wconf 88' lang='lat' dir='ltr'>nota</span> <span class='ocrx_word' id='word_1_103' title='bbox 1072 2454 1170 2550; x_wconf 88' lang='lat' dir='ltr'>quod</span> <span class='ocrx_word' id='word_1_104' title='bbox 1202 2456 1271 2529; x_wconf 89' lang='lat' dir='ltr'>iste</span> <span class='ocrx_word' id='word_1_105' title='bbox 1302 2462 1453 2530; x_wconf 86' lang='lat' dir='ltr'>vocatus</span> <span class='ocrx_word' id='word_1_106' title='bbox 1484 2462 1540 2529; x_wconf 90' lang='lat' dir='ltr'>cst</span> <span class='ocrx_word' id='word_1_107' title='bbox 1572 2476 1654 2529; x_wconf 90' lang='lat' dir='ltr'>ma·</span> 
     </span>
     <span class='ocr_line' id='line_1_15' title="bbox 480 2574 1651 2673; baseline 0 -22"><span class='ocrx_word' id='word_1_108' title='bbox 480 2597 574 2673; x_wconf 81' lang='lat' dir='ltr'>gnus</span> <span class='ocrx_word' id='word_1_109' title='bbox 599 2582 668 2651; x_wconf 89' lang='lat' dir='ltr'>etc.</span> <span class='ocrx_word' id='word_1_110' title='bbox 695 2597 800 2668; x_wconf 85' lang='lat' dir='ltr'>cpcr</span> <span class='ocrx_word' id='word_1_111' title='bbox 830 2578 1012 2669; x_wconf 85' lang='lat' dir='ltr'>Ortaado;</span> <span class='ocrx_word' id='word_1_112' title='bbox 1029 2576 1097 2649; x_wconf 88' lang='lat' dir='ltr'>istc</span> <span class='ocrx_word' id='word_1_113' title='bbox 1122 2574 1189 2649; x_wconf 92' lang='lat' dir='ltr'>luit</span> <span class='ocrx_word' id='word_1_114' title='bbox 1215 2574 1309 2650; x_wconf 89' lang='lat' dir='ltr'>tilius</span> <span class='ocrx_word' id='word_1_115' title='bbox 1335 2575 1476 2651; x_wconf 90' lang='lat' dir='ltr'>comitis</span> <span class='ocrx_word' id='word_1_116' title='bbox 1501 2576 1651 2651; x_wconf 86' lang='lat' dir='ltr'>Melonis</span> 
     </span>
     <span class='ocr_line' id='line_1_16' title="bbox 481 2695 1684 2792; baseline 0.001 -20"><span class='ocrx_word' id='word_1_117' title='bbox 481 2704 518 2773; x_wconf 89' lang='lat' dir='ltr'>et</span> <span class='ocrx_word' id='word_1_118' title='bbox 542 2696 679 2771; x_wconf 91' lang='lat' dir='ltr'>sororis</span> <span class='ocrx_word' id='word_1_119' title='bbox 698 2696 830 2790; x_wconf 87' lang='lat' dir='ltr'>Caroli,</span> <span class='ocrx_word' id='word_1_120' title='bbox 848 2702 885 2771; x_wconf 89' lang='lat' dir='ltr'>et</span> <span class='ocrx_word' id='word_1_121' title='bbox 902 2696 968 2771; x_wconf 90' lang='lat' dir='ltr'>luit</span> <span class='ocrx_word' id='word_1_122' title='bbox 987 2716 1083 2771; x_wconf 92' lang='lat' dir='ltr'>unus</span> <span class='ocrx_word' id='word_1_123' title='bbox 1101 2716 1145 2771; x_wconf 87' lang='lat' dir='ltr'>ex</span> <span class='ocrx_word' id='word_1_124' title='bbox 1165 2695 1357 2771; x_wconf 89' lang='lat' dir='ltr'>duodecim</span> <span class='ocrx_word' id='word_1_125' title='bbox 1375 2697 1541 2791; x_wconf 89' lang='lat' dir='ltr'>palatinis</span> <span class='ocrx_word' id='word_1_126' title='bbox 1559 2718 1653 2792; x_wconf 89' lang='lat' dir='ltr'>quos</span> <span class='ocrx_word' id='word_1_127' title='bbox 1681 2741 1684 2749; x_wconf 91' lang='lat'>·</span> 
     </span>
     <span class='ocr_line' id='line_1_17' title="bbox 481 2818 1653 2913; baseline -0.003 -18"><span class='ocrx_word' id='word_1_128' title='bbox 481 2819 619 2895; x_wconf 82' lang='lat' dir='ltr'>creavit</span> <span class='ocrx_word' id='word_1_129' title='bbox 644 2818 797 2893; x_wconf 86' lang='lat' dir='ltr'>Carolus</span> <span class='ocrx_word' id='word_1_130' title='bbox 822 2818 860 2891; x_wconf 96' lang='lat' dir='ltr'>in</span> <span class='ocrx_word' id='word_1_131' title='bbox 885 2824 1006 2913; x_wconf 89' lang='lat' dir='ltr'>partes</span> <span class='ocrx_word' id='word_1_132' title='bbox 1030 2818 1203 2911; x_wconf 83' lang='lat' dir='ltr'>Franciae,</span> <span class='ocrx_word' id='word_1_133' title='bbox 1222 2818 1286 2911; x_wconf 84' lang='lat' dir='ltr'>qui</span> <span class='ocrx_word' id='word_1_134' title='bbox 1307 2825 1478 2894; x_wconf 89' lang='lat' dir='ltr'>mortuus</span> <span class='ocrx_word' id='word_1_135' title='bbox 1503 2825 1559 2893; x_wconf 88' lang='lat' dir='ltr'>est</span> <span class='ocrx_word' id='word_1_136' title='bbox 1582 2838 1653 2913; x_wconf 90' lang='lat' dir='ltr'>pu-</span> 
     </span>
     <span class='ocr_line' id='line_1_18' title="bbox 480 2937 1653 3037; baseline -0.001 -23"><span class='ocrx_word' id='word_1_137' title='bbox 480 2939 626 3037; x_wconf 77' lang='lat' dir='ltr'>gnando</span> <span class='ocrx_word' id='word_1_138' title='bbox 638 2959 706 3034; x_wconf 94' lang='lat' dir='ltr'>pro</span> <span class='ocrx_word' id='word_1_139' title='bbox 720 2937 790 3013; x_wconf 87' lang='lat' dir='ltr'>tide</span> <span class='ocrx_word' id='word_1_140' title='bbox 803 2938 839 3011; x_wconf 92' lang='lat' dir='ltr'>in</span> <span class='ocrx_word' id='word_1_141' title='bbox 854 2938 1021 3033; x_wconf 88' lang='lat' dir='ltr'>Hispania</span> <span class='ocrx_word' id='word_1_142' title='bbox 1032 2938 1153 3013; x_wconf 80' lang='lat' dir='ltr'>etclit</span> <span class='ocrx_word' id='word_1_143' title='bbox 1165 2937 1327 3012; x_wconf 86' lang='lat' dir='ltr'>declarat</span> <span class='ocrx_word' id='word_1_144' title='bbox 1339 2958 1444 3012; x_wconf 91' lang='lat' dir='ltr'>suam</span> <span class='ocrx_word' id='word_1_145' title='bbox 1463 2938 1653 3033; x_wconf 83' lang='lat' dir='ltr'>sequutio·</span> 
     </span>
     <span class='ocr_line' id='line_1_19' title="bbox 481 3056 1652 3152; baseline -0.003 -19"><span class='ocrx_word' id='word_1_146' title='bbox 481 3081 564 3135; x_wconf 89' lang='lat' dir='ltr'>nom</span> <span class='ocrx_word' id='word_1_147' title='bbox 593 3057 769 3132; x_wconf 86' lang='lat' dir='ltr'>visualam</span> <span class='ocrx_word' id='word_1_148' title='bbox 797 3077 864 3152; x_wconf 90' lang='lat' dir='ltr'>per</span> <span class='ocrx_word' id='word_1_149' title='bbox 894 3056 1077 3151; x_wconf 83' lang='lat' dir='ltr'>quoddam</span> <span class='ocrx_word' id='word_1_150' title='bbox 1103 3057 1221 3132; x_wconf 90' lang='lat' dir='ltr'>simile</span> <span class='ocrx_word' id='word_1_151' title='bbox 1246 3058 1492 3152; x_wconf 80' lang='lat' dir='ltr'>manifestum,</span> <span class='ocrx_word' id='word_1_152' title='bbox 1509 3059 1652 3133; x_wconf 88' lang='lat' dir='ltr'>dicens:</span> 
     </span>
     <span class='ocr_line' id='line_1_20' title="bbox 480 3179 1654 3274; baseline -0.002 -21"><span class='ocrx_word' id='word_1_153' title='bbox 480 3184 567 3254; x_wconf 86' lang='lat' dir='ltr'>com&#39;</span> <span class='ocrx_word' id='word_1_154' title='bbox 580 3182 697 3253; x_wconf 80' lang='lat' dir='ltr'>occlto</span> <span class='ocrx_word' id='word_1_155' title='bbox 721 3200 825 3271; x_wconf 71' lang='lat' dir='ltr'>seque</span> <span class='ocrx_word' id='word_1_156' title='bbox 848 3199 912 3252; x_wconf 82' lang='lat' dir='ltr'>suo</span> <span class='ocrx_word' id='word_1_157' title='bbox 934 3182 1055 3274; x_wconf 77' lang='lat' dir='ltr'>[alcon</span> <span class='ocrx_word' id='word_1_158' title='bbox 1080 3181 1258 3273; x_wconf 74' lang='lat' dir='ltr'>ootcrsdo,·</span> <span class='ocrx_word' id='word_1_159' title='bbox 1287 3185 1325 3253; x_wconf 87' lang='lat' dir='ltr'>ct</span> <span class='ocrx_word' id='word_1_160' title='bbox 1349 3185 1405 3253; x_wconf 83' lang='lat' dir='ltr'>ost</span> <span class='ocrx_word' id='word_1_161' title='bbox 1428 3179 1654 3273; x_wconf 87' lang='lat' dir='ltr'>comparatio</span> 
     </span>
     <span class='ocr_line' id='line_1_21' title="bbox 483 3300 1655 3397; baseline 0 -22"><span class='ocrx_word' id='word_1_162' title='bbox 483 3302 640 3397; x_wconf 89' lang='lat' dir='ltr'>propria.</span> <span class='ocrx_word' id='word_1_163' title='bbox 667 3300 768 3374; x_wconf 87' lang='lat' dir='ltr'>Sicut</span> <span class='ocrx_word' id='word_1_164' title='bbox 794 3300 892 3374; x_wconf 89' lang='lat' dir='ltr'>enim</span> <span class='ocrx_word' id='word_1_165' title='bbox 918 3300 1048 3375; x_wconf 92' lang='lat' dir='ltr'>oculus</span> <span class='ocrx_word' id='word_1_166' title='bbox 1073 3306 1213 3375; x_wconf 88' lang='lat' dir='ltr'>attente</span> <span class='ocrx_word' id='word_1_167' title='bbox 1230 3300 1398 3394; x_wconf 85' lang='lat' dir='ltr'>sequitur</span> <span class='ocrx_word' id='word_1_168' title='bbox 1413 3302 1529 3374; x_wconf 90' lang='lat' dir='ltr'>altum</span> <span class='ocrx_word' id='word_1_169' title='bbox 1553 3301 1655 3375; x_wconf 86' lang='lat' dir='ltr'>rola-</span> 
     </span>
     <span class='ocr_line' id='line_1_22' title="bbox 484 3419 1654 3517; baseline 0.002 -24"><span class='ocrx_word' id='word_1_170' title='bbox 484 3429 562 3494; x_wconf 92' lang='lat' dir='ltr'>tum</span> <span class='ocrx_word' id='word_1_171' title='bbox 590 3419 750 3515; x_wconf 90' lang='lat' dir='ltr'>lalconis,</span> <span class='ocrx_word' id='word_1_172' title='bbox 767 3419 830 3514; x_wconf 89' lang='lat' dir='ltr'>qui</span> <span class='ocrx_word' id='word_1_173' title='bbox 848 3428 904 3493; x_wconf 88' lang='lat' dir='ltr'>est</span> <span class='ocrx_word' id='word_1_174' title='bbox 928 3419 1006 3494; x_wconf 87' lang='lat' dir='ltr'>avis</span> <span class='ocrx_word' id='word_1_175' title='bbox 1032 3419 1173 3513; x_wconf 90' lang='lat' dir='ltr'>nobilis,</span> <span class='ocrx_word' id='word_1_176' title='bbox 1191 3420 1397 3517; x_wconf 83' lang='lat' dir='ltr'>peregrina,</span> <span class='ocrx_word' id='word_1_177' title='bbox 1414 3420 1562 3515; x_wconf 86' lang='lat' dir='ltr'>quando</span> <span class='ocrx_word' id='word_1_178' title='bbox 1586 3442 1654 3517; x_wconf 82' lang='lat' dir='ltr'>gy·</span> 
     </span>
     <span class='ocr_line' id='line_1_23' title="bbox 485 3539 1654 3635; baseline 0 -22"><span class='ocrx_word' id='word_1_179' title='bbox 485 3550 588 3615; x_wconf 88' lang='lat' dir='ltr'>ratur</span> <span class='ocrx_word' id='word_1_180' title='bbox 612 3540 650 3613; x_wconf 93' lang='lat' dir='ltr'>in</span> <span class='ocrx_word' id='word_1_181' title='bbox 674 3560 781 3634; x_wconf 84' lang='lat' dir='ltr'>aere3</span> <span class='ocrx_word' id='word_1_182' title='bbox 817 3540 866 3614; x_wconf 90' lang='lat' dir='ltr'>ita</span> <span class='ocrx_word' id='word_1_183' title='bbox 898 3561 920 3614; x_wconf 94' lang='lat' dir='ltr'>a</span> <span class='ocrx_word' id='word_1_184' title='bbox 954 3539 1061 3614; x_wconf 93' lang='lat' dir='ltr'>simili</span> <span class='ocrx_word' id='word_1_185' title='bbox 1091 3541 1223 3615; x_wconf 91' lang='lat' dir='ltr'>oculus</span> <span class='ocrx_word' id='word_1_186' title='bbox 1255 3540 1395 3614; x_wconf 90' lang='lat' dir='ltr'>autoris</span> <span class='ocrx_word' id='word_1_187' title='bbox 1429 3541 1654 3635; x_wconf 87' lang='lat' dir='ltr'>sequebatur</span> 
     </span>
     <span class='ocr_line' id='line_1_24' title="bbox 482 3660 1656 3755; baseline -0.001 -18"><span class='ocrx_word' id='word_1_188' title='bbox 482 3668 622 3737; x_wconf 88' lang='lat' dir='ltr'>attente</span> <span class='ocrx_word' id='word_1_189' title='bbox 645 3668 850 3755; x_wconf 88' lang='lat' dir='ltr'>utrumque</span> <span class='ocrx_word' id='word_1_190' title='bbox 866 3660 1046 3735; x_wconf 91' lang='lat' dir='ltr'>dictorum</span> <span class='ocrx_word' id='word_1_191' title='bbox 1071 3660 1265 3755; x_wconf 89' lang='lat' dir='ltr'>spirituum</span> <span class='ocrx_word' id='word_1_192' title='bbox 1288 3662 1464 3736; x_wconf 88' lang='lat' dir='ltr'>nobilium</span> <span class='ocrx_word' id='word_1_193' title='bbox 1490 3662 1565 3735; x_wconf 86' lang='lat' dir='ltr'>alte</span> <span class='ocrx_word' id='word_1_194' title='bbox 1589 3682 1656 3736; x_wconf 88' lang='lat' dir='ltr'>vo-</span> 
     </span>
     <span class='ocr_line' id='line_1_25' title="bbox 482 3780 1655 3875; baseline -0.001 -21"><span class='ocrx_word' id='word_1_195' title='bbox 482 3782 649 3874; x_wconf 90' lang='lat' dir='ltr'>lantium,</span> <span class='ocrx_word' id='word_1_196' title='bbox 675 3780 822 3875; x_wconf 86' lang='lat' dir='ltr'>quando</span> <span class='ocrx_word' id='word_1_197' title='bbox 854 3781 1099 3856; x_wconf 88' lang='lat' dir='ltr'>movebantur</span> <span class='ocrx_word' id='word_1_198' title='bbox 1135 3780 1364 3855; x_wconf 89' lang='lat' dir='ltr'>circulariter</span> <span class='ocrx_word' id='word_1_199' title='bbox 1400 3781 1435 3854; x_wconf 93' lang='lat' dir='ltr'>in</span> <span class='ocrx_word' id='word_1_200' title='bbox 1468 3799 1655 3854; x_wconf 80' lang='lat' dir='ltr'>cruce-</span> 
     </span>
     <span class='ocr_line' id='line_1_26' title="bbox 483 3900 1655 3995; baseline -0.002 -18"><span class='ocrx_word' id='word_1_201' title='bbox 483 3905 616 3977; x_wconf 76' lang='lat' dir='ltr'>Porcio.</span> <span class='ocrx_word' id='word_1_202' title='bbox 643 3901 708 3976; x_wconf 89' lang='lat' dir='ltr'>Hic</span> <span class='ocrx_word' id='word_1_203' title='bbox 733 3907 841 3975; x_wconf 90' lang='lat' dir='ltr'>autor</span> <span class='ocrx_word' id='word_1_204' title='bbox 868 3900 1032 3974; x_wconf 85' lang='lat' dir='ltr'>nominat</span> <span class='ocrx_word' id='word_1_205' title='bbox 1057 3900 1166 3973; x_wconf 92' lang='lat' dir='ltr'>simul</span> <span class='ocrx_word' id='word_1_206' title='bbox 1197 3908 1359 3995; x_wconf 89' lang='lat' dir='ltr'>quatuor</span> <span class='ocrx_word' id='word_1_207' title='bbox 1387 3900 1478 3974; x_wconf 90' lang='lat' dir='ltr'>alios</span> <span class='ocrx_word' id='word_1_208' title='bbox 1507 3900 1655 3995; x_wconf 88' lang='lat' dir='ltr'>spiritus</span> 
     </span>
     <span class='ocr_line' id='line_1_27' title="bbox 483 4020 1655 4124; baseline 0 -29"><span class='ocrx_word' id='word_1_209' title='bbox 483 4024 650 4115; x_wconf 86' lang='lat' dir='ltr'>illustres,</span> <span class='ocrx_word' id='word_1_210' title='bbox 668 4021 804 4098; x_wconf 88' lang='lat' dir='ltr'>scilicet</span> <span class='ocrx_word' id='word_1_211' title='bbox 828 4020 1064 4114; x_wconf 86' lang='lat' dir='ltr'>Guilelmum,</span> <span class='ocrx_word' id='word_1_212' title='bbox 1086 4020 1334 4124; x_wconf 86' lang='lat' dir='ltr'>Renoardum,</span> <span class='ocrx_word' id='word_1_213' title='bbox 1361 4020 1592 4095; x_wconf 84' lang='lat' dir='ltr'>Gutilradum</span> <span class='ocrx_word' id='word_1_214' title='bbox 1618 4027 1655 4095; x_wconf 90' lang='lat' dir='ltr'>ct</span> 
     </span>
     <span class='ocr_line' id='line_1_28' title="bbox 482 4140 1655 4238; baseline -0.003 -19"><span class='ocrx_word' id='word_1_215' title='bbox 482 4144 685 4219; x_wconf 83' lang='lat' dir='ltr'>Robertum</span> <span class='ocrx_word' id='word_1_216' title='bbox 715 4141 969 4216; x_wconf 90' lang='lat' dir='ltr'>Guiscardum.</span> <span class='ocrx_word' id='word_1_217' title='bbox 1003 4140 1206 4216; x_wconf 88' lang='lat' dir='ltr'>Guilelmus</span> <span class='ocrx_word' id='word_1_218' title='bbox 1240 4141 1309 4215; x_wconf 93' lang='lat' dir='ltr'>luit</span> <span class='ocrx_word' id='word_1_219' title='bbox 1342 4161 1467 4215; x_wconf 87' lang='lat' dir='ltr'>comes</span> <span class='ocrx_word' id='word_1_220' title='bbox 1500 4140 1655 4238; x_wconf 81' lang='lat' dir='ltr'>Orongae</span> 
     </span>
     <span class='ocr_line' id='line_1_29' title="bbox 483 4262 1653 4339; baseline -0.001 -2"><span class='ocrx_word' id='word_1_221' title='bbox 483 4264 559 4339; x_wconf 90' lang='lat' dir='ltr'>sive</span> <span class='ocrx_word' id='word_1_222' title='bbox 601 4263 696 4338; x_wconf 87' lang='lat' dir='ltr'>lilius</span> <span class='ocrx_word' id='word_1_223' title='bbox 738 4262 881 4338; x_wconf 92' lang='lat' dir='ltr'>comitis</span> <span class='ocrx_word' id='word_1_224' title='bbox 918 4262 1098 4337; x_wconf 74' lang='lat' dir='ltr'>Narbone</span> <span class='ocrx_word' id='word_1_225' title='bbox 1129 4270 1198 4337; x_wconf 88' lang='lat' dir='ltr'>etc.</span> <span class='ocrx_word' id='word_1_226' title='bbox 1232 4262 1447 4337; x_wconf 87' lang='lat' dir='ltr'>Renoardus</span> <span class='ocrx_word' id='word_1_227' title='bbox 1480 4262 1548 4335; x_wconf 90' lang='lat' dir='ltr'>luit</span> <span class='ocrx_word' id='word_1_228' title='bbox 1578 4262 1653 4336; x_wconf 84' lang='lat' dir='ltr'>dux</span> 
     </span>
    </p>
   </div>
   <div class='ocr_carea' id='block_1_3' title="bbox 397 4382 1656 5084">
    <p class='ocr_par' dir='ltr' id='par_1_3' title="bbox 397 4382 1656 5084">
     <span class='ocr_line' id='line_1_30' title="bbox 397 4382 1655 4485; baseline 0 -28"><span class='ocrx_word' id='word_1_229' title='bbox 397 4480 403 4485; x_wconf 19' lang='grc' dir='ltr'>ι</span> <span class='ocrx_word' id='word_1_230' title='bbox 483 4384 700 4459; x_wconf 87' lang='lat' dir='ltr'>tortissimos</span> <span class='ocrx_word' id='word_1_231' title='bbox 726 4384 787 4478; x_wconf 87' lang='lat' dir='ltr'>qui</span> <span class='ocrx_word' id='word_1_232' title='bbox 814 4382 990 4479; x_wconf 82' lang='lat' dir='ltr'>pugnavit</span> <span class='ocrx_word' id='word_1_233' title='bbox 1009 4388 1136 4458; x_wconf 91' lang='lat' dir='ltr'>contra</span> <span class='ocrx_word' id='word_1_234' title='bbox 1155 4404 1370 4477; x_wconf 83' lang='lat' dir='ltr'>saracenos3</span> <span class='ocrx_word' id='word_1_235' title='bbox 1389 4382 1457 4456; x_wconf 92' lang='lat' dir='ltr'>luit</span> <span class='ocrx_word' id='word_1_236' title='bbox 1476 4389 1655 4480; x_wconf 80' lang='lat' dir='ltr'>cognatus</span> 
     </span>
     <span class='ocr_line' id='line_1_31' title="bbox 482 4503 1656 4600; baseline -0.003 -19"><span class='ocrx_word' id='word_1_237' title='bbox 482 4505 565 4581; x_wconf 89' lang='lat' dir='ltr'>dicti</span> <span class='ocrx_word' id='word_1_238' title='bbox 599 4504 771 4580; x_wconf 90' lang='lat' dir='ltr'>Guilelmi</span> <span class='ocrx_word' id='word_1_239' title='bbox 805 4510 873 4579; x_wconf 87' lang='lat' dir='ltr'>etc.</span> <span class='ocrx_word' id='word_1_240' title='bbox 913 4504 965 4577; x_wconf 79' lang='lat' dir='ltr'>ld</span> <span class='ocrx_word' id='word_1_241' title='bbox 999 4503 1243 4600; x_wconf 80' lang='lat' dir='ltr'>cognitionem</span> <span class='ocrx_word' id='word_1_242' title='bbox 1270 4503 1447 4579; x_wconf 84' lang='lat' dir='ltr'>Gutilrcdi</span> <span class='ocrx_word' id='word_1_243' title='bbox 1477 4511 1533 4578; x_wconf 89' lang='lat' dir='ltr'>est</span> <span class='ocrx_word' id='word_1_244' title='bbox 1562 4524 1656 4600; x_wconf 82' lang='lat' dir='ltr'>prae·</span> 
     </span>
     <span class='ocr_line' id='line_1_32' title="bbox 482 4623 1654 4720; baseline -0.001 -19"><span class='ocrx_word' id='word_1_245' title='bbox 482 4626 684 4720; x_wconf 88' lang='lat' dir='ltr'>sciendum,</span> <span class='ocrx_word' id='word_1_246' title='bbox 705 4625 804 4720; x_wconf 85' lang='lat' dir='ltr'>quod</span> <span class='ocrx_word' id='word_1_247' title='bbox 829 4624 897 4701; x_wconf 88' lang='lat' dir='ltr'>iste</span> <span class='ocrx_word' id='word_1_248' title='bbox 922 4623 1040 4699; x_wconf 91' lang='lat' dir='ltr'>lactus</span> <span class='ocrx_word' id='word_1_249' title='bbox 1065 4624 1134 4699; x_wconf 85' lang='lat' dir='ltr'>luit</span> <span class='ocrx_word' id='word_1_250' title='bbox 1149 4625 1224 4699; x_wconf 82' lang='lat' dir='ltr'>drrx</span> <span class='ocrx_word' id='word_1_251' title='bbox 1243 4627 1367 4699; x_wconf 81' lang='lat' dir='ltr'>Tcrrae</span> <span class='ocrx_word' id='word_1_252' title='bbox 1384 4625 1527 4700; x_wconf 84' lang='lat' dir='ltr'>Sanctoe</span> <span class='ocrx_word' id='word_1_253' title='bbox 1543 4646 1654 4701; x_wconf 87' lang='lat' dir='ltr'>rccu-</span> 
     </span>
     <span class='ocr_line' id='line_1_33' title="bbox 483 4744 1655 4842; baseline 0.001 -22"><span class='ocrx_word' id='word_1_254' title='bbox 483 4752 630 4842; x_wconf 83' lang='lat' dir='ltr'>peratae,</span> <span class='ocrx_word' id='word_1_255' title='bbox 658 4751 782 4820; x_wconf 87' lang='lat' dir='ltr'>tamen</span> <span class='ocrx_word' id='word_1_256' title='bbox 808 4744 923 4819; x_wconf 93' lang='lat' dir='ltr'>noluit</span> <span class='ocrx_word' id='word_1_257' title='bbox 948 4744 1117 4819; x_wconf 91' lang='lat' dir='ltr'>coronari</span> <span class='ocrx_word' id='word_1_258' title='bbox 1150 4746 1198 4819; x_wconf 90' lang='lat' dir='ltr'>ob</span> <span class='ocrx_word' id='word_1_259' title='bbox 1233 4744 1477 4820; x_wconf 80' lang='lat' dir='ltr'>reuerentiam</span> <span class='ocrx_word' id='word_1_260' title='bbox 1509 4766 1655 4821; x_wconf 83' lang='lat' dir='ltr'>coronae</span> 
     </span>
     <span class='ocr_line' id='line_1_34' title="bbox 482 4864 1655 4963; baseline 0.001 -22"><span class='ocrx_word' id='word_1_261' title='bbox 482 4867 682 4963; x_wconf 92' lang='lat' dir='ltr'>spinarum.</span> <span class='ocrx_word' id='word_1_262' title='bbox 704 4866 784 4954; x_wconf 87' lang='lat' dir='ltr'>Quo</span> <span class='ocrx_word' id='word_1_263' title='bbox 810 4872 960 4940; x_wconf 87' lang='lat' dir='ltr'>mortuo</span> <span class='ocrx_word' id='word_1_264' title='bbox 986 4885 1050 4939; x_wconf 86' lang='lat' dir='ltr'>rer</span> <span class='ocrx_word' id='word_1_265' title='bbox 1070 4864 1290 4941; x_wconf 91' lang='lat' dir='ltr'>Baldovinus</span> <span class='ocrx_word' id='word_1_266' title='bbox 1307 4866 1421 4942; x_wconf 83' lang='lat' dir='ltr'>irater</span> <span class='ocrx_word' id='word_1_267' title='bbox 1441 4866 1521 4941; x_wconf 90' lang='lat' dir='ltr'>eius</span> <span class='ocrx_word' id='word_1_268' title='bbox 1538 4867 1655 4942; x_wconf 87' lang='lat' dir='ltr'>lactus</span> 
     </span>
     <span class='ocr_line' id='line_1_35' title="bbox 483 4985 1655 5084; baseline -0.002 -21"><span class='ocrx_word' id='word_1_269' title='bbox 483 4993 538 5063; x_wconf 86' lang='lat' dir='ltr'>est</span> <span class='ocrx_word' id='word_1_270' title='bbox 563 5008 628 5063; x_wconf 85' lang='lat' dir='ltr'>rex</span> <span class='ocrx_word' id='word_1_271' title='bbox 656 4987 871 5080; x_wconf 87' lang='lat' dir='ltr'>Jerusalem,</span> <span class='ocrx_word' id='word_1_272' title='bbox 897 4986 960 5079; x_wconf 88' lang='lat' dir='ltr'>qui</span> <span class='ocrx_word' id='word_1_273' title='bbox 987 4985 1147 5061; x_wconf 90' lang='lat' dir='ltr'>dominio</span> <span class='ocrx_word' id='word_1_274' title='bbox 1173 4988 1337 5063; x_wconf 80' lang='lat' dir='ltr'>ecclesias</span> <span class='ocrx_word' id='word_1_275' title='bbox 1367 5006 1538 5084; x_wconf 77' lang='lat' dir='ltr'>magnam</span> <span class='ocrx_word' id='word_1_276' title='bbox 1570 5009 1655 5082; x_wconf 94' lang='lat' dir='ltr'>par-</span> 
     </span>
    </p>
   </div>
   <div class='ocr_carea' id='block_1_4' title="bbox 0 0 2437 6642">
    <p class='ocr_par' dir='ltr' id='par_1_4' title="bbox 0 0 2437 6642">
     <span class='ocr_line' id='line_1_36' title="bbox 0 0 2437 6642; baseline 0 0"><span class='ocrx_word' id='word_1_277' title='bbox 0 0 2437 6642; x_wconf 95' lang='lat' dir='ltr'> </span> 
     </span>
    </p>
   </div>
  </div>
 </body>
</html>
