4842 6642
788 863 935 921 caurus·
952 862 1112 923 uncinus
1133 864 1318 923 sarnatus,
1567 852 1638 924 2⁰8

465 1031 594 1087 mrsu·
608 1018 697 1107 oqui.
716 1031 928 1105 memnona,
946 1012 1049 1106 idest,
1067 1012 1259 1088 merrdacio
1281 1012 1461 1109 lalsltatls3
1479 1022 1518 1090 ot
1536 1014 1638 1090 olon<

464 1155 482 1208 c
511 1138 624 1209 turma
650 1154 724 1229 pur
745 1140 888 1226 multoc
916 1129 1030 1208 dou'e'
1059 1136 1098 1207 lu
1127 1154 1260 1225 romeu,
1294 1133 1399 1227 quasi
1429 1133 1549 1211 dicat:
1582 1135 1642 1212 illo

464 1272 577 1348 quem
603 1254 719 1351 ungit
743 1253 869 1329 doleat
898 1248 965 1329 vel'
991 1255 1186 1330 erubescat
1211 1254 1443 1349 delalande,
1471 1274 1557 1349 quae
1581 1265 1639 1332 om

464 1372 613 1449 scabies
629 1371 850 1471 contagiosa,
876 1373 962 1469 quia
989 1394 1063 1448 nou
1088 1373 1292 1448 lucrabitur
1317 1373 1416 1449 aliud
1441 1396 1557 1469 quam
1579 1377 1640 1451 ille

463 1494 536 1589 qui.
553 1494 678 1592 scalpit
703 1494 881 1589 scabiem3
900 1494 963 1589 qui
980 1500 1119 1589 quanto
1142 1495 1258 1592 magis
1275 1496 1415 1591 scalpit,
1435 1502 1538 1572 tauto
1558 1514 1638 1571 ma»

463 1613 519 1712 gis
543 1614 741 1690 intenditur
757 1609 792 1707 (¹)
821 1614 1051 1709 incendium3
1074 1615 1156 1690 ideo
1182 1616 1314 1691 melius
1339 1623 1436 1692 meet
1455 1613 1638 1693 dimittere

464 1734 623 1811 scabiem
647 1735 832 1809 intactam.
858 1736 910 1809 Et.
928 1736 1046 1810 reddit
1072 1736 1253 1812 rationem
1279 1738 1335 1812 sui
1368 1738 1463 1834 dicti,
1489 1739 1634 1813 dicem:

464 1853 593 1951 olidae
607 1859 644 1930 lc
662 1876 744 1930 voco
767 1863 828 1930 uro
852 1846 942 1929 sord
968 1859 1111 1931 molesto
1134 1861 1192 1931 nel
1212 1862 1331 1951 primo
1347 1868 1461 1953 queo,
1487 1858 1636 1951 scilicet,

462 1976 709 2071 prima-lacto,
731 1982 856 2051 umen
882 1976 918 2049 in
945 1976 1017 2053 line
1042 1975 1149 2053 faciet
1174 1977 1315 2053 bonum
1338 1979 1519 2074 lrurtum3
1537 1979 1637 2054 undo

461 2094 574 2171 unte
601 2086 740 2172 tmcerd
768 2099 833 2190 poi
860 2100 947 2171 vitot
972 2100 1194 2190 moinum,
1228 2097 1330 2192 idest,
1365 2099 1635 2175 nutrimentum

461 2216 546 2290 vitm
563 2217 720 2309 moralis,
734 2216 822 2312 quia
838 2216 975 2293 scilicet
992 2218 1098 2293 laciet
1117 2218 1288 2294 homines
1303 2218 1514 2295 recoderca
1529 2219 1636 2311 vitiis,

460 2339 601 2428 meando
625 2326 714 2410 sorti
738 2339 886 2430 diymtu,
913 2337 1015 2433 idest,
1041 2337 1189 2432 quaudo
1210 2336 1323 2414 luerit
1342 2339 1443 2414 boue
1462 2339 1636 2432 discussa,

462 2455 671 2532 examinata
709 2462 747 2532 el
779 2457 974 2533 ruminata.
1007 2460 1051 2533 Et
1083 2479 1172 2535 vere
1208 2466 1318 2535 autor
1353 2460 1429 2534 luit*
1455 2461 1637 2555 quodam-

464 2575 573 2651 modo
591 2577 768 2671 propheta
785 2576 869 2671 sibi;
884 2577 970 2671 quia
989 2578 1060 2653 vidi
1074 2579 1229 2655 delacio
1244 2580 1380 2655 multos
1399 2600 1552 2678 maguus
1568 2579 1636 2654 do-

464 2696 592 2790 minos,
610 2695 657 2771 de
674 2717 836 2789 quorum
854 2698 1146 2774 antecessoribus
1162 2706 1273 2774 autor
1286 2691 1323 2793 (²)
1342 2699 1433 2774 dixit
1456 2720 1632 2796 maguum

463 2816 603 2891 malum
630 2816 667 2889 ln
691 2816 784 2891 libro
804 2817 886 2912 isto,
903 2818 967 2911 qui
995 2825 1118 2894 tamur
1143 2841 1292 2895 summe
1315 2820 1470 2917 diligunt
1495 2820 1630 2895 librum

462 2936 573 3011 istum
600 2942 637 3011 et
661 2936 889 3012 delectantur
915 2938 952 3013 in
978 2958 1042 3033 eo;
1061 2945 1099 3013 et
1123 2939 1208 3014 licet
1232 2939 1428 3033 aliquando
1450 2959 1632 3015 verecun-

462 3056 596 3131 dentur
621 3077 668 3131 ex
693 3058 749 3131 his
775 3078 858 3152 quae
883 3066 992 3133 autor
1009 3059 1105 3153 dicit,
1124 3065 1250 3133 tamen
1269 3060 1414 3134 tandem
1432 3059 1636 3134 assentiunt

462 3182 500 3252 et
518 3176 668 3267 dicunt:
687 3199 820 3253 verum
836 3177 931 3253 dicit.
945 3220 995 3233 -
1011 3184 1145 3268 ouesto.
1164 3180 1229 3253 Hic
1246 3178 1485 3276 Cacciaguida
1503 3179 1635 3253 ultimo

462 3298 571 3373 tradit
596 3299 747 3373 modum
774 3300 997 3375 servandum
1015 3300 1051 3374 in
1072 3322 1186 3397 opere
1204 3302 1290 3396 isto;
1308 3308 1346 3377 ct
1367 3302 1529 3377 breviter
1547 3322 1633 3375 sua-

459 3417 521 3493 det
546 3420 644 3513 quod
671 3426 795 3515 carpat
811 3411 847 3513 (³)
876 3412 996 3495 solum
1022 3422 1121 3497 viros
1149 3422 1308 3498 maiores
1336 3443 1403 3519 per
1429 3422 1634 3496 similitudi-

460 3558 544 3613 nem
579 3538 766 3633 propriam
799 3545 835 3615 et
870 3540 1121 3617 manifestam:
1155 3543 1254 3617 unde
1286 3541 1391 3617 dicit:
1423 3547 1546 3630 onusto
1578 3548 1636 3614 tuo

458 3658 576 3749 crido,
595 3657 696 3753 idest,
715 3660 932 3735 exclamatio
953 3665 990 3735 et
1007 3660 1207 3757 increpatio
1225 3662 1412 3756 vitiorum,
1427 3652 1515 3756 sord
1540 3680 1635 3735 conce

342 3802 347 3811 ·
461 3786 560 3852 ocum
584 3781 644 3852 cte
668 3775 782 3874 leniri
806 3783 874 3854 ulte
898 3784 985 3855 mmo
1003 3775 1066 3877 piri
1088 3790 1272 3876 percuote;
1293 3790 1331 3856 et
1356 3789 1412 3858 est
1436 3781 1634 3856 similitudo

461 3898 626 3994 propria:
652 3900 747 3975 sicut
772 3902 870 3975 enim
889 3908 1021 3976 ventus
1038 3903 1100 3976 llut
1122 3902 1370 3977 indifferenter
1387 3903 1425 3976 in
1442 3920 1634 3996 quaecum·

462 4038 536 4111 que
561 4018 668 4093 obvia
694 4018 772 4115 sibi,
798 4020 860 4095 sed
888 4022 1004 4117 magis
1030 4022 1148 4117 quatit
1173 4029 1211 4097 et
1234 4029 1359 4098 movet
1374 4023 1505 4097 altiora
1522 4042 1633 4097 cacu-

461 4139 581 4234 mina;
612 4140 661 4216 ita
691 4162 714 4216 a
745 4140 853 4215 simili
887 4148 996 4217 autor
1029 4142 1279 4218 indifferenter
1310 4142 1426 4238 carpit
1439 4132 1477 4235 (⁸)
1508 4140 1632 4217 omnia

462 4258 560 4352 vitia,
586 4259 650 4334 sed
676 4261 838 4336 maxime
874 4268 1088 4359 magnatum
1122 4268 1158 4337 et
1187 4270 1390 4357 potentum.
1425 4263 1468 4335 Et
1499 4261 1632 4355 subdit,

460 4378 603 4455 diceus:
629 4403 649 4454 e
672 4376 726 4456 uid
751 4403 824 4455 non
837 4387 879 4479 su
892 4403 983 4476 poco
999 4390 1206 4473 orcomento
1223 4385 1258 4456 d'
1271 4404 1376 4473 onor,
1394 4384 1498 4477 quasi
1519 4382 1631 4457 dicat:

462 4498 577 4574 immo
591 4500 675 4577 lacit
689 4524 865 4599 maguum
880 4510 1144 4597 argumentum
1159 4507 1196 4577 et
1213 4502 1362 4577 evidens
1383 4502 1633 4578 testimonium

463 4618 623 4715 honoris
650 4622 738 4716 quia
773 4622 889 4719 magis
924 4630 960 4697 et
995 4622 1126 4697 mullus
1155 4623 1362 4717 persuadet.
1398 4622 1500 4697 Unde
1531 4621 1632 4697 dicit:

458 4733 550 4832 perd
561 4760 635 4833 pur
651 4744 802 4817 turine
821 4745 881 4816 clu
896 4765 961 4816 son
975 4750 1053 4816 note
1078 4744 1115 4815 di
1135 4746 1253 4836 sumo,
1276 4741 1370 4817 sicut
1395 4742 1528 4817 auimae
1555 4761 1633 4816 ma·

522 4930 549 4988 (¹)
565 4926 596 4977 E.
612 4928 772 4991 inconditum
789 4930 856 4981 idco.
1075 4930 1101 4989 (Ἰ
1117 4930 1149 4979 lt.
1165 4935 1243 4981 autor
1257 4931 1306 4981 islo
1322 4929 1393 4980 dixu

523 5003 551 5067 ξ’)
566 5004 597 5055 Ε.
614 5004 707 5069 caput.
1076 5004 1103 5067 (⁸)
1119 5005 1149 5058 E.
1166 5008 1282 5070 corripit.
