4842 6642
829 813 907 881 too·
1219 827 1423 884 counurunr
1447 828 1614 883 rnnnnrsr

826 971 1122 1069 comprehendat.
1140 971 1347 1068 Respondet
1363 979 1473 1048 autor
1489 978 1526 1046 et
1547 972 1653 1065 bene,
1667 969 1766 1065 quod
1784 969 1862 1045 istae
1886 970 1992 1047 dille·

825 1093 952 1170 rentiae
977 1093 1175 1187 naturales,
1191 1093 1321 1186 altum,
1338 1092 1488 1168 bassum
1504 1086 1554 1186 (¹),
1572 1091 1814 1189 longinquum
1835 1112 1909 1166 non
1927 1092 1997 1166 ha·

824 1214 912 1289 bent
936 1216 1059 1289 locum
1084 1213 1145 1307 ibi,
1171 1213 1220 1286 ita
1247 1211 1345 1308 quod
1370 1213 1537 1289 distantia
1569 1211 1637 1288 loci
1663 1233 1738 1286 non
1765 1211 1914 1307 impedit
1941 1212 1995 1286 ri-

823 1333 975 1408 sionem.
1003 1333 1094 1408 Dicit
1119 1353 1228 1431 ergo:
1254 1337 1382 1407 Presso
1408 1355 1427 1404 c
1451 1337 1595 1408 tontmm
1620 1326 1645 1406 li
1668 1326 1714 1406 nd
1732 1355 1808 1426 pou
1833 1329 1880 1408 od
1901 1336 1994 1424 too,

825 1453 929 1548 quasi
955 1453 1062 1547 dicat,
1088 1453 1176 1527 nilril
1201 1460 1389 1549 operatur,
1408 1455 1625 1530 nihillrabet
1651 1454 1790 1549 lacere,
1817 1461 1854 1531 et
1882 1453 1997 1528 reddit

826 1574 1005 1649 rationem
1030 1573 1222 1669 optimam,
1247 1572 1389 1650 dicens:
1416 1571 1488 1666 odd,
1514 1575 1616 1670 idest,
1639 1574 1738 1669 quia,
1756 1577 1792 1648 lo
1817 1577 1915 1666 lcppc
1930 1593 1997 1646 aa·

825 1697 931 1787 dirui,
952 1694 1054 1789 idest,
1072 1701 1216 1768 naturae
1244 1701 1424 1770 naturatae
1443 1695 1500 1770 vel
1521 1694 1717 1788 rationalis,
1734 1697 1832 1768 nulla
1855 1697 1994 1787 rilmua,

825 1815 928 1907 idmt,
955 1814 1041 1888 ninii
1066 1820 1188 1911 portat
1214 1821 1252 1890 et
1277 1814 1420 1888 nullum
1447 1813 1557 1890 habet
1579 1815 1717 1909 locum,
1737 1817 1823 1888 dooe
1843 1816 1913 1887 Dio
1929 1834 1997 1905 po-

824 1956 936 2010 oerna
959 1956 1068 2008 senza
1097 1955 1232 2024 puzzo,
1258 1933 1360 2028 idest,
1387 1934 1424 2008 in
1455 1935 1550 2010 coelo
1580 1955 1766 2032 empyreo,
1799 1934 1862 2009 ubi
1897 1935 1995 2008 Dens

825 2077 900 2130 non
926 2055 1041 2131 utitur
1066 2055 1311 2129 instrumento
1337 2055 1433 2150 coeli,
1458 2055 1552 2130 sicut
1578 2056 1662 2131 lacit
1682 2055 1720 2129 in
1749 2055 1825 2130 istis
1847 2055 1996 2130 inferio-

826 2175 948 2268 ribus;
965 2175 1058 2249 sicut
1074 2174 1193 2271 gratia
1212 2174 1369 2271 exempli
1388 2175 1454 2253 ista
1475 2175 1534 2251 lex
1553 2183 1590 2250 et
1608 2177 1737 2272 regula
1758 2175 1934 2250 naturalis
1943 2166 1996 2268 (¹),

825 2295 961 2369 scilicet
986 2293 1085 2389 quod
1110 2293 1169 2368 illa
1194 2315 1302 2390 spera
1328 2316 1412 2388 quae
1438 2297 1518 2390 plus
1542 2296 1810 2391 appropinquat
1824 2285 1861 2387 (³)
1887 2296 1992 2386 coelo,

824 2422 952 2490 centro
980 2415 1116 2509 muudi,
1142 2420 1198 2490 est
1224 2415 1459 2509 materialior,
1485 2422 1523 2492 et
1547 2436 1632 2510 qnae
1664 2415 1780 2512 magis
1806 2415 1924 2492 distat,
1940 2422 1995 2490 est

825 2535 1025 2629 formatior,
1052 2556 1126 2609 non
1152 2535 1262 2610 habet
1287 2536 1411 2611 locum
1438 2536 1498 2631 ibi,
1524 2544 1562 2612 et
1591 2537 1640 2610 ita
1672 2536 1718 2610 de
1747 2535 1928 2610 omnibus.
1945 2575 1995 2590 -·-

826 2658 892 2730 Net
905 2658 1024 2746 piatio.
1051 2655 1116 2731 llic
1131 2663 1243 2730 autur
1259 2655 1415 2731 ostendit
1432 2655 1618 2751 quomodo
1640 2657 1787 2730 Beatrix
1811 2655 1930 2752 ipsum
1949 2655 1995 2730 ad

826 2775 989 2851 medium
1017 2796 1110 2850 rosae
1127 2775 1292 2870 traxerit,
1310 2783 1347 2851 et
1370 2776 1568 2852 ostenderit
1589 2775 1794 2850 sibitotum
1818 2777 1994 2872 populum

824 2898 1031 2973 beatorum.
1058 2899 1239 2972 Construe
1265 2896 1316 2971 sic
1342 2896 1484 2972 litorum
1511 2918 1595 2992 quae
1616 2897 1713 2972 male
1731 2897 1995 2972 construitura

824 3019 967 3092 multis:
993 3021 1152 3092 Beuuo'ce
1177 3022 1351 3112 uosscmi,
1375 3020 1485 3094 talem
1512 3019 1758 3114 supplement
1781 3014 1801 3092 ἐ
1824 3021 1915 3092 colui
1938 3020 1998 3092 cdo

823 3146 941 3212 luceo
970 3141 1066 3212 dicer
1095 3141 1207 3229 ouole,
1234 3139 1338 3233 quasi
1369 3139 1477 3234 dicat,
1505 3140 1616 3214 traxit
1649 3161 1710 3215 me
1736 3140 1900 3233 tacitum,
1931 3137 1993 3214 sed

823 3265 1016 3353 parantem
1041 3258 1142 3352 loqui
1168 3264 1206 3333 et
1230 3263 1376 3352 petere:
1404 3266 1441 3334 et
1466 3279 1554 3335 ecce
1574 3241 1761 3354 quomodo
1785 3260 1897 3334 traxit
1922 3279 1994 3350 me,

820 3381 882 3476 net
895 3381 1004 3470 piatio
1028 3381 1121 3453 detto
1144 3398 1232 3452 rose
1256 3382 1479 3471 sempiterno,
1507 3379 1608 3474 idest,
1630 3379 1757 3454 liorem
1785 3379 1849 3474 qui
1878 3385 1933 3454 est
1957 3379 1993 3452 in

823 3498 960 3593 medio;
986 3505 1024 3573 et
1047 3498 1153 3574 dicit:
1179 3502 1239 3574 cte
1263 3501 1295 3572 si
1318 3501 1485 3591 riprada,
1510 3500 1613 3594 idest,
1642 3520 1727 3594 quae
1754 3520 1837 3575 rosa
1861 3499 1995 3597 grada-

824 3619 887 3693 tim
913 3618 1135 3713 extenditur,
1161 3641 1180 3692 c
1208 3622 1320 3694 diluta
1350 3622 1517 3694 credule
1547 3623 1639 3694 odor
1668 3623 1706 3694 di
1736 3623 1827 3711 lude,
1853 3641 1900 3697 ex
1927 3619 1995 3694 illis

823 3744 876 3814 tut
902 3737 1051 3813 {loribus
1065 3738 1186 3817 ‚amris
1204 3740 1267 3834 qui
1287 3747 1373 3814 suut
1384 3739 1427 3836 ,in
1444 3761 1500 3833 ea,
1520 3743 1559 3814 al
1572 3744 1628 3815 rol
1642 3742 1703 3814 otc
1717 3761 1854 3832 compre
1871 3761 1995 3830 verna,

822 3858 925 3953 idest,
950 3859 998 3934 ad
1024 3859 1168 3934 radium
1194 3860 1322 3935 aeterni
1349 3860 1434 3936 solis
1459 3861 1536 3957 Dei,
1555 3861 1617 3956 qui
1636 3861 1721 3936 lacit
1737 3860 1785 3936 ihi
1803 3861 1995 3956 sempiter-

823 3999 913 4054 num
940 4000 1018 4075 ver,
1044 3986 1082 4056 et
1107 3981 1205 4056 illam
1235 4002 1357 4056 rosam
1390 3981 1475 4057 lacit
1506 3983 1706 4078 perlectam
1739 3983 1993 4078 pulcritudine,

822 4100 1012 4177 latitudine
1036 4106 1074 4176 et
1098 4101 1225 4195 odore,
1251 4108 1288 4177 et
1312 4122 1459 4198 semper
1483 4109 1689 4197 conservat,
1716 4103 1765 4178 ita
1797 4103 1896 4198 quod
1923 4123 1995 4177 uon

823 4221 929 4296 lloret
952 4220 1000 4295 ad
1025 4228 1171 4317 tempus
1194 4223 1290 4298 sicut
1315 4228 1450 4297 nostrae
1481 4243 1575 4298 rosae
1604 4243 1689 4318 quae
1722 4224 1793 4298 cito
1823 4229 1930 4299 arent
1959 4230 1997 4298 et

824 4347 1048 4418 vanescunt
1061 4342 1106 4416 Et
1130 4343 1272 4419 subdit:
1300 4365 1319 4416 c
1343 4346 1447 4435 disse,
1473 4343 1612 4440 supple,
1629 4344 1690 4419 illa
1717 4344 1875 4439 Beatrix,
1901 4348 1997 4418 roda

821 4469 951 4553 quanto
975 4458 997 4536 e*
1017 4465 1046 4536 il
1068 4471 1237 4540 macene
1262 4466 1349 4538 dello
1373 4463 1515 4538 dionem
1539 4466 1645 4538 sole!
1661 4463 1763 4558 idest,
1782 4463 1865 4538 ride
1882 4471 1921 4538 et
1937 4465 1995 4539 in·

821 4581 919 4676 spioe
944 4590 1124 4676 quantum
1156 4590 1213 4660 est
1241 4583 1436 4681 collegium
1467 4583 1675 4660 animarum
1704 4584 1916 4659 beatarum!
1945 4584 1992 4660 dc

823 4700 955 4795 quibus
979 4702 1072 4778 albis
1101 4703 1201 4778 stolis
1232 4703 1396 4799 loquitur
1425 4703 1608 4779 lohannes
1639 4703 1675 4779 in
1703 4704 1925 4800 Apocalypsi,
1952 4712 1993 4779 ut

885 4889 913 4950 (⁸)
929 4889 959 4939 Β·
975 4890 1087 4950 hm·
1103 4891 1222 4957 longum,
1237 4893 1411 4958 propinarem
1428 4907 1480 4946 non
1496 4895 1600 4946 nouom.

885 4961 1291 5032 niumm-nmmo.
1492 4971 1520 5036 p
1537 4972 1888 5039 xmp-quaerum.
