4842 6642
914 853 1051 908 GANTUS
1075 853 1204 908 NONUS.
1621 842 1644 912 3

470 996 570 1071 mani
596 1016 701 1070 snam
729 995 874 1070 Floram
897 997 1197 1072 formosissimam
1224 1004 1262 1072 et
1285 997 1497 1074 ditissimam
1520 1021 1644 1075 mere-

340 1189 342 1194 ,
471 1117 611 1211 tricem,
647 1123 785 1210 quanto
814 1115 958 1212 dignius
993 1123 1030 1192 et
1060 1118 1249 1193 honestius
1283 1124 1391 1215 poeta
1424 1119 1643 1193 christianus

468 1237 586 1334 potuit
610 1237 754 1312 salvare
780 1236 988 1312 Canitiem?
1013 1237 1106 1311 Dicit
1131 1259 1222 1335 ergo
1255 1239 1450 1314 ostendens
1478 1237 1642 1328 allectio·

469 1378 553 1433 nem
580 1378 685 1434 suam
713 1378 802 1454 erga
828 1377 887 1432 se:
914 1360 970 1432 Ed
992 1379 1071 1432 ecce
1088 1381 1137 1435 un
1153 1362 1248 1433 altro
1266 1363 1303 1433 dt
1324 1362 1428 1453 quelli
1449 1361 1642 1454 splendori,

469 1479 571 1574 idest,
597 1478 791 1573 spirituum
817 1478 1102 1572 splendidorum,
1129 1475 1190 1552 uer
1207 1501 1261 1554 nze
1276 1483 1308 1552 st
1325 1484 1413 1574 fece,
1431 1479 1562 1554 Carolo
1581 1499 1641 1554 re·

470 1599 633 1694 cedente,
659 1621 678 1672 e
702 1601 908 1691 modwenna
932 1601 959 1672 u
980 1619 1045 1671 suo
1071 1601 1167 1672 noter
1188 1603 1378 1693 paucerum
1403 1599 1470 1674 ista
1493 1599 1642 1675 domina

470 1719 708 1816 placidissima
734 1719 801 1794 luit
821 1718 858 1793 in
878 1719 952 1794 vita
975 1720 1130 1813 mortali,
1151 1723 1209 1794 nel
1223 1723 1356 1794 cdiorir
1372 1723 1411 1795 dt
1422 1723 1533 1814 sumt,
1551 1721 1642 1796 idest

469 1843 507 1916 in
532 1840 698 1916 claritate
723 1838 908 1934 exteriori,
928 1839 1014 1934 qrria
1032 1839 1149 1935 magis
1166 1839 1380 1914 scintillabat
1397 1862 1509 1935 quam
1527 1841 1639 1936 prius.

468 1962 512 2035 Et
542 1961 663 2036 subdit
700 1959 799 2055 quod
835 1959 991 2034 obtinuit
1022 1959 1204 2034 licentiam
1243 1961 1415 2055 loquendi
1448 1981 1534 2035 cum
1568 1962 1640 2057 illa,

468 2083 613 2158 dicens:
639 2085 689 2172 nu
713 2083 869 2154 occludi
898 2082 1051 2153 beatrice
1075 2083 1126 2153 clr'
1139 2101 1229 2153 mon
1249 2084 1367 2174 smmi,
1388 2081 1479 2156 idest
1504 2081 1639 2156 firmati

468 2209 504 2278 et
530 2201 604 2297 fixi,
622 2201 707 2296 quia
734 2200 809 2296 ipsa
831 2221 903 2274 non
922 2200 1137 2274 removebat
1162 2220 1227 2275 eos
1252 2221 1275 2274 a
1300 2221 1391 2275 cura
1419 2202 1640 2297 eius,·sermi

466 2326 665 2416 certificate,
691 2321 792 2415 idest,
819 2319 985 2394 lecerunt
1021 2340 1082 2394 me
1113 2320 1365 2416 certioratum,
1396 2324 1434 2394 di
1465 2343 1553 2395 coro
1578 2343 1639 2396 os·

464 2459 580 2537 seno,
608 2442 710 2536 idest,
736 2446 843 2538 grato
869 2459 1062 2534 consensu,
1081 2440 1167 2534 quia
1188 2427 1421 2515 conniventia
1441 2443 1638 2516 oculorum

465 2564 573 2639 dixit:
601 2564 754 2656 loquere
769 2579 909 2654 secum,
928 2563 967 2632 ol
981 2563 1051 2632 mio
1067 2563 1169 2654 disto,
1194 2560 1298 2655 idest,
1315 2560 1518 2636 secundnm
1539 2559 1639 2656 quod

467 2683 731 2776 desiderabam,
745 2701 841 2754 conte
850 2683 952 2773 prio,
965 2680 1067 2773 idest,
1081 2681 1175 2754 sicut
1192 2681 1294 2775 prius
1311 2680 1474 2755 fecerant
1491 2680 1638 2774 quando

468 2805 587 2901 primo
606 2805 781 2897 loquutus
799 2801 849 2874 lui
868 2800 999 2875 Carolo
1016 2820 1137 2894 supra.
1153 2840 1203 2854 -
1215 2803 1301 2874 neu.
1326 2800 1392 2874 Hic
1411 2808 1521 2874 autor
1538 2799 1639 2895 ponit

466 2947 571 3000 suam
598 2923 801 2999 orationem
820 2921 866 2996 ad
883 2921 1019 2996 dictum
1046 2922 1227 3017 spiritum,
1243 2922 1386 2997 dicens:
1408 2924 1516 3016 Dissi,
1545 2920 1639 2996 scili-

466 3055 537 3142 cet,
563 3065 633 3142 ego
657 3045 812 3120 Dentes:
837 3064 860 3115 o
885 3043 984 3116 deute
1009 3046 1133 3136 spirto,
1159 3043 1325 3137 quisquis
1351 3044 1411 3139 sis,
1436 3046 1523 3118 deb!
1548 3045 1641 3118 metti

466 3174 552 3242 msto
576 3185 772 3257 comperce,
800 3161 902 3256 idest,
930 3164 1148 3257 remedium,
1173 3168 1211 3236 ol
1236 3167 1305 3238 mio
1332 3167 1441 3258 noter,
1471 3165 1570 3260 quod
1597 3171 1639 3236 tu

465 3289 559 3363 bene
590 3285 695 3380 nosti,
728 3306 748 3357 e
777 3286 903 3378 sommi
929 3303 1082 3378 pruove,
1111 3265 1202 3358 idest
1233 3285 1508 3379 experientia-m,
1539 3287 1590 3358 clr'
1603 3286 1639 3358 to

462 3428 569 3501 possa
588 3410 626 3484 in
645 3413 676 3480 te
694 3408 834 3499 risletler
850 3407 929 3496 puel
945 3406 1037 3478 clr'io
1053 3425 1183 3498 penso,-
1197 3405 1301 3500 quasi
1325 3405 1440 3480 dicat:
1461 3406 1518 3480 dic
1538 3405 1637 3499 mibi,

466 3545 556 3625 rogo
582 3535 630 3621 te,
656 3527 737 3620 quis
755 3519 792 3618 (⁴)
819 3547 871 3619 es,
897 3525 946 3599 ita
982 3526 1079 3621 quod
1115 3526 1250 3621 possim
1284 3526 1430 3622 aperire
1454 3526 1517 3602 tibi
1551 3547 1639 3601 con·

340 3627 351 3650 ⁴
465 3655 612 3744 ceptum
649 3667 787 3723 meum.
827 3647 870 3720 Et
895 3646 1016 3720 subdit
1051 3647 1322 3741 responsionem
1357 3647 1464 3740 illins,
1490 3646 1637 3722 dicens:

466 3773 555 3844 unde
572 3773 608 3842 la
628 3772 714 3862 tuce,
742 3767 866 3842 anima
891 3767 1002 3860 clara,
1029 3769 1088 3840 cde
1114 3770 1158 3840 m'
1172 3788 1237 3840 ero
1262 3789 1375 3841 uocor
1399 3789 1529 3859 nuovo,
1550 3767 1638 3862 quia

467 3889 628 3966 nondum
657 3907 833 3962 noveram
859 3907 944 3981 que
974 3892 1081 3980 esset,
1104 3888 1161 3961 vel
1183 3887 1281 3962 unde
1307 3889 1365 3962 vel
1396 3908 1513 3983 quare
1543 3892 1639 3962 esset

465 4011 525 4104 ibi,
551 4016 708 4103 sepuette,
737 4008 814 4082 sine
840 4027 944 4081 mora
970 4012 1008 4082 et
1031 4027 1117 4082 cum
1139 4008 1273 4104 laetitia,
1290 4029 1386 4082 conce
1405 4029 1429 4080 a
1446 4012 1501 4082 cui
1516 4011 1554 4081 dt
1575 4009 1639 4082 ben

462 4134 526 4224 sur
549 4133 668 4222 mono,
696 4129 788 4203 idest
811 4129 978 4222 delectat,
996 4130 1054 4202 del
1074 4149 1138 4201 suo
1162 4132 1355 4224 prosondo,
1373 4133 1454 4203 ood’
1468 4133 1534 4202 ello
1551 4132 1637 4222 prio

465 4257 627 4324 motuve.
660 4249 699 4321 ln
729 4251 798 4323 boc
830 4248 943 4344 tangit
978 4248 1077 4342 quod
1108 4249 1233 4324 anima
1258 4251 1326 4324 ista
1351 4249 1524 4323 cantabat
1549 4270 1636 4344 pro-

465 4370 576 4445 funde
608 4369 645 4442 in
678 4367 984 4462 contemplatione
1021 4367 1154 4462 divina,
1187 4375 1387 4461 antequam
1420 4369 1637 4462 loqueretur

465 4490 597 4584 autori,
624 4487 717 4563 sicut
741 4487 878 4562 dictum
906 4492 961 4561 est
985 4509 1109 4582 supra,
1135 4488 1234 4581 quod
1266 4489 1400 4562 animae
1426 4509 1510 4583 quae
1536 4488 1638 4584 prius

464 4616 647 4686 venerunt
685 4629 814 4685 versus
851 4629 938 4684 eum
975 4608 1170 4684 cantabant
1202 4609 1358 4688 Osanna.
1373 4649 1422 4662 -
1436 4613 1477 4682 ln
1511 4613 1635 4701 quello.

465 4731 570 4824 Nunc
595 4732 663 4806 iste
687 4731 834 4827 spiritus
859 4729 1029 4805 describit
1055 4729 1175 4824 primo
1192 4730 1316 4804 locum
1334 4751 1412 4803 suae
1432 4730 1582 4827 originis
1600 4736 1638 4805 et

529 4993 556 5056 (¹)
571 4993 597 5044 S.
613 5007 629 5045 e
646 4998 669 5055 l,
685 4994 801 5058 quisquis
816 5007 852 5046 es.
862 4993 932 5044 -E.
950 4992 1006 5057 quis
1022 5005 1050 5043 as
1066 4995 1103 5052 tu,
1121 4992 1164 5044 ita.
