4842 6642
806 845 946 902 cunnus
971 847 1165 902 vrcesurus
1188 847 1331 902 neruus.
1580 833 1651 902 283

480 989 731 1085 descripturus
756 991 1029 1086 responsionem
1048 991 1143 1066 illius
1167 991 1312 1084 animae,
1331 990 1451 1085 primo
1468 991 1653 1086 praemittit

480 1111 560 1186 cius
590 1115 810 1206 ¹apparatum
837 1110 1023 1206 lestinnm,
1048 1111 1191 1188 dicens:
1220 1115 1301 1186 Non
1330 1114 1432 1184 venui
1451 1113 1573 1202 primo
1598 1114 1671 1184 ut-'

481 1233 637 1305 tuldmrz
657 1233 804 1324 parole,
832 1229 919 1325 quia
945 1232 1004 1305 vir
1030 1232 1125 1307 bene
1145 1229 1416 1326 compleveram
1439 1231 1652 1326 petitionem

481 1370 616 1445 meam,
643 1352 704 1424 cde
726 1353 756 1424 it
777 1353 881 1441 tumr,
906 1350 1011 1446 idest,
1036 1351 1096 1426 illa
1120 1352 1244 1427 anima
1271 1351 1464 1446 luminosa,
1479 1355 1553 1445 [ece
1573 1371 1655 1424 cen·

480 1479 536 1545 tro
553 1473 612 1545 det
621 1491 685 1543 suo
698 1491 834 1564 mezzo,
851 1469 954 1565 idest,
971 1470 1018 1546 dc
1038 1472 1159 1547 medio
1176 1470 1288 1567 ipsius
1305 1472 1449 1565 animae,
1473 1471 1652 1548 volvendo

480 1611 521 1666 se
546 1589 776 1664 circulariter
802 1596 840 1664 et
864 1589 1048 1665 velociter.
1076 1576 1179 1666 Unde
1202 1592 1288 1666 dicit
1313 1614 1333 1666 a
1361 1591 1479 1687 simili,
1496 1594 1653 1683 pirardo

479 1707 519 1785 se*
533 1732 630 1784 come
646 1713 759 1784 veloce
774 1713 879 1783 motu.
892 1751 942 1765 -
956 1713 1030 1784 Poi.
1048 1711 1113 1785 Hic
1130 1717 1240 1786 autor
1258 1712 1357 1806 ponit
1379 1711 1649 1808 responsionem

482 1831 578 1904 illius
601 1831 735 1904 animae
760 1851 844 1924 quae
869 1830 966 1924 dicit,
984 1836 1022 1905 et
1038 1830 1159 1925 primo
1175 1831 1331 1904 ostendit
1349 1851 1460 1925 quam
1479 1837 1517 1905 et
1533 1851 1652 1925 quan-

479 1957 555 2026 tam
581 1951 826 2048 cognitionem
845 1952 956 2026 habet
971 1972 993 2026 a
1011 1951 1108 2045 Deo;
1127 1959 1164 2026 et
1180 1951 1343 2027 breviter
1364 1951 1448 2026 dicit
1466 1952 1651 2045 qrromodo

479 2073 579 2148 Deus
604 2071 873 2168 predestinavit
904 2091 987 2147 eam
1014 2072 1061 2147 ad
1087 2072 1290 2148 nabendum
1324 2079 1462 2146 tantam
1493 2072 1650 2168 gratiam

478 2200 616 2287 quanta
634 2198 690 2268 est
709 2192 859 2268 scientia
876 2214 955 2287 sua,
972 2213 1167 2288 perquam
1186 2195 1399 2288 speculatur
1416 2193 1493 2267 ista.
1516 2193 1652 2268 Ordine

478 2313 530 2388 sic
547 2313 691 2388 literam
717 2319 755 2389 et
779 2333 940 2408 expone:
966 2316 1034 2386 Poi
1056 2317 1198 2387 tumor
1217 2315 1276 2386 rte
1299 2315 1408 2385 doru
1424 2315 1562 2407 dentre,
1582 2315 1653 2388 sci-

477 2435 572 2528 licet,
600 2434 694 2508 intra
720 2433 818 2508 illam
845 2435 980 2528 lucem,
1004 2436 1151 2527 rispose,
1179 2435 1345 2508 subhac
1372 2434 1491 2508 torma
1519 2435 1652 2509 verbo·

481 2575 587 2627 rum:
606 2557 680 2628 tuce
695 2557 829 2646 divine
846 2553 992 2648 scilicet,
1013 2553 1135 2628 radius
1152 2553 1283 2629 divinae
1300 2555 1440 2650 gratiae,
1458 2557 1486 2627 s
1496 2561 1650 2646 nppuntu

478 2695 589 2768 sopra
613 2696 681 2767 unc,
705 2675 809 2768 idest,
834 2675 929 2768 ierit,
950 2678 1181 2768 penetrando,
1205 2675 1309 2767 idest,
1336 2675 1565 2770 perforando,
1585 2697 1651 2767 per

480 2805 612 2890 questa,
641 2796 789 2887 scilicet,
814 2799 936 2870 lucem
955 2817 1089 2890 meam,
1114 2799 1152 2869 iu
1176 2799 1274 2870 ct’io
1295 2799 1526 2892 m’iuoeutro,
1546 2796 1649 2892 idest,

479 2917 516 2990 in
533 2917 640 2992 cuius
657 2917 748 2992 lucis
765 2924 894 2992 ventre
911 2937 981 3013 ego
998 2917 1170 3012 claudor;
1187 2922 1225 2990 et
1242 2924 1296 2990 est
1312 2916 1468 2992 verbnm
1489 2924 1647 2992 tractum

477 3037 524 3112 de
549 3037 708 3113 nomine.
735 3039 779 3111 Et
803 3037 907 3112 dicit:
934 3041 970 3111 to
995 3040 1050 3110 uri
1074 3032 1179 3127 virtu,
1205 3036 1306 3129 idest,
1333 3037 1439 3110 cuius
1472 3037 1562 3110 lucis
1594 3036 1650 3110 di·

478 3158 574 3232 vinae
598 3158 727 3253 virtus,
751 3161 940 3250 conmenta
964 3161 1021 3231 cot
1043 3161 1113 3231 mio
1138 3159 1256 3246 order,
1273 3157 1365 3231 idest
1382 3179 1466 3230 cnm
1491 3178 1573 3232 mea
1594 3158 1650 3231 vi-

477 3277 590 3372 sione,
617 3278 720 3372 idest,
745 3278 1039 3374 cognitione,'mi
1062 3280 1139 3350 teon
1169 3297 1281 3370 sopra
1314 3298 1381 3368 ure,
1407 3276 1509 3370 idest,
1538 3299 1650 3372 super

381 3498 383 3501 Ι
476 3404 648 3472 naturam
674 3397 809 3472 animae
834 3397 1031 3491 rationalis,
1057 3404 1153 3470 tento
1177 3399 1229 3470 ot'
1242 3401 1277 3469 r'o
1306 3401 1429 3489 veppio
1455 3401 1650 3472 [asumma

475 3521 645 3611 asenam,
674 3518 821 3612 scilicet,
847 3516 1019 3611 divinam,
1043 3519 1138 3591 detta
1162 3519 1263 3608 percle
1287 3515 1308 3591 e*
1330 3523 1463 3612 munte,
1482 3517 1583 3613 idest,
1602 3539 1647 3593 ex

475 3656 550 3729 qua
575 3658 723 3712 summa
744 3625 904 3713 essentia
930 3644 985 3712 est
1009 3642 1181 3711 emuncta
1207 3643 1245 3711 et
1270 3638 1452 3711 abstracta
1479 3639 1553 3733 ipsa
1572 3639 1647 3712 lun.

425 3847 428 3850 ἢ
474 3756 520 3829 Et
543 3757 665 3831 subdit
690 3757 788 3853 quod
807 3758 844 3831 in
860 3757 955 3833 dicta
971 3757 1176 3832 elevatione
1194 3763 1268 3830 tam
1288 3757 1359 3829 alta
1380 3757 1505 3850 recipit
1523 3757 1648 3854 cogni·

475 3877 612 3952 tionem
646 3877 745 3952 illam
783 3899 896 3972 quam
934 3877 1053 3969 habet,
1093 3895 1178 3970 qnae
1210 3875 1401 3970 aequaliter
1437 3876 1647 3970 parificatur

475 4015 562 4071 cum
586 3998 670 4074 luce
690 4018 768 4072 sua.
790 3997 883 4072 Dicit
905 4016 1008 4094 ergo,
1026 3999 1141 4088 cunci
1161 3999 1238 4071 trien
1264 3999 1501 4086 talleprezza
1517 4000 1599 4070 ood'
1611 4000 1647 4069 io

447 4119 709 4212 ‘flammeum
737 4119 842 4213 qnasi
868 4117 974 4211 dieat,
1002 4122 1184 4212 quantum
1202 4116 1309 4192 video
1336 4117 1371 4190 in
1396 4117 1484 4211 Dee,
1503 4123 1644 4191 tantum

476 4238 690 4334 resplendeo
714 4245 752 4314 et
776 4239 933 4336 gaudeo,
961 4238 1009 4311 ita
1035 4237 1134 4332 quod
1163 4237 1367 4312 secundum
1404 4237 1645 4330 quantitatem

473 4360 621 4436 visionis
646 4365 702 4434 est
725 4359 912 4454 quantitas
927 4357 1139 4453 splendoris.
1157 4357 1260 4432 Unde
1278 4357 1381 4432 dicit:
1396 4359 1515 4450 perct'
1526 4359 1562 4430 to
1577 4378 1646 4450 pa-

473 4483 611 4573 reppio,
637 4481 740 4575 idest,
769 4479 938 4574 adaeqno,
972 4481 1010 4552 lu
1041 4469 1189 4552 cnaeus
1221 4481 1314 4552 detta
1346 4481 1505 4573 flamma,
1544 4479 1645 4573 idest,

473 4599 686 4696 splendoris,
710 4603 785 4673 utto
811 4602 899 4672 etsta
928 4601 1001 4671 mia
1032 4601 1153 4692 quent
1165 4602 1234 4673 elta
1267 4594 1288 4674 e*
1316 4601 1453 4692 citare,
1491 4597 1582 4673 idest
1595 4592 1647 4692 (¹),

476 4721 575 4816 quod
592 4725 693 4796 tanta
711 4727 767 4795 est
782 4719 928 4795 claritas
945 4719 1093 4794 visionis
1109 4727 1148 4794 et
1163 4721 1379 4816 cognitionis
1393 4739 1497 4815 meae,
1508 4727 1645 4814 quanta

533 4977 563 5039 (¹)
579 4977 610 5030 ll.
626 4980 663 5028 ita
677 4979 757 5042 quod.
