4842 6642
818 832 890 902 sat
1210 846 1418 901 compununt
1442 847 1609 900 rtnnnrsr

816 992 918 1089 idest,
945 998 1094 1089 propter
1119 992 1315 1090 gloriosam
1340 992 1514 1066 virtutem
1538 992 1688 1087 iustitie
1708 992 1877 1088 junctam
1904 1012 1990 1067 cum

815 1112 1026 1205 clementia;
1040 1113 1126 1207 quia
1138 1112 1279 1207 justitia
1297 1112 1376 1185 sine
1391 1111 1585 1187 clementia
1602 1112 1799 1187 crudelitas
1815 1120 1888 1206 est3
1903 1133 1988 1186 nam
2006 1174 2011 1181 .

817 1231 926 1328 impia
943 1238 1000 1307 est
1011 1232 1164 1328 justitia,
1183 1252 1268 1326 quae
1285 1233 1459 1306 bumanre
1476 1231 1658 1327 fragilitati
1676 1252 1749 1306 non
1768 1232 1869 1306 novit
1887 1232 1990 1327 igno-

816 1354 989 1429 merelli
1006 1353 1157 1427 adverte
1174 1352 1272 1446 quod
1290 1372 1378 1425 cum
1397 1358 1557 1425 rostrum
1576 1352 1708 1447 aquilae
1724 1352 1862 1428 diceret
1880 1372 1990 1425 suum

816 1476 1017 1550 exaltatum
1037 1472 1083 1548 ad
1100 1472 1255 1570 gloriam
1276 1473 1363 1567 quia
1380 1472 1431 1546 lui
1446 1468 1484 1565 (¹)
1494 1473 1637 1567 justum
1659 1478 1696 1546 et
1715 1472 1830 1568 pium,
1845 1472 1881 1545 in
1900 1491 1991 1547 cou-

815 1606 923 1691 ceptu
950 1594 1115 1671 interiori
1140 1599 1233 1688 erat,
1265 1614 1331 1668 nos
1361 1613 1492 1667 sumus
1521 1592 1670 1667 exaltati
1700 1592 1747 1667 ad
1776 1593 1883 1666 istam
1910 1592 1991 1688 glo-

817 1716 922 1808 riam,
944 1716 1030 1810 quia
1056 1715 1193 1789 luimus
1214 1715 1305 1810 justi
1330 1720 1368 1789 et
1392 1714 1459 1809 pii;
1477 1718 1515 1788 et
1539 1712 1588 1788 ita
1615 1714 1793 1810 intelligas
1819 1714 1865 1787 de
1889 1714 1988 1788 omui

816 1856 988 1911 sermone
1006 1836 1184 1931 sequenti,
1202 1834 1302 1929 quod
1319 1833 1568 1928 erat-pluralis
1589 1834 1698 1928 intus,
1716 1834 1887 1928 quamvis
1904 1834 1991 1907 loris
2126 1826 2131 1834 ’

815 1956 1049 2052 singulariter
1074 1961 1266 2030 resonaret
1278 1946 1329 2047 (¹).
1343 1995 1393 2009 -
1405 1960 1450 2027 Et
1471 1958 1509 2027 in
1534 1961 1643 2027 terro.
1662 1954 1727 2028 llic
1746 1954 1869 2048 aquila
1887 1954 1991 2028 exal

815 2081 868 2150 tat
894 2097 1000 2149 suam
1028 2076 1201 2150 virtutem
1223 2074 1386 2170 iustitia,
1412 2074 1555 2148 dicens:
1583 2080 1628 2147 nt
1649 2076 1686 2147 io
1710 2076 1832 2147 luscini
1855 2078 1893 2147 to
1918 2076 1990 2146 nnio

815 2200 997 2289 memoria,
1030 2197 1175 2290 scilicet,
1212 2216 1306 2271 meas
1336 2195 1505 2291 justitie,
1539 2198 1578 2268 tn
1611 2202 1740 2287 terro,
1769 2194 1915 2288 scilicet,
1951 2195 1988 2267 in

817 2316 954 2391 mundo
981 2324 1139 2410 terreno,
1167 2315 1254 2410 quia
1267 2305 1306 2407 (³)
1331 2314 1368 2388 in
1395 2314 1568 2389 universo
1596 2322 1653 2389 est
1682 2315 1831 2411 vulgata
1854 2322 1892 2388 et
1924 2334 1988 2388 ce-

816 2436 954 2512 lebrata
976 2436 1116 2531 justitia
1144 2455 1308 2509 romana.
1340 2434 1443 2511 Unde
1467 2434 1572 2509 dicit:
1598 2426 1628 2507 si
1648 2438 1752 2529 sodo,
1781 2434 1884 2525 idest,
1911 2442 1985 2507 tam

813 2556 975 2631 inclitam
1002 2566 1041 2632 et
1067 2557 1257 2649 famosam,
1284 2558 1344 2629 otc
1368 2559 1400 2629 te
1422 2550 1564 2649 pontiti
1588 2557 1762 2647 malvage,
1788 2555 1891 2649 idest,
1909 2562 1985 2629 tam

814 2697 939 2772 pravae
963 2685 1000 2751 et
1026 2676 1160 2771 iniquae
1186 2676 1281 2769 sicut
1310 2682 1397 2751 sunt
1423 2676 1539 2766 bodie,
1557 2678 1787 2750 commendari
1804 2680 1861 2766 tei,
1881 2676 1985 2768 idest,

815 2798 966 2872 laudant
995 2806 1031 2871 et
1064 2797 1262 2893 praedicant
1291 2796 1424 2890 verbm,
1453 2818 1514 2869 mo
1546 2818 1619 2870 non
1644 2818 1775 2887 scpuon
1799 2801 1836 2870 to
1859 2799 1984 2890 storia,
2101 2883 2110 2900 ¹

814 2918 918 3012 idest,
937 2924 1059 2992 tamen
1087 2938 1159 2992 non
1185 2917 1375 2991 imitantur
1401 2918 1552 3014 vestigia
1568 2917 1755 3013 justorum
1782 2917 1986 3012 principum

815 3044 853 3111 et
877 3037 1014 3111 ducum
1042 3058 1295 3112 romanorum.
1321 3038 1365 3110 Et
1390 3038 1449 3112 bic
1474 3046 1560 3112 nota
1585 3037 1685 3132 quod
1718 3043 1830 3112 autor
1855 3038 1890 3110 in
1918 3038 1986 3111 boc

814 3158 1041 3232 verissimam
1062 3158 1124 3231 dat
1140 3158 1374 3251 sententiam3
1393 3158 1493 3252 quia,
1511 3158 1605 3233 sicut
1622 3158 1791 3234 videmus
1811 3158 1858 3232 de
1874 3158 1982 3249 laeto,

814 3276 921 3351 bodie
947 3297 1054 3373 reges
1071 3276 1192 3351 iniusti
1214 3285 1253 3351 et
1269 3279 1414 3373 tyranni
1437 3278 1605 3353 crudeles
1625 3298 1773 3352 summe
1792 3298 1984 3353 commen-

812 3397 899 3470 dant
918 3398 1097 3493 justitiam
1129 3404 1166 3471 et
1199 3398 1432 3473 clementiam
1465 3419 1655 3473 mmanam
1671 3387 1722 3492 (⁴),
1748 3399 1983 3475 libentissime

812 3518 951 3612 legunt,
977 3517 1183 3610 conserunt,
1215 3518 1370 3592 audiunt
1400 3518 1447 3593 de
1470 3518 1610 3612 iustitia
1641 3518 1798 3611 Traiani,
1829 3518 1981 3611 Camilli,

813 3636 999 3734 Scipionis
1022 3640 1178 3733 Catonis,
1200 3638 1246 3713 de
1270 3639 1464 3714 clementia
1486 3639 1566 3732 Titi,
1584 3639 1753 3714 Antonini
1772 3640 1824 3713 Pii
1841 3647 1879 3715 et
1894 3641 1984 3715 alio·

814 3778 898 3832 rum
915 3760 1129 3854 multorum,
1144 3766 1182 3834 et
1198 3766 1324 3835 tamen
1343 3780 1415 3834 non
1429 3768 1638 3854 sequuntur
1654 3761 1822 3855 exempla
1840 3781 1982 3835 eorum.

811 3918 862 3933 —
877 3872 963 3953 dori.
983 3880 1048 3954 Hic
1061 3888 1171 3955 autor
1183 3880 1347 3955 declarat
1368 3880 1465 3954 illam
1485 3881 1709 3977 singularem
1727 3881 1981 3975 loquutionern

811 3999 1070 4094 procedentem
1098 4018 1143 4075 ex
1169 4000 1301 4095 plurali
1327 4022 1394 4096 per
1421 4021 1533 4075 unam
1563 4000 1876 4095 comparationem
1902 4002 1985 4097 pul·

811 4138 913 4193 cram
940 4126 977 4193 et
1001 4120 1201 4215 propriam,
1223 4140 1308 4215 quae
1331 4127 1403 4195 stat
1427 4121 1466 4194 in
1492 4121 1581 4215 boc3
1599 4119 1698 4216 quod
1716 4120 1810 4195 sicut
1833 4120 1882 4196 ab
1908 4142 1984 4195 uno

811 4238 896 4336 igne
921 4240 1016 4315 lacto
1042 4260 1087 4315 en
1114 4240 1240 4314 multis
1265 4241 1390 4335 prunis
1417 4240 1579 4336 procedit
1608 4261 1707 4314 unus
1736 4242 1838 4316 calor
1864 4243 1985 4334 solus3

812 4358 860 4433 ita
891 4378 938 4433 ex
968 4359 1027 4433 illo
1061 4360 1166 4457 signo
1195 4359 1331 4455 aquilas
1360 4361 1519 4435 formato
1554 4380 1600 4435 er
1631 4360 1755 4435 multis
1788 4361 1983 4436 animabus

810 4478 1031 4571 procedebat
1056 4500 1153 4553 unus
1178 4481 1279 4555 solus
1304 4500 1440 4556 sermo.
1467 4481 1560 4555 Dicit
1588 4501 1699 4577 ergo:
1729 4486 1783 4554 dn
1807 4484 1863 4556 sol
1885 4484 1985 4556 calor

810 4601 848 4671 di
871 4602 972 4673 molto
996 4599 1107 4692 brope
1122 4604 1207 4695 riso
1224 4605 1333 4676 scntir
1349 4595 1421 4675 cosi
1437 4624 1533 4675 come
1551 4623 1600 4675 un
1619 4604 1694 4690 sol,
1704 4602 1844 4697 supple,
1863 4622 1982 4695 amor,

810 4722 848 4793 di
881 4723 977 4793 motti
1009 4725 1126 4795 amori
1158 4726 1278 4796 moino
1311 4724 1349 4795 di
1382 4725 1496 4813 quello
1527 4726 1656 4812 inape,
1688 4721 1791 4815 idest,
1826 4722 1986 4819 imagine

875 4908 904 4971 (¹)
919 4908 972 4960 S.e
989 4908 1020 4959 E.
1036 4910 1086 4963 tuit
1099 4912 1208 4976 justum.
1459 4913 1487 4976 (⁸)
1502 4914 1533 4965 Ε,
1549 4921 1662 4965 maren,

875 4986 903 5051 (⁸)
919 4987 949 5038 E.
966 4988 1026 5052 quia
1042 4988 1232 5041 umrmbrer.
1460 4990 1488 5055 (⁸)
1505 4990 1531 5041 s.
1547 5002 1726 5043 romanorum.
