4842 6642
811 871 883 938 tot
1204 883 1409 939 coucnruu
1434 882 1601 937 rnnnorsr

810 1030 972 1124 praedicit
996 1028 1191 1105 vindictam
1220 1030 1292 1104 cito
1317 1030 1482 1103 futuram
1507 1048 1531 1103 a
1555 1028 1670 1122 ooel03
1696 1032 1733 1101 et
1759 1024 1920 1102 breviter
1945 1031 1985 1101 et

809 1150 1072 1227 sententialiter
1107 1149 1186 1225 vult
1216 1149 1350 1245 dicere,
1385 1148 1485 1245 quod
1514 1148 1578 1224 liet
1609 1146 1824 1223 reformatio
1857 1146 1984 1221 mundi

809 1276 1010 1365 autequam
1028 1268 1165 1343 mensis
1177 1270 1339 1366 ianuarii
1353 1269 1390 1344 in
1406 1277 1524 1345 totum
1537 1275 1647 1345 exeat
1664 1275 1809 1363 tempus
1827 1267 1982 1365 hyemis.

808 1390 862 1465 Ad
887 1390 994 1465 cuius
1018 1389 1102 1466 dicti
1129 1390 1405 1487 intelligentiam
1432 1397 1488 1465 est
1509 1389 1789 1485 praenotandum
1808 1388 1907 1484 quod
1925 1408 1986 1463 se·

809 1511 972 1587 cundum
1010 1509 1249 1606 computistas
1285 1532 1404 1586 annus
1440 1510 1551 1586 habet
1580 1516 1763 1587 trecentos
1793 1512 1983 1609 sexaginta

811 1630 976 1727 quinque
1001 1630 1078 1707 dies
1104 1638 1141 1706 et
1165 1633 1278 1706 horas
1301 1652 1379 1727 sen,
1405 1630 1529 1706 miuus
1553 1630 1752 1706 centesima
1770 1650 1855 1726 pars
1874 1631 1984 1707 unius

807 1750 878 1827 dici
896 1746 1107 1827 ‘secundum
1134 1752 1363 1829 subtiliorem
1388 1752 1737 1846 considerationem
1755 1772 1840 1847 quae
1857 1758 1984 1829 cente-

806 1870 899 1948 sima
916 1893 1000 1967 pars
1017 1871 1054 1945 in
1072 1872 1224 1969 siugulis
1240 1878 1391 1948 centum
1405 1872 1509 1948 anuis
1521 1870 1690 1968 producit
1709 1877 1746 1946 et
1763 1871 1850 1949 iacit
1866 1894 1980 1948 unam

807 1994 925 2089 diem;
960 2000 997 2069 et
1030 1993 1112 2069 ideo
1146 1993 1232 2069 dicit
1264 2000 1374 2068 autor
1408 1993 1508 2089 quod
1540 1992 1755 2089 priusquam
1785 1992 1982 2090 januarius

808 2120 917 2189 exeat
941 2114 988 2190 de
1013 2122 1145 2211 quarta
1170 2113 1341 2211 hyemali,
1368 2134 1452 2208 quae
1478 2112 1600 2209 incipit
1624 2112 1662 2187 in
1687 2113 1809 2188 medio
1833 2112 1982 2189 decem

806 2233 895 2327 bris,
919 2254 1005 2309 cum
1032 2234 1086 2309 sol
1112 2240 1167 2308 cst
1192 2234 1369 2330 principio
1396 2233 1613 2329 capricorni,
1630 2240 1668 2309 et
1691 2232 1822 2309 desinit
1846 2233 1884 2309 in
1909 2232 1982 2308 tine

806 2352 973 2449 piscium,
987 2352 1133 2450 scilicet,
1151 2354 1189 2431 in
1206 2352 1403 2429 medietate
1423 2353 1558 2449 martii,
1574 2352 1674 2449 quod
1691 2353 1762 2429 erit
1778 2359 1861 2450 post
1880 2363 1982 2431 trau-

806 2474 916 2549 situm
944 2481 1106 2570 quatuor
1131 2474 1287 2567 millium
1314 2474 1601 2570 quingentorum
1632 2492 1830 2568 annorum,
1862 2474 1981 2549 reior-

809 2596 971 2670 mabitur
997 2595 1168 2670 mundus.
1194 2596 1301 2671 Nunc
1325 2594 1507 2671 descendo
1531 2594 1579 2670 ad
1603 2594 1760 2690 literam,
1779 2614 1892 2690 quam
1917 2614 1982 2669 or·

810 2716 895 2791 dina
921 2721 958 2791 et
982 2722 1156 2791 construe
1172 2714 1244 2791 sic:
1265 2720 1329 2789 llo
1349 2717 1459 2808 questi
1475 2717 1590 2789 cccclii
1602 2718 1758 2809 supervo,
1782 2714 1886 2811 idest,
1902 2714 1982 2789 istac

806 2856 923 2933 sperae
948 2837 1127 2933 celestes,
1143 2858 1328 2930 mpperoo
1351 2829 1382 2910 si
1405 2838 1466 2911 cte
1490 2839 1527 2910 to
1548 2838 1709 2931 sortem,
1729 2834 1876 2931 scilicet,
1893 2856 1982 2931 pro-

806 2978 924 3053 spera,
941 2960 1002 3031 cte
1019 2964 1116 3033 moto
1132 2960 1161 3031 s'
1174 2964 1322 3051 cspetto,
1339 2956 1442 3051 idcst,
1459 2956 1639 3032 adrentus
1656 2954 1773 3051 reltri,
1792 2954 1855 3051 qni
1872 2953 1981 3031 debet

805 3076 992 3174 extirpare
1022 3078 1257 3174 cupiditatem
1284 3078 1331 3154 de
1355 3078 1507 3173 mundo,
1533 3076 1597 3173 qui
1622 3079 1783 3152 multum
1808 3083 1981 3173 expecta·

806 3203 868 3272 tur
902 3205 939 3273 et
973 3197 1221 3293 desideratum
1248 3198 1347 3274 unde
1374 3203 1484 3274 autor
1515 3197 1765 3273 desideranter
1798 3196 1982 3272 exclamat

805 3317 852 3393 ad
878 3318 1015 3393 coelum
1042 3337 1109 3413 per
1125 3310 1162 3411 (¹)
1180 3318 1380 3393 adveutum
1403 3316 1507 3392 istius
1530 3316 1569 3391 in
1593 3315 1800 3413 Purgatorii
1825 3316 1979 3411 cantica,

806 3438 869 3514 ubi
894 3438 997 3513 dicit:
1023 3442 1157 3513 Ocicto
1188 3444 1270 3534 etc,
1290 3428 1441 3531 colperci
1467 3440 1499 3513 te
1516 3457 1634 3533 poppe
1657 3441 1691 3511 rt
1707 3458 1775 3512 son
1799 3440 1831 3511 te
1853 3458 1978 3531 prore,

805 3558 908 3653 idest,
931 3559 1087 3635 mutabit
1110 3559 1364 3659 gubernacula
1389 3558 1517 3635 muudi
1542 3558 1860 3655 percontrarium
1885 3579 1981 3654 prae-

802 3680 913 3756 seutis
943 3702 1086 3776 cursus,
1121 3681 1208 3777 quia
1241 3680 1335 3755 sicut
1366 3701 1466 3756 nunc
1497 3687 1554 3755 est
1590 3680 1628 3754 in
1665 3679 1772 3773 ritiis,
1807 3680 1858 3755 ita
1889 3678 1979 3754 diri·

802 3807 914 3899 getur
938 3800 975 3876 in
1000 3802 1207 3877 virtuosum
1235 3800 1357 3878 tinem.
1384 3800 1488 3876 Unde
1517 3798 1620 3875 dicit:
1653 3792 1773 3874 sicle
1803 3803 1840 3874 to
1870 3802 1983 3874 classe

803 3910 953 3994 corrcmi
976 3923 1116 4016 diretta,
1146 3920 1247 4016 idest,
1274 3920 1461 4017 navigium
1487 3920 1587 4015 quod
1613 3940 1711 3994 nuuc
1734 3917 1807 3994 ruit
1829 3919 1982 4014 oblique

803 4060 870 4139 per
895 4042 1063 4137 scopulos
1089 4042 1277 4137 vitiorum,
1294 4041 1426 4139 diriget
1443 4049 1532 4116 tunc
1557 4060 1709 4116 cursum
1737 4061 1849 4115 soom
1875 4047 1976 4116 recte

802 4161 848 4236 ad
878 4168 1026 4258 portum
1062 4162 1207 4238 virtutis
1232 4169 1271 4237 et
1294 4162 1431 4237 salutis.
1458 4162 1502 4236 Et
1527 4168 1698 4237 notanter
1727 4160 1825 4251 dicit,
1855 4163 1980 4253 classe,

802 4280 888 4377 quia
914 4282 1037 4357 classis
1062 4282 1224 4359 continet
1248 4283 1373 4378 plures
1397 4302 1528 4376 nares,
1549 4287 1587 4357 et
1609 4280 1660 4355 ita
1687 4288 1891 4375 utrumque
1916 4302 1979 4357 re·

801 4400 927 4500 gimen
951 4410 988 4478 et
1013 4403 1261 4480 sacerdotium
1287 4410 1326 4479 et
1350 4401 1564 4499 imperium;
1585 4408 1623 4477 et
1638 4401 1750 4476 etiam
1768 4401 1839 4477 alia
1861 4422 1976 4499 regua

802 4521 930 4597 mundi
955 4522 1050 4599 bene
1079 4524 1295 4621 dirigentur.
1322 4523 1366 4597 nt
1390 4522 1494 4597 dicit:
1520 4545 1541 4597 c
1565 4543 1649 4596 vcro
1671 4525 1781 4616 [mdo
1808 4512 1919 4596 ocrrd
1941 4525 1981 4597 n·

799 4644 858 4735 po'
871 4646 898 4717 it
909 4646 1009 4736 flore.
1020 4645 1097 4721 Hoc
1116 4645 1262 4741 respicit
1278 4645 1314 4721 id
1331 4643 1430 4741 quod
1447 4642 1586 4718 dictum
1603 4648 1659 4718 est
1674 4664 1798 4738 supra,
1820 4643 1920 4739 quod
1933 4636 1974 4738 (¹)

763 4871 777 4879 ἱ
802 4762 971 4838 voluntas
989 4765 1095 4841 floret
1120 4764 1156 4840 in
1182 4764 1403 4860 homiuibus,
1422 4764 1485 4840 sed
1503 4784 1577 4838 nou
1594 4762 1693 4839 venit
1717 4762 1763 4838 ad
1788 4763 1973 4839 fructum:
2043 4867 2054 4883 ὁ

862 5024 890 5089 (¹)
907 5026 932 5079 S.
949 5040 964 5079 c
981 5026 1012 5078 Β.
1029 5042 1077 5092 pro
1093 5029 1216 5081 advento.
1464 5024 1496 5092 ι’)
1511 5026 1542 5079 n
1558 5026 1657 5079 scilicet
1672 5027 1751 5093 qaod.
