4842 6642
804 838 876 907 348
1195 853 1400 910 cuunnruu
1425 856 1592 911 rannnrsr

800 997 980 1093 gentium,
998 1006 1122 1074 mmeu
1148 1019 1222 1074 non
1249 999 1451 1094 meliorem,
1478 1000 1593 1074 immo
1619 1000 1785 1076 viliorem
1815 999 1971 1095 seduxit,

800 1138 885 1212 quae
896 1126 1053 1214 sequuta
1064 1127 1120 1194 est
1132 1120 1340 1214 voluptates
1351 1119 1449 1214 eius3
1459 1120 1557 1196 unde
1570 1122 1667 1195 ultra
1681 1121 1840 1196 rationes
1857 1141 1971 1196 sacrae

797 1239 1056 1334 scriptumest
1077 1259 1122 1313 ea
1147 1257 1233 1334 quae
1253 1238 1358 1313 didici
1375 1261 1398 1314 a
1415 1240 1627 1337 parentibus
1643 1241 1737 1315 meis
1757 1242 1857 1316 soleo
1878 1241 1971 1316 intra
2107 1329 2108 1332 p

798 1360 995 1456 meipsum
1012 1380 1175 1456 arguere
1196 1360 1266 1436 sic:
1284 1361 1421 1436 nullam
1449 1383 1614 1455 unquam
1634 1361 1766 1456 reperii
1787 1361 1970 1436 nationem

797 1479 848 1554 ita
865 1481 1076 1574 barbaram,
1093 1501 1178 1575 quae
1201 1481 1342 1556 viveret
1367 1481 1518 1556 omnino
1543 1482 1621 1556 sine
1648 1482 1842 1578 religione:
1863 1482 1971 1557 modo

800 1600 955 1675 ulterius
967 1601 1088 1674 omnis
1104 1599 1205 1676 natio
1222 1607 1390 1697 tempore
1407 1607 1533 1677 nostro
1548 1608 1647 1676 tenet
1662 1623 1773 1676 unam
1793 1623 1839 1677 ex
1859 1603 1975 1677 tribus
2051 1600 2057 1610 ’

801 1720 921 1815 sectis,
946 1720 1083 1796 scilicet
1116 1721 1316 1816 hebream,
1347 1723 1607 1818 saracenicam,
1638 1723 1871 1798 christianam
1905 1729 1973 1799 etc.

800 1841 845 1914 Et
869 1841 900 1914 si
924 1840 1032 1915 dicis:
1059 1861 1181 1916 nonne
1206 1841 1385 1916 miracula
1412 1840 1548 1917 fiebant
1572 1842 1673 1937 olim,
1699 1843 1793 1918 sicut
1813 1849 1913 1939 patet
1929 1843 1976 1918 de

800 1962 947 2060 Cybele,
976 1961 1106 2036 cribro
1130 1968 1167 2037 et
1194 1962 1428 2058 Vespasiano,
1454 1969 1491 2038 et
1517 1963 1641 2038 multis
1665 1965 1712 2040 de
1737 1964 1872 2058 quibus
1902 1963 1975 2042 Va-

799 2085 914 2159 lerius
931 2089 1129 2158 tractatum
1147 2081 1256 2158 lecit?
1268 2123 1317 2138 -
1330 2087 1456 2158 Finito.
1475 2085 1540 2159 Hic
1555 2091 1665 2159 autor
1690 2085 1861 2160 describit
1881 2105 1978 2182 gau-

798 2205 899 2280 dium
915 2203 1014 2300 quod
1024 2211 1226 2298 sequutum
1244 2211 1299 2279 est
1319 2205 1365 2280 ad
1386 2207 1465 2279 baec
1482 2205 1608 2301 verba,
1626 2213 1664 2281 et
1681 2205 1766 2280 dicit
1783 2204 1881 2300 quod
1899 2209 1974 2280 tota

797 2325 858 2424 illa
883 2325 987 2402 curia
1012 2324 1208 2400 beatorum
1244 2326 1355 2422 coepit
1379 2347 1532 2402 canere:
1563 2332 1608 2400 Tc
1632 2333 1743 2400 Deum
1774 2330 1972 2400 laudamus.

797 2446 890 2520 Dicit
907 2465 1017 2542 ergo:
1036 2448 1151 2518 linito
1170 2455 1302 2539 questo,
1322 2448 1432 2520 t'utta
1452 2453 1679 2538 sortesorte,
1696 2446 1799 2541 idest,
1817 2452 1893 2521 tota
1913 2446 1972 2520 illa

797 2568 906 2643 turba
932 2573 1157 2660 sanctorum,
1182 2560 1305 2640 risond
1325 2589 1394 2661 per
1426 2570 1457 2642 te
1484 2589 1599 2659 spere,
1625 2566 1727 2663 idest,
1762 2587 1827 2664 per
1855 2573 1971 2642 sectas

797 2689 1028 2765 diversarum
1047 2707 1254 2782 sperarum,
1269 2707 1354 2781 quae
1366 2682 1403 2780 (¹)
1426 2707 1556 2762 omnes
1575 2695 1681 2764 erant
1703 2692 1915 2784 aggregatae
1932 2687 1968 2760 in

797 2809 896 2884 illam
915 2816 1085 2883 octavam
1110 2827 1270 2904 speram,
1286 2808 1379 2882 sicut
1392 2808 1470 2903 jam
1493 2808 1610 2903 patuit
1630 2807 1829 2904 supreriori
1843 2812 1971 2882 cantu:

797 2951 847 3004 ua
863 2933 934 3003 Dio
951 2931 1119 3020 todiamo,
1139 2934 1177 3003 et
1193 2927 1301 3003 dicit:
1328 2931 1421 3002 aeliu
1446 2931 1579 3004 melodc
1597 2932 1657 3002 cte
1681 2924 1777 3002 lassi
1799 2932 1831 3002 si
1851 2935 1969 3022 cauta,

798 3049 901 3144 idest,
919 3071 1006 3124 cum
1025 3069 1172 3124 summa
1199 3048 1391 3124 dulcedine
1416 3047 1546 3124 cantus
1572 3070 1656 3144 quae
1682 3070 1755 3124 non
1772 3056 1891 3146 potest
1916 3049 1975 3124 bic

798 3169 1044 3248 manifestari:
1071 3170 1171 3244 uude
1195 3180 1306 3246 autor
1318 3171 1396 3266 jam
1415 3191 1512 3266 saepe
1529 3171 1717 3245 excusavit
1733 3161 1770 3263 (¹)
1791 3191 1832 3246 se
1857 3191 1880 3244 a
1906 3170 1970 3246 de·

796 3290 995 3387 scriptione
1024 3290 1134 3363 buius
1158 3289 1321 3363 altissimi
1347 3297 1477 3365 cantus
1503 3297 1572 3365 etc.

873 3417 907 3484 Ε
928 3414 1008 3504 quet
1031 3411 1156 3484 baron.
1182 3411 1255 3484 lsta
1280 3419 1335 3484 est
1360 3417 1492 3505 quarta
1517 3416 1556 3485 et
1580 3410 1708 3486 ultima
1742 3431 1827 3506 pars
1856 3431 1970 3508 gene·

797 3530 884 3607 ralis
896 3523 947 3626 (³),
973 3531 1010 3606 in
1036 3552 1110 3627 qua
1135 3539 1245 3606 autor
1270 3530 1441 3607 describit
1467 3532 1618 3606 modum
1645 3553 1722 3606 suae
1748 3532 1971 3609 credulitatis

796 3652 833 3727 iu
852 3651 1076 3747 particulari.
1095 3651 1140 3724 Et
1156 3651 1277 3749 primu
1293 3651 1510 3726 continuans
1526 3651 1622 3726 dicta
1640 3649 1800 3726 dicendis
1816 3653 1971 3728 ostendit

795 3770 983 3870 quomodo
1008 3771 1140 3846 Petrus
1164 3771 1423 3867 approbaverit
1449 3792 1554 3845 suam
1582 3769 1836 3847 credulitatem
1855 3773 1971 3867 expli-

796 3899 916 3968 catam
943 3891 981 3966 in
1008 3891 1226 3986 universali3
1254 3891 1353 3966 unde
1376 3891 1478 3966 dicit:
1504 3898 1538 3965 Ε
1560 3895 1639 3984 puel
1666 3893 1794 3985 buron,
1821 3891 1968 3986 scilicet,

797 4015 928 4088 Petrus
953 4014 1016 4109 qui
1043 4020 1099 4088 est
1124 4013 1316 4109 potensin
1342 4033 1457 4110 regno
1486 4013 1564 4108 Dei,
1596 4015 1657 4086 elle
1684 4015 1915 4086 csentinundo
1940 4005 1970 4086 si

795 4137 834 4209 di
856 4155 961 4208 ramo
992 4137 1030 4208 in
1061 4155 1180 4224 ramo,
1205 4133 1353 4229 scilicet,
1379 4153 1446 4230 per
1477 4139 1531 4209 tot
1562 4133 1756 4229 petitiones
1786 4135 1853 4209 sibi
1882 4154 1970 4231 gra-

795 4255 907 4330 datim
941 4255 1064 4350 lactas,
1098 4245 1160 4346 ptd
1198 4260 1305 4328 batto
1340 4255 1385 4326 m’
1406 4273 1510 4344 cuca,
1541 4254 1688 4348 scilicet,
1720 4275 1868 4329 sursum
1903 4273 1970 4349 per

793 4375 967 4451 arborem
995 4374 1089 4470 fidei,
1108 4377 1169 4447 etc
1189 4394 1467 4468 oppressummo
1492 4376 1551 4446 att
1565 4377 1680 4448 utdme
1700 4377 1842 4468 fronde,
1864 4373 1968 4467 idest,

794 4496 964 4571 finalibus
988 4495 1221 4591 petitionibus
1248 4493 1345 4568 circa
1370 4493 1493 4589 fidem,
1518 4487 1733 4587 licemincid,
1761 4496 1898 4592 supple,
1917 4494 1972 4568 di-

770 4636 880 4691 cere
908 4615 1016 4690 mibi:
1043 4619 1080 4689 ta
1103 4618 1236 4708 pruzia
1266 4617 1326 4688 otte
1356 4617 1510 4707 manea,
1536 4613 1638 4710 idest,
1665 4615 1823 4710 beatrix,
1850 4614 1970 4711 gratia

794 4737 859 4812 Ilei
886 4757 987 4830 vera,
1021 4757 1105 4830 quae
1134 4735 1358 4828 dominatur,
1390 4757 1457 4809 con
1489 4739 1525 4809 ta
1550 4743 1611 4809 tua
1636 4743 1759 4829 mcum,
1794 4739 1830 4810 to
1862 4735 1969 4808 bocco

856 4922 883 4984 (¹)
900 4922 926 4972 S·
941 4922 1002 4987 quia
1017 4933 1115 4972 omnen
1419 4919 1448 4984 (Ἰ
1464 4920 1490 4972 S.
1506 4928 1620 4972 excusat.

856 5000 883 5065 l‘t
900 4999 929 5050 n
945 4999 1073 5064 generalla
1088 4999 1167 5050 buius
1182 4997 1298 5064 cepitnll,
1316 4999 1342 5048 ln
1359 5011 1419 5063 qur.
