4842 6642
802 829 874 897 288
1194 843 1398 898 conunrmr
1424 845 1587 899 nannum

799 987 901 1081 idest,
929 990 1090 1084 propalet
1114 1008 1155 1062 so
1179 1009 1246 1084 per
1271 1009 1339 1065 sua
1359 989 1457 1063 vitia.
1471 994 1577 1064 -ln
1597 996 1684 1083 poet.
1706 993 1771 1067 llic
1789 994 1919 1068 Petrus
1933 985 1971 1085 (¹)

799 1107 969 1184 describit
993 1129 1034 1184 se
1059 1130 1081 1182 u
1111 1109 1257 1184 nominc
1282 1109 1441 1205 proprio,
1461 1117 1498 1185 et
1515 1111 1647 1207 duplici
1669 1115 1900 1210 cognomine,
1918 1115 1974 1189 di·

799 1249 907 1304 cens:
933 1233 983 1302 lo·
994 1232 1050 1322 sni
1075 1232 1157 1302 Pier
1182 1232 1363 1303 numiano
1387 1232 1425 1304 in
1450 1234 1530 1322 puel
1552 1234 1665 1324 lnoco,
1691 1233 1875 1329 praedicto,
1902 1234 1974 1310 sci-

800 1351 895 1441 licet,
912 1349 1037 1424 catria.
1056 1351 1099 1423 Et
1116 1349 1239 1424 subdit
1256 1350 1460 1426 secuudum
1479 1372 1685 1450 cognomen
1703 1376 1813 1429 suurn
1831 1355 1971 1440 dicens:

799 1472 885 1564 esni
902 1473 1019 1542 Pietro
1040 1476 1205 1563 peccator
1229 1473 1319 1544 netto
1335 1493 1422 1544 cosa
1446 1474 1484 1546 di
1498 1481 1624 1546 nostru
1643 1478 1788 1561 Donuu,
1808 1473 1912 1569 idest,
1934 1475 1971 1550 in

801 1590 1022 1665 monasterio
1046 1590 1188 1664 Sancta
1214 1591 1336 1666 llariae
1363 1591 1400 1666 in
1430 1600 1540 1688 portu
1569 1593 1615 1669 de
1648 1594 1839 1690 Ravennu3
1874 1598 1972 1674 unde

799 1709 906 1784 dicit:
932 1712 970 1784 in
994 1711 1049 1783 sut
1073 1712 1132 1783 tt'to
1156 1713 1332 1804 Adriano,
1358 1711 1444 1806 quia
1471 1712 1573 1787 locus
1598 1712 1666 1789 iste
1695 1721 1750 1790 est
1780 1715 1817 1789 in
1851 1715 1972 1820 littore

800 1832 912 1907 maris
936 1831 1094 1925 adriaci3
1120 1839 1163 1906 ut
1182 1833 1262 1929 jam
1295 1832 1433 1908 dictum
1469 1840 1525 1910 est
1556 1856 1679 1929 supra.
1714 1836 1758 1910 Iit
1791 1836 1851 1912 hic
1885 1843 1971 1912 uota

799 1953 898 2050 quod
924 1953 1029 2027 multi
1044 1943 1081 2045 (²)
1113 1959 1199 2027 sunt
1231 1954 1370 2050 decepti
1405 1954 1473 2048 tric,
1506 1955 1680 2050 dicentes,
1706 1957 1804 2052 quod
1840 1957 1972 2032 Petrus

800 2081 970 2170 peccator
995 2072 1064 2147 luit
1087 2073 1181 2148 alius
1204 2095 1239 2148 a
1255 2075 1363 2151 Petro
1388 2075 1566 2150 Damiano
1591 2076 1637 2151 de
1663 2077 1794 2152 eodem
1817 2077 1971 2170 ordine;

800 2195 898 2291 quod
922 2200 977 2270 est
1006 2194 1149 2291 ponitus
1177 2193 1332 2289 falsum3
1362 2195 1476 2269 immo
1509 2196 1640 2270 Petrus
1669 2197 1869 2273 Damianos
1904 2218 1971 2273 vo·

799 2316 895 2394 cavit
919 2336 960 2392 se
984 2315 1135 2390 nomine
1162 2315 1311 2412 proprio
1337 2315 1373 2390 in
1399 2316 1519 2411 primo
1553 2317 1633 2394 loco
1668 2317 1811 2412 catriae3
1843 2318 1879 2392 in
1912 2338 1972 2394 se-

799 2439 919 2513 cundo
945 2457 1034 2512 vero
1058 2436 1176 2533 gratia
1192 2427 1229 2528 (³)
1256 2455 1413 2511 summm
1438 2435 1652 2512 humititatis
1677 2437 1822 2513 vocavit
1839 2457 1879 2512 se
1902 2437 1972 2512 Pe-

800 2566 898 2632 trum
935 2562 1353 2654 peccatorem-Pacu
1388 2559 1469 2630 nitra
1505 2555 1569 2631 llic
1605 2558 1737 2632 Petrus
1770 2556 1971 2632 Damianos

798 2678 969 2754 describit
994 2698 1035 2754 se
1059 2699 1083 2752 a
1107 2677 1283 2774 dignitate
1308 2697 1374 2752 sua
1401 2675 1488 2771 quia
1515 2676 1552 2751 in
1576 2683 1766 2752 senectute
1792 2676 1859 2752 luit
1884 2697 1971 2771 pro-

801 2807 924 2873 motus
948 2798 994 2873 ad
1020 2797 1299 2892 cardinalatum,
1325 2797 1464 2873 dicens:
1492 2803 1600 2872 Poro·
1613 2802 1683 2873 m'tu
1701 2802 1833 2873 mortui
1847 2801 1893 2872 m'
1906 2819 1971 2872 eru

799 2924 947 3012 rimoso,
968 2918 1054 3014 quia
1073 2939 1206 3014 parum
1225 2917 1501 3014 supervicturus
1520 2939 1636 3012 eram,
1653 2921 1796 3011 quondo
1810 2922 1865 3014 sni
1880 2921 1970 2993 elie-

797 3048 852 3115 sto
884 3062 902 3113 e
933 3046 1039 3114 notio
1074 3061 1097 3111 α
1130 3040 1208 3130 quet
1238 3041 1406 3131 cappello,
1439 3037 1585 3132 scilicet,
1614 3038 1905 3134 cardinalatum3
1933 3045 1971 3114 et

798 3159 902 3236 dicit:
929 3161 988 3233 cde
1014 3179 1084 3252 pur
1108 3160 1146 3232 di
1169 3160 1261 3232 mule
1284 3161 1322 3231 ia
1342 3159 1470 3250 peppo
1504 3160 1535 3230 si
1569 3165 1728 3252 tracum,
1762 3147 1900 3252 quia(*)
1933 3159 1969 3232 in

797 3280 874 3355 dies
902 3279 1123 3374 depravatur
1148 3287 1186 3354 et
1210 3277 1410 3352 devoratur
1436 3297 1502 3373 per
1530 3277 1690 3352 111111-
1710 3283 1832 3354 Venae.
1851 3271 1967 3370 llicl⁵l

798 3399 914 3498 potest
939 3421 1020 3476 esse
1045 3400 1170 3495 quinta
1197 3420 1282 3494 pars
1301 3398 1494 3495 generalis
1514 3397 1576 3473 ubi
1594 3399 1725 3474 Petrus
1742 3404 1887 3495 sumpta
1906 3419 1969 3473 oc-

796 3521 942 3597 casione
967 3541 1014 3596 ex
1038 3520 1134 3594 dicto
1159 3539 1229 3592 suo
1254 3518 1457 3615 digreditur
1481 3519 1527 3594 ad
1554 3519 1838 3615 vituperandum
1872 3539 1968 3615 prae-

796 3643 888 3720 latos
921 3641 1087 3716 moderni
1121 3639 1308 3736 temporis,
1340 3640 1403 3736 qui
1436 3639 1564 3715 vivunt
1599 3623 1714 3738 magis
1749 3642 1967 3737 voluptuose

796 3784 909 3858 quam
943 3762 1234 3858 contemplative.
1270 3762 1314 3835 llt
1346 3767 1387 3836 ut
1419 3761 1563 3838 cautius
1595 3768 1633 3836 et
1668 3760 1871 3838 evidentius
1908 3782 1969 3838 re-

796 3883 997 3981 prehendat
1033 3904 1107 3976 eos,
1145 3883 1265 3979 primo
1303 3881 1536 3957 commendat
1575 3881 1686 3957 vitam
1729 3882 1890 3958 sobriam
1930 3890 1968 3958 ct

796 4010 960 4079 sanctam
985 4003 1150 4100 priorum
1176 4009 1380 4099 pastorum,
1401 4001 1542 4077 dicens:
1573 4006 1684 4074 Venae
1704 4004 1846 4095 ceptus,
1865 4001 1966 4094 idest,

796 4125 936 4218 Petrus,
951 4123 1014 4218 qui
1028 4111 1386 4219 interpretabaturl⁶)
1405 4121 1525 4216 caput,
1544 4119 1630 4216 quia
1649 4121 1717 4195 luit
1742 4127 1852 4217 caput
1871 4122 1968 4217 Apo-

795 4246 974 4319 stolorum
1000 4249 1038 4319 et
1064 4243 1204 4338 primus
1229 4261 1333 4338 papa,
1360 4265 1378 4316 e
1405 4261 1512 4315 venne
1536 4243 1563 4316 il
1591 4263 1687 4333 pron
1718 4244 1847 4316 casello
1879 4243 1968 4316 delto

795 4369 924 4459 Spiritu
949 4369 1070 4457 Suom,
1097 4362 1198 4460 idest,
1225 4364 1362 4438 Paulus
1389 4361 1510 4438 socius
1527 4361 1637 4458 Petri,
1656 4361 1719 4457 qui
1740 4369 1893 4438 vocatus
1914 4369 1969 4438 est

795 4485 1079 4579 coelectionis,
1106 4484 1199 4559 sicut
1225 4489 1279 4558 est
1306 4481 1481 4579 scriptum
1510 4488 1546 4556 et
1571 4481 1778 4578 expositum
1807 4481 1968 4558 secundo

854 4684 881 4745 (¹)
897 4683 928 4732 Ε.
944 4683 1038 4734 Petrus
1053 4683 1101 4733 iste
1117 4681 1249 4732 describit.
1446 4677 1473 4741 (¹)
1490 4679 1520 4728 E.
1538 4679 1615 4729 multi
1632 4679 1797 4741 decipiuntur
1815 4679 1866 4728 iric.

855 4759 882 4820 (⁸)
898 4759 923 4809 S.
939 4759 967 4808 iu
982 4759 1085 4823 slpum
1100 4771 1219 4810 summa.

855 4838 883 4896 ι’)
899 4836 929 4886 Ε.
945 4836 1006 4900 quia
1022 4835 1057 4886 ibl
1073 4836 1128 4886 dier
1144 4835 1319 4899 daprmntur
1335 4839 1362 4884 ct
1380 4833 1539 4884 devorantur
1555 4845 1602 4896 per
1618 4833 1688 4884 11111.
1724 4875 1743 4883 ..

856 4913 883 4975 (¹)
900 4913 931 4963 B.
947 4913 1010 4963 linc
1027 4918 1111 4976 potest
1124 4925 1181 4964 enm
1195 4914 1285 4977 quintu
1301 4925 1360 4976 porr
1378 4909 1503 4976 generalis
1520 4910 1596 4961 huius
1612 4909 1728 4974 mpltull,
1744 4907 1798 4958 ubi.

857 4991 883 5054 (ἢ
900 4991 930 5042 Ε.
947 4993 1142 5056 iuterpretatur.
