4842 6642
807 850 878 916 258
1196 859 1402 914 COMENTUM
1427 861 1592 914 rnnnnrsr

805 1011 960 1100 mortali,
986 1005 1073 1102 quia
1100 1005 1200 1078 visus
1224 1006 1358 1099 aquila
1391 1007 1425 1080 in
1458 1007 1595 1081 mundo
1629 1006 1695 1094 isto
1726 1015 1781 1080 est
1811 1013 1886 1080 tam
1914 1027 1980 1100 p0·

806 1137 886 1204 tens
924 1136 961 1203 et
1000 1127 1112 1221 sortis,
1139 1127 1236 1221 quod
1276 1129 1374 1202 solus
1406 1128 1501 1202 videt
1534 1135 1571 1202 et
1605 1117 1678 1222 pa'ti
1708 1133 1825 1222 potest
1861 1127 1982 1202 radios

807 1251 961 1343 solares;
988 1268 1078 1344 ergo
1105 1249 1222 1322 multo
1250 1247 1378 1322 iortius
1404 1249 1462 1322 illa
1482 1248 1608 1341 *aquilo
1638 1247 1854 1322 immortalis
1883 1247 1980 1322 videt

806 1377 843 1444 et
869 1369 994 1444 vidore
1020 1375 1137 1464 potest
1165 1368 1284 1442 radios
1310 1370 1394 1443 solis
1414 1369 1576 1465 justitie,
1603 1369 1738 1444 seilicet
1768 1369 1845 1462 Dei,
1871 1390 1916 1441 or
1949 1374 1982 1443 rt

807 1494 890 1564 ouol
910 1493 1110 1582 ripuordar
1123 1493 1304 1582 asamona
1328 1495 1366 1563 ln
1391 1512 1464 1584 me;
1491 1497 1528 1564 et
1553 1490 1673 1565 subdit
1690 1511 1841 1566 causam
1860 1511 1978 1584 quare

807 1611 991 1704 praecipue
1007 1611 1138 1684 oculus
1163 1610 1208 1682 sit
1235 1609 1477 1706 inspiciendus
1503 1611 1539 1683 in
1566 1631 1630 1703 ea;
1657 1601 1744 1704 quia
1761 1611 1980 1686 constitutus

807 1736 862 1804 est
874 1749 920 1802 ex
934 1728 1253 1804 excellentioribus
1267 1730 1468 1825 spiritibus3
1483 1730 1581 1804 unde
1594 1730 1694 1805 dicit:
1701 1727 1830 1823 percle*
1840 1733 1980 1825 dc’sao-

807 1851 861 1922 alti
883 1853 1013 1923 ond'io
1035 1853 1155 1942 fipurn
1177 1853 1314 1944 forami,
1341 1849 1442 1942 idest,
1470 1871 1514 1924 ex
1548 1849 1731 1958 spiritibus
1764 1850 1977 1924 ardentibus

809 1989 855 2043 ex
882 1969 1016 2063 quibus
1042 1991 1124 2042 surn
1152 1970 1308 2066 figurata
1334 1975 1371 2044 et
1397 1969 1626 2063 confirmata,
1643 1973 1758 2068 quelli,
1776 1973 1866 2044 ande
1886 1973 1981 2045 l'oo-

808 2092 883 2163 clio
908 2093 957 2164 mi
979 2093 1129 2163 sanatio
1151 2093 1189 2163 ia
1216 2097 1311 2180 osto,
1339 2090 1441 2182 idest,
1468 2090 1516 2163 illi
1534 2090 1682 2185 spiritus
1707 2090 1980 2185 splendidiores,

809 2230 856 2284 en
883 2211 1016 2304 quibus
1042 2211 1172 2284 oculus
1197 2211 1421 2305 compositus
1446 2217 1512 2304 est,
1530 2231 1594 2283 son
1616 2213 1790 2288 deomant
1813 2213 1851 2284 di
1875 2215 1981 2285 tullii

810 2332 889 2403 loro
913 2334 1034 2422 prodi,
1055 2331 1158 2425 quasi
1185 2331 1298 2404 dicat:
1325 2338 1410 2404 sunt
1436 2331 1503 2403 viri
1529 2330 1664 2403 summi
1692 2337 1729 2404 et
1754 2325 1981 2404 maximis-

814 2455 920 2526 colui.
947 2452 1012 2526 Hic
1036 2452 1158 2545 aquila
1186 2451 1309 2546 incipit
1335 2471 1536 2526 numerare
1561 2451 1794 2547 singulariter
1818 2472 1880 2526 sex
1908 2452 1982 2547 spi-

810 2572 901 2645 ritus
927 2571 962 2644 in
989 2572 1097 2644 oculo
1123 2592 1201 2645 suo.
1229 2573 1272 2644 Et
1299 2572 1438 2666 primus
1464 2592 1575 2665 qinom
1604 2573 1768 2646 nominat
1786 2579 1840 2646 est
1858 2573 1982 2662 David,

810 2711 922 2784 quem
951 2699 1141 2785 tamquam
1167 2690 1421 2787 dignissimum
1448 2691 1601 2765 collocat
1627 2691 1662 2764 in
1689 2693 1810 2767 modio
1829 2714 1895 2787 pro
1912 2715 1982 2788 pn-

809 2811 905 2907 pilla,
930 2811 1016 2906 quia
1045 2811 1112 2883 luit
1138 2830 1202 2884 rex
1224 2811 1355 2906 justae,
1374 2812 1548 2905 propbeta
1570 2811 1752 2885 maximus
1770 2821 1807 2886 et
1827 2813 1983 2886 bellator

809 2933 1043 3026 fortissimus3
1070 2930 1155 3004 dicit
1179 2951 1288 3028 ergo:
1319 2936 1416 3005 llolal
1439 2935 1499 3005 alte
1524 2936 1596 3005 luco
1619 2935 1657 3004 in
1682 2953 1817 3022 mezzo,
1845 2933 1981 3007 scilicet

810 3053 918 3146 oculi,
942 3074 1009 3146 per
1028 3055 1178 3145 papilla,
1203 3052 1305 3145 idest,
1333 3059 1522 3145 tamquam
1558 3053 1705 3146 pupilla,
1733 3057 1773 3145 sa
1801 3056 1829 3126 lt
1857 3061 1983 3126 cantor

810 3175 900 3246 dello
926 3175 1055 3264 spirito
1073 3176 1195 3261 sona,
1215 3171 1316 3262 idest,
1339 3169 1450 3246 David
1477 3173 1539 3264 qui
1567 3171 1700 3267 Spiritu
1723 3171 1856 3248 Sancto
1874 3173 1984 3266 inspi-

811 3301 914 3368 ratus
939 3293 1081 3385 cecinit,
1108 3292 1209 3384 idest,
1237 3291 1465 3386 prophetavit
1493 3292 1656 3366 loturam
1685 3292 1984 3386 incarnationem,

810 3412 1015 3508 passionem
1042 3421 1111 3487 etc.
1138 3413 1261 3487 Potest
1287 3413 1397 3486 etiam
1424 3412 1492 3486 dici
1519 3419 1659 3507 cantor,
1686 3413 1772 3506 quia
1798 3412 1985 3509 descripsit
2014 3421 2017 3430 '

811 3534 970 3629 psalmos
1001 3553 1088 3607 suos
1118 3533 1155 3607 in
1186 3533 1267 3608 stilo
1295 3533 1458 3627 metrico,
1486 3533 1549 3606 sed
1574 3553 1621 3608 ex
1648 3533 1884 3608 translatione
1911 3555 1983 3608 non

810 3653 879 3727 tuit
910 3660 1053 3727 servata
1089 3653 1147 3728 len
1183 3654 1313 3748 metri;
1351 3660 1474 3728 tamen
1510 3653 1658 3728 evidens
1694 3654 1839 3751 signum
1877 3655 1986 3729 buius

809 3780 921 3867 exat,
936 3773 1036 3869 quod
1049 3774 1177 3868 psalmi
1195 3775 1316 3848 adhuc
1335 3774 1492 3850 retinent
1506 3775 1704 3867 quamdam
1726 3775 1884 3848 formam
1906 3795 1985 3848 me-

812 3895 877 3968 tri:
904 3901 989 3967 sunt
1015 3894 1113 3967 enim
1131 3892 1287 3968 distincti
1307 3915 1372 3988 per
1390 3894 1589 3969 versiculos
1607 3902 1689 3989 etc,
1709 3894 1790 3970 ideo
1809 3895 1902 3969 bene
1919 3915 1985 3989 ap·

811 4015 921 4109 pellat
946 4033 1034 4088 eura
1056 4020 1259 4107 cautorem,
1277 4014 1363 4107 quia
1382 4014 1546 4088 carmina
1564 4021 1772 4108 cantantur,
1794 4021 1830 4088 et
1852 4015 1986 4089 babent

812 4134 848 4206 in
874 4153 915 4208 se
941 4134 1059 4230 legem
1087 4133 1247 4207 musicae.
1276 4134 1318 4205 Et
1344 4133 1514 4209 describit
1530 4127 1567 4226 (¹)
1594 4134 1711 4229 ipsum
1740 4134 1983 4228 specialitora

811 4255 971 4348 quodam
998 4261 1084 4328 actu
1116 4254 1340 4348 humilitatis,
1373 4255 1515 4330 dicens:
1550 4257 1609 4328 olle
1641 4247 1814 4329 tranrlold
1846 4257 1987 4344 lurco,
2062 4287 2071 4303 ·

812 4374 914 4468 idest,
947 4395 1072 4449 arcam
1105 4375 1263 4468 loederis,
1289 4375 1335 4450 de
1360 4396 1436 4470 qua
1460 4376 1697 4451 translatione
1721 4376 1897 4473 scriptum
1932 4384 1988 4451 est

812 4496 1019 4600 Purgatorii
1045 4495 1189 4570 decimo
1215 4496 1385 4591 capitulo,
1412 4499 1450 4569 di
1475 4500 1559 4569 otllo
1583 4501 1621 4570 ln
1646 4500 1743 4584 oilla,
1769 4497 1915 4592 scilieet,
1941 4497 1987 4572 de

758 4696 761 4703 Δ
812 4615 922 4689 domo
947 4614 1160 4710 Arninadab,
1178 4615 1242 4710 qui
1264 4615 1397 4690 eratin
1415 4615 1578 4709 Gabaon,
1599 4616 1782 4712 usquead
1803 4616 1987 4692 civitatem

812 4735 935 4810 David.
964 4737 1007 4810 Et
1035 4736 1156 4811 subdit
1182 4737 1281 4830 quod
1314 4757 1412 4811 nunc
1443 4737 1580 4834 gaudet
1606 4739 1650 4810 in·
1670 4737 1821 4832 praenrio
1852 4737 1909 4811 sui
1936 4739 1989 4811 la-

874 4999 901 5059 l¹l
918 4999 948 5050 E.
965 4999 1088 5050 describit
1103 5013 1173 5050 cunr.
