4842 6642
812 771 881 835 222
1203 778 1407 834 concursus
1432 780 1596 833 ransom

810 928 910 1021 idest,
937 948 1094 1024 pausare
1120 926 1179 1019 ibi,
1208 925 1271 999 nbi
1296 926 1424 1021 prime
1443 924 1577 999 animm
1596 917 1925 1019 quietaver'antl*);
1944 933 1982 999 et

809 1049 912 1123 dicit:
947 1050 1136 1137 cantando,
1163 1048 1282 1136 credo,
1306 1049 1334 1119 u
1356 1046 1434 1136 beo,
1467 1044 1571 1138 idest,
1595 1045 1786 1121 laudantes
1818 1046 1978 1121 divinam

805 1170 995 1263 justitiam,
1016 1172 1075 1241 cte
1092 1186 1116 1241 u
1132 1162 1171 1241 sc*
1185 1169 1217 1239 tc
1236 1186 1370 1256 moue,
1390 1166 1491 1258 idest,
1513 1187 1597 1259 quae
1616 1165 1738 1262 dirigit
1753 1186 1818 1241 eas
1839 1166 1876 1239 in
1894 1186 1984 1241 con·

811 1289 1083 1385 temptationem
1110 1288 1177 1363 sui.
1206 1288 1248 1361 Et
1270 1287 1329 1361 tric
1346 1291 1443 1380 nota
1462 1285 1560 1379 quod
1584 1293 1694 1360 antor
1720 1285 1802 1361 ideo
1828 1285 1929 1382 lingit
1944 1277 1983 1377 (¹)

809 1410 998 1505 praedictas
1016 1410 1155 1483 animas
1173 1408 1356 1503 quievisse
1373 1407 1410 1481 in
1428 1406 1557 1480 ultimo
1576 1406 1766 1498 vocabulo,
1779 1398 1981 1501 torum&

812 1537 853 1605 ut
879 1550 945 1627 per
970 1532 1040 1605 lroc
1065 1530 1126 1605 det
1152 1528 1313 1624 intelligi,
1335 1527 1433 1622 quod
1458 1526 1577 1602 omnis
1597 1526 1736 1622 justitia
1764 1526 1917 1601 istorum
1944 1533 1982 1602 et

806 1652 904 1745 justa
931 1650 1094 1746 operatio
1120 1649 1285 1723 ordinata
1312 1650 1437 1723 estad
1463 1647 1573 1722 linem
1600 1647 1695 1721 bene
1719 1654 1757 1721 et
1784 1647 1891 1723 beate
1910 1670 1981 1745 gu-

812 1770 987 1844 bernandi
1018 1771 1310 1845 terram-Pol
1338 1789 1443 1841 conve.
1471 1768 1535 1841 llic
1559 1774 1669 1841 autor
1697 1767 1854 1841 ostendit
1888 1789 1982 1864 quo·

813 1890 921 1965 modo
946 1911 992 1966 ex
1018 1890 1114 1965 dicto
1143 1891 1224 1965 loco
1254 1887 1540 1963 innumerabiles
1570 1888 1704 1961 animae
1735 1895 1982 1963 surrexerunt

726 1995 737 2017 ⁸
813 2012 860 2085 ad
886 2010 1115 2086 formandam
1143 2010 1299 2106 figuram
1327 2008 1604 2102 uniusaquilae3
1631 2014 1667 2080 et
1694 2008 1762 2081 hoc
1783 2029 1848 2101 per
1867 2030 1978 2083 unam

812 2131 1122 2226 comparationem
1149 2130 1386 2205 domesticam
1413 2136 1451 2204 et
1477 2148 1728 2222 communem,
1746 2148 1831 2221 quae
1858 2136 1982 2205 tamen

813 2253 959 2348 proprie
972 2240 1009 2345 (⁸)
1022 2250 1244 2347 applicabilis
1260 2250 1306 2324 ad
1324 2270 1434 2323 suum
1454 2250 1679 2345 propositum
1694 2276 1703 2342 ;
1721 2257 1758 2325 et
1776 2250 1930 2325 finaliter
1943 2242 1981 2343 (³)

813 2372 889 2447 vult
915 2372 1037 2447 dicere
1063 2370 1161 2465 quod
1189 2370 1350 2443 maxima
1378 2369 1573 2443 multitudo
1606 2370 1872 2465 splendentium
1905 2371 1983 2445 anl-

815 2514 960 2568 marum
987 2512 1144 2588 surgens
1173 2492 1220 2566 ab
1253 2490 1314 2565 illo
1339 2496 1390 2581 ll,
1416 2491 1526 2585 coepit
1553 2492 1678 2565 volare
1712 2492 1805 2565 sicut
1829 2512 1851 2565 a
1876 2491 1982 2565 simili

814 2634 946 2709 magna
979 2612 1080 2707 copia
1116 2611 1325 2686 ardentium
1356 2611 1563 2686 favillarum
1601 2612 1752 2686 resultat
1783 2631 1830 2685 ex
1864 2612 1983 2707 stipite

812 2753 978 2826 accenso,
1006 2732 1152 2827 quando
1179 2739 1278 2805 totus
1302 2731 1437 2829 ignitus
1463 2731 1613 2807 fricatur
1630 2750 1741 2828 super
1761 2732 1892 2827 ipsum.
1913 2732 1983 2807 Or·

811 2852 895 2929 dina
921 2854 972 2927 sic
998 2854 1161 2927 literam:
1190 2855 1255 2927 Poi
1276 2847 1337 2944 piri
1361 2853 1399 2924 dt
1423 2855 1526 2941 mitte,
1549 2850 1651 2945 idest,
1673 2851 1798 2926 multae
1820 2852 1983 2926 lucentes

815 2974 961 3068 animus,
984 2994 1119 3067 poroor
1144 2976 1305 3064 risurper
1330 2976 1462 3066 quiam,
1491 2972 1594 3066 idest,
1620 2972 1667 3045 ab
1692 2972 1760 3047 isto
1785 2978 1835 3064 M,
1857 2973 1919 3047 ubi
1942 2993 1984 3047 se

812 3093 1092 3187 collocaverant,
1117 3114 1135 3165 e
1159 3096 1260 3187 sotir,
1292 3091 1437 3185 scilicet,
1456 3114 1618 3187 sursum,
1645 3096 1730 3184 quot
1749 3096 1857 3186 ussat,
1879 3093 1984 3186 idest,

813 3214 934 3306 aliqua
949 3204 987 3305 (⁶)
1018 3214 1188 3308 multum,
1207 3215 1293 3305 quot
1301 3234 1406 3308 poco,
1427 3212 1628 3287 secundum
1648 3214 1884 3310 capacitatem
1903 3215 1985 3312 glo·

816 3333 895 3426 riae3
923 3333 1021 3409 uode
1047 3334 1151 3408 dicit:
1169 3328 1199 3407 si
1215 3355 1311 3407 come
1328 3336 1354 3406 v'l
1367 3336 1423 3407 sol
1436 3335 1497 3407 cte
1518 3336 1702 3408 laccende
1717 3338 1861 3429 sortitio,
1882 3334 1984 3427 idest,

812 3454 906 3529 sicut
931 3454 1040 3545 Deus,
1066 3455 1129 3549 qui
1145 3446 1181 3547 (⁷)
1211 3455 1264 3529 sol
1285 3454 1436 3550 justitiae
1462 3454 1617 3529 illustrat
1647 3475 1721 3548 eas,
1752 3455 1987 3549 praedestina·

814 3577 864 3650 vit
889 3597 971 3669 eas;
998 3583 1035 3651 et
1060 3576 1129 3651 noc
1148 3576 1325 3669 lecerunt,
1343 3596 1439 3650 come
1455 3576 1701 3651 innumerabili
1714 3578 1835 3670 sacillo
1850 3596 1984 3667 surgon

813 3700 871 3771 nel
902 3704 1086 3789 percnoter
1115 3699 1167 3769 de'
1185 3697 1311 3769 cioccli
1340 3699 1428 3788 arsi,
1462 3696 1610 3788 scilicet,
1645 3716 1691 3770 ex
1726 3694 1985 3771 confricatione

814 3818 871 3892 vel
897 3817 1131 3912 percussione
1157 3816 1289 3891 titionis
1314 3816 1351 3889 in
1376 3816 1508 3911 ipsum.
1536 3817 1579 3889 Et
1610 3816 1724 3913 tangit
1756 3824 1865 3891 antor
1896 3817 1985 3891 iuci-

813 3935 941 4011 dcntcr
972 3948 1084 4011 unam
1120 3935 1298 4033 puerilem
1330 3943 1368 4011 et
1402 3936 1635 4012 ridiculosam
1668 3937 1985 4031 consuetudinem,

813 4056 935 4132 dicens
947 4080 955 4127 :
969 4059 1059 4129 ondc
1070 4060 1120 4148 pn·
1131 4060 1223 4131 stolti
1233 4059 1392 4148 sopliono
1405 4061 1608 4148 augurorsi.
1624 4058 1685 4131 Est
1697 4058 1794 4132 enim
1814 4058 1860 4135 de
1879 4078 1985 4133 move

815 4176 852 4249 in
879 4175 1041 4271 partibus
1059 4176 1180 4271 ltaliae‚
1199 4176 1298 4270 quod
1324 4177 1428 4272 pueri
1446 4183 1582 4251 stantes
1608 4178 1644 4250 in
1670 4179 1804 4275 hyeme
1829 4178 1985 4255 desero

809 4298 917 4391 iuxta
944 4297 1065 4393 ignem
1092 4297 1338 4392 percutientes
1371 4297 1527 4393 stipitem
1559 4305 1794 4394 augurantur
1826 4298 1905 4393 silvi,
1931 4298 2005 4372 di·-

814 4425 955 4493 centes:
984 4423 1036 4492 tot
1061 4418 1235 4512 civitates,
1253 4425 1306 4493 tot
1331 4420 1491 4514 castella,
1513 4425 1566 4494 tot
1582 4419 1727 4515 agnelli,
1746 4425 1799 4495 tot
1817 4419 1986 4515 porcelli;

875 4694 901 4756 ζ’)
917 4696 948 4746 lt.
965 4708 980 4747 e
995 4696 1021 4747 S.
1037 4698 1198 4761 quieverant.
1330 4696 1359 4760 (Ἴ
1377 4698 1405 4747 n.
1422 4698 1496 4761 lingit
1511 4698 1554 4747 liic
1571 4698 1652 4749 dictas
1667 4698 1773 4749 animas.

875 4771 902 4835 (⁸)
920 4772 950 4823 lt.
966 4773 1074 4835 scilicet,
1092 4780 1195 4825 marom.
1332 4774 1360 4838 Ρ)
1376 4774 1402 4825 S.
1418 4780 1458 4825 est
1474 4776 1587 4839 proprie.
1597 4802 1628 4814 -
1639 4776 1669 4828 ll.
1686 4776 1791 4841 propris
1806 4776 1988 4840 applicabitur.

876 4850 902 4911 (¹)
919 4850 944 4901 S.
962 4851 1157 4903 sententialiter.
1169 4880 1197 4890 —
1209 4852 1239 4904 E.
1257 4852 1385 4903 simililer.

877 4924 903 4987 (⁸)
920 4925 951 4975 E.
968 4924 1061 4989 aliqum
1078 4926 1201 4979 multum.
1335 4926 1364 4991 t'J
1381 4928 1411 4979 E·
1427 4930 1471 4993 qui
1488 4934 1527 4980 eat
1543 4930 1582 4979 sol
1596 4929 1702 4994 institia
1718 4928 1867 4980 illustravit
