4842 6642
720 837 857 892 cannes
882 838 1040 894 necinus
1064 839 1242 906 oonnros.
1499 825 1569 892 115

397 983 491 1060 bene
516 984 612 1078 dicit,
636 988 749 1078 soree,
766 983 978 1078 dubitative,
1005 985 1185 1078 quianon
1213 975 1320 1075 est(¹)
1338 982 1447 1078 digna
1468 1003 1571 1056 corn·

395 1105 538 1200 paratio
564 1106 662 1180 vocis
688 1104 783 1180 iilius
808 1105 928 1202 angeli
959 1103 1149 1180 salutantis
1179 1102 1227 1178 ad
1257 1123 1387 1178 vocem
1417 1104 1571 1178 alicuius

399 1233 745 1321 quantumcumque
769 1226 877 1320 beati,
903 1229 997 1300 nella
1022 1229 1095 1300 trice
1115 1221 1178 1319 pid
1209 1228 1284 1316 dia,
1316 1225 1418 1319 idest,
1456 1224 1573 1322 magis

399 1344 531 1440 divina,
557 1349 616 1420 det
639 1351 755 1420 minor
779 1350 927 1437 cerrito,
948 1347 1052 1440 idest,
1072 1347 1221 1421 minoris
1237 1367 1386 1420 coronae
1406 1367 1491 1440 quae
1507 1367 1574 1440 ap·

402 1471 576 1560 paruerat
602 1468 732 1561 primo,
754 1467 789 1540 in
816 1489 890 1561 qua
917 1473 996 1542 erat
1013 1469 1171 1542 Thomas
1187 1467 1234 1542 de
1253 1467 1417 1561 Aquin03
1437 1474 1475 1540 et
1495 1467 1574 1542 haec

402 1593 484 1664 crat
511 1587 634 1662 anima
664 1587 881 1681 Salomonis,
908 1608 991 1682 quae
1024 1594 1104 1663 erat
1135 1586 1372 1670 excellentior
1403 1587 1575 1662 omnibus

403 1708 597 1782 animabus
622 1708 717 1783 iliius
742 1707 880 1802 circuli,
897 1709 992 1784 sicut
1010 1707 1149 1784 dictum
1168 1713 1224 1782 est
1240 1708 1278 1781 in
1296 1708 1328 1780 X
1345 1708 1516 1802 capitulo,
1538 1716 1576 1784 ct

403 1829 609 1923 expositum
636 1835 692 1904 est
716 1829 753 1902 in
768 1819 805 1922 θ)
828 1828 1060 1923 precedenti,
1078 1829 1176 1923 quod
1202 1848 1277 1902 non
1302 1828 1429 1902 habuit
1446 1849 1573 1923 parem

405 1949 442 2022 in
472 1948 666 2043 sapientia;
700 1955 738 2024 et
777 1948 970 2044 respondet
1001 1949 1130 2044 primae
1165 1948 1338 2043 petitioni,
1373 1948 1517 2023 dicens:
1551 1952 1580 2023 d

402 2074 526 2150 nendo
551 2070 706 2142 cnrorst'
730 2059 889 2160 roppcrd
914 2075 1023 2160 moto,
1042 2069 1188 2162 scilicet,
1215 2069 1251 2141 in
1277 2074 1473 2162 aeternum,
1497 2071 1578 2142 din·

404 2196 508 2264 torno
532 2192 627 2264 coto!
642 2197 749 2283 vesta,
769 2190 915 2283 scilicet,
942 2190 1076 2282 lucem,
1103 2209 1216 2282 quam
1243 2188 1449 2264 induuntur
1468 2189 1578 2282 beati,

405 2315 534 2402 quanto
555 2311 608 2400 lta
632 2311 742 2400 tanna
771 2313 807 2382 lo
832 2314 924 2404 sesto
952 2311 991 2382 dt
1023 2311 1212 2401 paradiso,
1250 2309 1354 2402 quasi
1388 2308 1508 2384 dicat:
1541 2308 1579 2382 in

405 2435 585 2504 aternum
612 2429 682 2506 erit
708 2429 897 2505 nobiscnm
925 2428 992 2504 ista
1018 2430 1094 2523 lux,
1120 2429 1225 2523 idest,
1245 2429 1356 2522 Deus,
1380 2448 1492 2524 quem
1519 2449 1580 2504 so-

406 2550 483 2624 lum
515 2569 697 2624 amamus.
728 2549 830 2624 Unde
859 2548 980 2624 subdit
1008 2549 1081 2624 aiio
1117 2549 1238 2643 modo,
1269 2549 1412 2625 dicens:
1445 2552 1482 2623 lo
1514 2569 1581 2624 sco

406 2673 607 2763 odiorezzo,
641 2669 742 2764 idest,
770 2669 921 2746 radiatio
951 2675 1089 2746 aeterna
1120 2671 1197 2765 Dei,
1229 2674 1363 2762 cepada
1394 2673 1577 2765 t'ordore,

407 2791 509 2884 idest,
537 2797 699 2865 nostram
726 2791 928 2884 caritatem,
945 2791 1115 2864 tardere
1130 2793 1167 2864 tn
1184 2793 1327 2884 nicom,
1348 2790 1450 2885 idest,
1467 2790 1581 2866 ardor

407 2911 568 2986 caritatis
599 2918 734 2986 nostrae
768 2917 946 3004 sequetur
977 2910 1155 2986 visionem
1188 2918 1376 3006 nostram;
1409 2917 1446 2986 et
1470 2911 1579 2987 dicit:

407 3031 750 3125 compescitam,
776 3031 877 3126 visio,
904 3027 1058 3122 dmntr,
1085 3031 1177 3106 idest
1203 3037 1278 3106 tam
1305 3052 1433 3126 capax,
1451 3039 1582 3123 quanto

408 3153 455 3224 ita
485 3153 523 3224 dt
553 3154 685 3242 pruzia
718 3171 828 3226 soora
859 3171 923 3224 sno
957 3155 1092 3240 valore,
1123 3150 1226 3244 idest,
1256 3151 1581 3244 super‘virtntem

409 3292 527 3347 suam.
541 3311 591 3326 -
610 3275 723 3346 come.
751 3272 815 3346 Hic
847 3270 1020 3346 Salomon
1055 3271 1250 3366 respondet
1283 3271 1455 3348 secundae
1489 3274 1582 3368 parti

408 3390 600 3486 petitionis,
618 3397 656 3465 et
680 3390 766 3466 dicit
791 3390 890 3485 quod
916 3391 1105 3466 habebunt
1129 3390 1307 3466 visionem
1334 3391 1582 3485 intensiorem,

410 3510 460 3584 ita
490 3510 589 3602 quod
620 3529 685 3586 eos
718 3531 791 3584 non
818 3510 1007 3607 {gravabit
1040 3510 1155 3584 immo
1188 3510 1380 3586 delectabit
1419 3512 1477 3587 ille
1514 3512 1584 3585 im-

411 3649 563 3704 mensus
587 3630 770 3725 splendor.
802 3630 894 3704 Dicit
923 3650 1031 3725 ergo:
1053 3634 1105 3702 Lo
1129 3637 1254 3704 nostra
1273 3651 1431 3723 persono
1448 3633 1500 3723 fia
1521 3628 1585 3724 pini

409 3757 533 3844 prata,
558 3749 693 3825 scilicet
713 3757 795 3845 post
812 3750 1120 3826 resurrectionem
1142 3751 1273 3845 carnis,
1287 3772 1355 3845 per
1369 3772 1484 3826 essere
1500 3760 1585 3826 orta

413 3879 559 3964 penato,
584 3871 688 3964 idest,
720 3879 870 3966 propter
891 3870 1159 3966 ,perlectionem
1190 3871 1393 3967 compositi,
1424 3894 1520 3946 rome
1549 3877 1586 3947 to

413 4011 522 4066 omne
537 3994 697 4082 plorimo
716 4015 734 4065 e
750 3999 854 4066 scoto
867 3996 919 4084 fic
935 3993 1101 4084 everen,
1121 3990 1225 4083 idest,
1245 3991 1367 4066 statim
1384 4011 1471 4066 cnm
1489 3992 1586 4067 rein·

414 4110 606 4186 duerimus
626 4131 777 4186 carnem
798 4109 1037 4206 glorificatam
1060 4117 1098 4185 et
1114 4110 1369 4186 beatificatam.
1383 4151 1433 4166 —
1446 4109 1584 4188 nerent.

415 4232 480 4305 ilic
500 4231 673 4306 Salomon
700 4231 817 4306 reddit
843 4232 1021 4306 rationem
1040 4232 1096 4304 sni
1113 4231 1209 4325 dicti,
1227 4232 1370 4306 dicens:
1388 4229 1521 4308 Percde‘
1533 4228 1588 4308 eid

414 4354 475 4424 cte
498 4355 526 4426 it
547 4371 684 4426 sommo
701 4356 806 4445 Betae,
835 4351 937 4446 idest,
963 4351 1071 4444 nens,
1082 4371 1133 4424 ne
1149 4354 1246 4439 dopo
1261 4353 1300 4424 di
1315 4354 1406 4426 tame
1420 4356 1588 4445 protrito,

377 4489 379 4492 ·
418 4472 520 4566 idest,
540 4471 587 4548 de
603 4471 672 4546 isto
690 4471 830 4546 lumine
849 4471 947 4564 quod
966 4491 1063 4545 nnnc
1082 4470 1184 4546 nobis
1200 4471 1314 4546 donat
1327 4472 1453 4570 gratis,
1471 4473 1589 4570 magis

415 4612 528 4686 qnam
556 4592 695 4667 meritis
716 4592 859 4685 nostris,
873 4582 1123 4685 s'aecrerccrd,
1145 4592 1247 4685 idest,
1264 4599 1408 4668 crescet
1425 4593 1463 4666 in
1484 4593 1590 4668 nohis

417 4719 499 4808 post
524 4711 854 4806 resurrectionem
872 4719 910 4787 et
936 4711 1076 4806 repetit,
1095 4715 1198 4803 tomo,
1218 4712 1322 4807 idest,
1348 4713 1475 4788 iumen
1495 4714 1589 4809 dico,

481 4971 510 5036 ρ)
526 4973 558 5026 Ε,
574 4987 625 5024 non
642 4981 717 5026 mr,
846 4975 874 5037 (⁸)
892 4974 921 5024 E.
939 4973 964 5022 in
982 4973 1099 5036 proximo
1116 4974 1272 5037 precedenti
1287 4979 1375 5033 racto,
1391 4976 1469 5039 qnod.
