4842 6642
768 844 839 913 196
1096 894 1098 901 ,
1158 853 1363 910 counuruu
1386 854 1556 911 omnum

766 1002 904 1077 donum
936 1000 996 1077 vel
1025 996 1229 1094 servitium,
1254 1022 1274 1073 e
1297 1001 1356 1073 del
1377 1000 1548 1089 omero,
1577 997 1680 1093 idest,
1714 1005 1853 1094 petere,
1885 1005 1945 1073 tro

766 1124 825 1197 voi
848 1124 916 1196 dae
936 1122 988 1215 fio
1007 1122 1125 1213 primo
1149 1122 1263 1212 quode
1287 1112 1576 1213 nl'dptdturdo
1597 1119 1943 1213 mandatotum

767 1242 915 1337 scilieet,
941 1240 1062 1337 primo
1086 1238 1185 1315 dabit
1211 1238 1287 1335 tibi,
1314 1261 1429 1335 quam
1452 1245 1495 1314 tu
1520 1247 1624 1337 petas
1649 1238 1738 1334 sibi;
1755 1240 1862 1316 ouius
1878 1260 1947 1337 op-

767 1363 927 1460 positum
953 1358 1201 1437 communiter
1226 1359 1364 1436 iaciunt
1388 1359 1448 1436 alii
1480 1359 1638 1455 domini3
1670 1359 1787 1436 immo
1815 1361 1946 1438 volunt

767 1482 968 1561 olfaciunt
993 1501 1034 1557 se
1058 1500 1155 1575 saepe
1186 1480 1322 1577 rogari,
1352 1488 1481 1557 eontra
1515 1480 1605 1556 illud
1639 1480 1865 1557 Salomonis:
1893 1486 1946 1557 Ne

767 1608 866 1681 deor
898 1604 1011 1677 omino
1042 1608 1122 1676 ruo.-
1147 1602 1238 1675 oude
1265 1606 1335 1677 ete
1350 1642 1400 1657 -
1415 1605 1488 1675 don
1512 1604 1570 1676 luri.
1602 1602 1667 1678 llic
1699 1601 1944 1700 Cacoiaguida

766 1721 1009 1822 praenuntiata
1022 1719 1240 1796 liberalitate
1256 1720 1436 1817 capitanei
1448 1721 1720 1817 Bartholomaei,
1730 1728 1830 1797 nunc
1847 1742 1945 1818 prae·

767 1844 911 1921 nuntiat
929 1841 1147 1939 probitatem
1169 1850 1206 1915 et
1228 1840 1485 1919 liberalitatem
1503 1843 1640 1918 domini
1662 1842 1769 1919 Canis
1788 1841 1945 1919 Grandis

768 1968 848 2045 eius
873 1964 935 2039 lilii
961 1964 1021 2039 rel
1047 1960 1198 2057 nepotis,
1225 1981 1339 2056 quom
1358 1963 1480 2059 primo
1498 1964 1671 2041 describit
1686 1984 1710 2039 a
1726 1964 1974 2039 strenuitate.

768 2107 975 2181 armorum,
999 2082 1206 2178 ostendens,
1232 2084 1332 2178 qnod
1357 2084 1469 2162 luerit
1493 2106 1584 2163 rere
1608 2086 1704 2162 lilius
1720 2087 1856 2181 llartis,
1872 2106 1945 2161 au-

769 2208 854 2303 dax,
879 2211 1071 2301 promptus
1087 2202 1124 2277 in
1141 2203 1273 2298 proelio
1288 2211 1326 2279 et
1343 2204 1560 2281 victoriosus
1579 2204 1696 2282 valde.
1714 2206 1824 2283 Unde
1834 2204 1939 2281 dicit:

774 2332 846 2402 con
873 2329 933 2418 lut,
958 2325 1105 2419 scilicet,
1130 2343 1218 2397 cum
1244 2324 1417 2419 predicto
1442 2325 1724 2422 Bartholomaeo,
1742 2328 1867 2401 oodroi
1880 2346 1944 2400 co-

769 2452 831 2541 lui,
857 2448 1004 2542 scilicet,
1030 2444 1166 2520 Canem
1191 2443 1398 2521 Grandem:
1415 2448 1475 2520 ote
1486 2450 1548 2541 tire
1565 2450 1737 2540 impresso
1752 2448 1946 2536 nascendo,

769 2570 915 2663 scilicet,
941 2568 978 2641 in
1003 2564 1191 2640 nativitate
1207 2585 1288 2660 sua,
1305 2565 1397 2641 idest
1412 2566 1492 2663 jam
1512 2566 1723 2664 efficaciter,
1743 2561 1775 2643 st
1793 2572 1843 2644 do
1862 2590 1945 2661 que-

768 2698 825 2765 sta
848 2692 948 2765 stello
970 2692 1076 2783 sorte,
1108 2685 1255 2780 scilieet,
1286 2687 1409 2762 llartis
1441 2689 1598 2785 planeta,
1635 2690 1698 2784 qui
1728 2689 1813 2765 laoit
1847 2690 1946 2765 riros

770 2811 882 2886 iortes
916 2815 955 2883 et
984 2808 1125 2882 ierooes
1155 2806 1191 2881 in
1220 2805 1329 2901 bello,
1360 2808 1421 2881 ote
1444 2810 1469 2881 ἱ
1481 2829 1568 2903 opre
1595 2830 1657 2883 rue
1684 2812 1756 2905 flea
1785 2810 1943 2901 munta,

770 2930 916 3023 scilicet,
942 2928 979 3002 in
1005 2927 1118 3021 bellis,
1151 2928 1246 3002 siout
1273 2928 1351 3024 jam
1382 2928 1501 3023 patuit
1530 2948 1577 3005 ox
1603 2929 1669 3023 inis,
1697 2951 1781 3025 que
1812 2930 1946 3025 scripta

770 3055 857 3125 sunt
877 3049 923 3123 de
943 3068 989 3123 eo
1009 3066 1121 3142 supra
1143 3046 1180 3121 in
1200 3049 1271 3123 hae
1288 3047 1594 3124 Cantica-Nou
1608 3071 1647 3123 se
1663 3070 1707 3124 no
1722 3070 1821 3124 sorno.
1839 3049 1892 3124 nd
1907 3044 1945 3143 (¹)

772 3168 1033 3246 exaltationem
1060 3167 1144 3242 dicti
1170 3169 1278 3244 Canis
1301 3167 1398 3265 dicit,
1424 3170 1524 3265 quod
1542 3170 1659 3247 virtus
1678 3171 1760 3247 eius
1780 3171 1943 3247 nondum

771 3296 827 3366 est
858 3297 944 3364 nota
976 3294 1125 3385 propter
1144 3288 1348 3384 juvenilem
1378 3290 1459 3365 eius
1491 3295 1661 3386 aetatem3
1687 3292 1752 3368 sed
1777 3292 1815 3367 in
1839 3292 1943 3367 brevi

771 3412 835 3487 liet
859 3410 1012 3487 oelebris
1040 3408 1186 3505 ubique.
1214 3409 1318 3486 Unde
1342 3409 1451 3485 dioit:
1477 3415 1525 3485 [ι
1547 3415 1643 3504 orati
1657 3433 1731 3487 noa
1745 3434 1784 3487 se
1799 3434 1843 3487 ne
1858 3434 1948 3487 sono

772 3553 908 3608 ancora
934 3538 1085 3624 oooorte,
1114 3530 1262 3625 scilicet,
1292 3531 1338 3607 de
1367 3531 1542 3627 operibus
1573 3533 1711 3609 bellicis
1744 3534 1836 3629 eius,
1869 3534 1948 3608 sire

771 3674 964 3731 armorum
997 3651 1127 3749 gestis3
1155 3659 1279 3727 tamen
1304 3651 1385 3727 eius
1411 3652 1505 3727 mira
1530 3652 1669 3729 indoles
1694 3653 1943 3749 praetendebat

772 3776 937 3851 loturam
955 3771 1130 3848 virtutem
1144 3772 1180 3845 in
1195 3792 1252 3847 eo.
1266 3772 1311 3846 Et
1322 3771 1486 3869 assignat
1502 3792 1653 3847 oausam
1671 3792 1717 3847 er
1736 3779 1841 3869 parte
1857 3780 1948 3847 aeta-

771 3896 829 3991 tis,
855 3914 929 3968 non
954 3898 1110 3988 naturae,
1136 3892 1277 3968 diceus:
1295 3888 1357 3967 old
1372 3900 1486 3985 queste
1499 3900 1612 3985 niolo,
1631 3893 1779 3990 scilieet,
1796 3894 1948 3969 martia·

771 4016 838 4110 les,
862 4034 928 4117 ron
953 4020 1040 4087 torte
1064 4016 1206 4087 monn
1230 4015 1269 4087 di
1292 4014 1342 4087 lut
1360 4034 1435 4106 pur
1465 4033 1554 4087 noue
1581 4015 1682 4105 nord,
1714 4020 1751 4089 et
1784 4013 1945 4111 intellige

702 4126 706 4131 ⁵
771 4135 819 4212 de
848 4133 954 4209 annis
987 4132 1229 4228 martialibus,
1260 4132 1311 4206 ita
1344 4132 1444 4227 quod
1477 4152 1612 4207 novem
1648 4132 1787 4208 iaciunt
1819 4133 1947 4209 decem

773 4260 810 4331 et
834 4260 938 4349 ooto;
964 4258 1088 4328 tamen
1113 4253 1303 4348 aliquanto
1335 4252 1480 4347 minus;
1506 4273 1592 4328 nam
1619 4254 1715 4327 llars
1740 4253 1778 4328 in
1801 4253 1948 4329 duobus

773 4374 876 4451 annis
902 4372 1085 4469 percurrit
1101 4373 1297 4448 Zodiaeum
1316 4372 1449 4447 minus.
1467 4373 1512 4447 llt
1527 4373 1580 4449 sie
1597 4374 1677 4449 vult
1693 4373 1829 4468 dicore,
1845 4373 1946 4468 quod

774 4502 855 4573 erat
878 4494 1242 4573 adolescentulus.,-
1252 4499 1316 4568 llo
1326 4497 1424 4587 mio.
1438 4493 1503 4569 llio
1520 4493 1762 4591 Garoiaguida
1778 4493 1945 4587 ostendit,

775 4615 875 4709 quod
900 4614 936 4688 in
962 4614 1067 4689 brevi
1093 4614 1267 4690 enitesoet
1288 4614 1405 4689 virtus
1421 4614 1506 4691 dicti
1523 4614 1642 4709 Canis,
1663 4636 1748 4709 quae
1767 4634 1867 4690 nuno
1883 4634 1948 4688 oo·

776 4735 948 4809 cultatur.
976 4734 1077 4809 Unde
1103 4733 1205 4809 dicit:
1231 4738 1292 4808 llo
1313 4737 1434 4829 saville
1458 4737 1552 4809 delto
1566 4756 1633 4809 suo
1651 4738 1774 4809 maro
1788 4755 1947 4829 owen,

839 4998 866 5063 (¹)
883 4999 914 5049 E.
930 4998 980 5051 llio
996 4999 1028 5051 ad
1043 4999 1228 5051 ordiationem
1243 4999 1342 5051 domini
1357 4998 1441 5053 Crob.
