4842 6642
804 830 874 897 370
1189 837 1395 895 domuum
1419 838 1584 895 ouuxnmr

833 1262 998 1332 CANTUS
1020 1262 1253 1336 VIGESIMUS
1277 1260 1450 1343 SEXTUS,
1471 1262 1510 1328 itt
1531 1281 1591 1345 quo
1613 1257 1771 1329 ematur
1792 1262 1831 1329 de
1852 1264 1949 1329 tertio

920 1378 1044 1457 moute,
1067 1376 1184 1443 sedicet
1205 1375 1245 1443 de
1265 1378 1409 1455 caritate,
1430 1374 1487 1441 vbi
1506 1373 1719 1441 {aarum
1741 1374 1859 1442 Adam.

879 1616 1108 1791 Munna
1129 1718 1165 1789 io
1189 1714 1365 1789 dubbioou
1384 1736 1454 1807 per
1476 1716 1512 1788 to
1537 1717 1613 1787 otoo
1626 1718 1759 1808 apem
1776 1713 1978 1808 Postquam

720 1820 725 1829 ’
806 1833 843 1908 in
867 1834 1048 1931 superiori
1074 1834 1235 1931 capitulo
1265 1834 1435 1931 proxime
1463 1834 1823 1935 proeoedentiautor
1854 1842 1981 1910 noster

806 1955 976 2031 tractavit
1000 1963 1039 2031 et
1064 1955 1323 2032 determinavit
1346 1954 1394 2029 de
1418 1953 1579 2029 munda
1603 1954 1743 2029 virtute
1762 1955 1980 2051 tbootogira

807 2082 896 2169 puta
921 2096 1004 2171 spe;
1031 2096 1130 2151 nune
1155 2080 1426 2170 oonsequenter
1449 2073 1489 2149 in
1511 2074 1580 2149 isto
1596 2072 1711 2149 xxvi
1726 2074 1888 2169 eapituio
1903 2077 1982 2173 ugit

805 2200 842 2269 et
866 2200 1000 2269 tractat
1016 2195 1063 2271 de
1083 2193 1190 2271 tertia
1208 2196 1358 2289 virtute,
1374 2194 1521 2287 scilieet,
1538 2194 1703 2289 oaritate,
1718 2193 1827 2268 euius
1842 2194 1982 2269 Jobon-

806 2332 872 2389 xee
896 2316 1119 2413 evangelista
1146 2316 1215 2391 init
1233 2315 1368 2391 ardens
1385 2320 1466 2411 poet
1481 2312 1667 2391 corbum
1682 2306 1733 2406 (³).
1753 2313 1799 2388 ut
1816 2334 1981 2410 prom

804 2434 1006 2531 capitutum
1034 2443 1152 2535 potest
1177 2436 1340 2513 breviter
1363 2435 1474 2511 dividi
1502 2435 1540 2509 in
1568 2441 1732 2529 quatuor
1761 2441 1885 2530 partes
1910 2454 1980 2532 ge-

799 2536 967 2632 nerales:
985 2557 1024 2633 in
1043 2577 1203 2653 quarum
1223 2556 1343 2653 prima
1359 2561 1469 2633 antor
1485 2556 1642 2633 ostendit
1658 2554 1846 2650 quomodo
1862 2575 1979 2633 evan-

803 2676 932 2773 gelista
954 2678 1223 2753 examinaverit
1238 2697 1327 2753 eum
1343 2677 1392 2753 de
1410 2677 1548 2755 virtute
1566 2676 1739 2753 mritatiu
1759 2677 1978 2753 insecundo

804 2798 1027 2895 evangeista
1054 2798 1139 2874 tacit
1167 2799 1277 2874 aliam
1304 2798 1515 2894 petitionem
1541 2799 1640 2873 cirea
1672 2796 1847 2875 virtutem
1880 2797 1981 2878 mri-

806 2917 897 3012 tatis,
926 2918 993 2993 ibi:
1022 2926 1066 2993 nt
1100 2922 1136 2994 to
1170 2922 1252 2995 udi.
1278 2920 1319 2994 tn
1343 2919 1452 2995 tertia
1483 2920 1568 2995 tacit
1595 2938 1776 3015 apparere
1808 2917 1979 3015 spiritum

805 3038 905 3132 bdae,
930 3038 992 3113 eui
1026 3046 1137 3115 antor
1163 3045 1289 3116 movet
1316 3038 1488 3136 qudam
1515 3040 1640 3135 dnbio,
1665 3039 1735 3113 ibi:
1763 3041 1876 3132 orode,
1901 3042 1978 3114 αι’.

806 3158 846 3231 in
870 3165 1004 3252 quartu
1029 3166 1068 3236 et
1092 3160 1223 3237 ultima
1246 3160 1363 3237 Adam
1390 3159 1585 3255 respondet
1608 3158 1655 3234 ad
1680 3159 1741 3234 itta
1766 3158 1891 3255 dubia,
1908 3158 1978 3234 ibi:

811 3281 876 3369 or,
885 3280 1023 3371 student
1037 3281 1118 3353 nio.
1136 3280 1190 3354 Ad
1208 3280 1370 3376 primum
1387 3300 1480 3377 ergo
1495 3278 1589 3373 dieo,
1607 3279 1707 3374 qnod
1725 3286 1838 3355 antm
1855 3286 1980 3355 oeten·

805 3396 856 3473 dit
880 3398 1068 3492 quomodo
1092 3400 1317 3497 evangeliste
1345 3400 1616 3477 examinaverit
1647 3420 1735 3475 eum
1764 3399 1813 3477 de
1841 3400 1981 3476 virtute

804 3516 975 3595 ueritatis.
1001 3518 1046 3593 Et
1069 3520 1190 3615 primo
1215 3520 1434 3596 eontinuane
1455 3540 1499 3595 oe
1521 3520 1569 3595 ad
1592 3520 1836 3616 ermedeo&
1855 3524 1980 3597 oden·

804 3635 857 3711 dt
879 3638 1067 3733 quomodo
1092 3640 1220 3716 iecerit
1243 3661 1332 3715 eum
1356 3647 1542 3717 atuntnm
1573 3639 1619 3716 ad
1650 3640 1853 3735 sequenda
1882 3641 1979 3716 ton·

805 3762 908 3833 strue
931 3758 984 3834 sio
1010 3758 1153 3836 literam
1170 3767 1207 3836 et
1227 3780 1382 3857 expone,
1404 3780 1492 3857 qum
1509 3762 1607 3837 mate
1631 3760 1823 3837 ordinatur
1838 3782 1863 3837 a
1881 3763 1978 3837 mni·

804 3878 860 3951 tie
883 3882 959 3952 Uno
974 3883 1084 3974 epiro,
1103 3879 1193 3956 idest
1207 3872 1257 3977 (¹),
1271 3880 1419 3977 spiritus
1430 3881 1541 3977 roob,
1555 3884 1649 3957 ueto
1662 3884 1801 3975 Mida
1814 3885 1977 3975 nomeu,

806 3998 909 4093 idest,
939 4000 1112 4076 Johanuis
1138 4001 1309 4101 fulgentis
1337 4002 1454 4099 gioria
1472 4009 1526 4079 ⁴et
1559 4002 1773 4078 indammati
1803 4002 1977 4097 cantate3

805 4126 843 4194 et
867 4120 970 4196 dicit:
996 4124 1056 4195 cie
1080 4125 1114 4195 to
1139 4143 1272 4215 annue,
1294 4122 1396 4218 idest,
1414 4143 1500 4218 quae
1521 4124 1672 4199 caecavit
1688 4124 1808 4197 visum
1835 4144 1978 4219 meum,

804 4242 938 4332 mense,
965 4238 1067 4335 idest,
1093 4242 1305 4337 supervenit
1329 4243 1375 4318 ad
1399 4263 1513 4318 aures
1538 4263 1652 4339 meas,
1675 4250 1808 4345 numae
1830 4246 1866 4318 io
1891 4245 1981 4319 dub·

807 4360 925 4451 bv‘uou,
952 4359 1054 4455 idest,
1079 4360 1197 4436 donec
1221 4360 1445 4459 dubitabam,
1468 4384 1536 4458 per
1560 4367 1594 4466 to
1618 4367 1694 4439 otro
1717 4370 1852 4457 eneam,
1876 4362 1980 4459 idest,

806 4486 984 4556 eaeeatum
1012 4482 1071 4557 vei
1096 4480 1330 4558 otinseatnm.
1351 4486 1414 4557 Est
1433 4491 1560 4561 nutem
1579 4486 1638 4561 bic
1658 4485 1860 4560 notandum
1874 4484 1981 4580 .qnod

804 4599 915 4694 aiiqni
942 4606 1123 4676 conantur
1156 4602 1337 4678 subtiliter
1370 4624 1558 4700 exponere
1588 4606 1699 4681 istum
1736 4626 1898 4701 passum,
1923 4606 1980 4680 di·

804 4728 928 4797 eentes
953 4722 1053 4817 qnod
1076 4728 1186 4798 autor
1204 4731 1285 4799 erat
1302 4724 1453 4799 territus
1468 4725 1695 4803 dubitatione
1711 4727 1885 4821 quadarn,
1907 4725 1979 4800 sei·

867 4978 894 5041 (¹)
911 4980 942 5031 B.
957 4980 1047 5035 imm
1062 4980 1202 5033 Christum.
1388 4980 1418 5048 (¹)
1433 4983 1465 5036 lt.
1480 4984 1555 5046 idest,
1570 4998 1640 5036 uuus
1654 4985 1767 5049 nutritoe.
