4842 6642
897 809 1036 866 caurus
1062 809 1229 864 uncinus.
1600 796 1644 863 31

475 955 583 1031 aliam
602 953 809 1030 successive
827 954 1028 1049 paullatim,
1045 958 1082 1027 io
1102 957 1174 1045 ote,
1196 954 1299 1047 idest,
1321 954 1511 1048 inquibus
1531 953 1648 1051 spiris,

475 1095 615 1168 opnoru
631 1078 659 1148 ἐ
669 1081 879 1168 oppreseuta
893 1069 955 1168 piri
971 1082 1059 1149 torto
1068 1102 1083 1168 ;
1110 1074 1258 1167 scilicet,
1276 1072 1426 1167 quaudo
1450 1080 1507 1148 est
1530 1073 1649 1168 aequi·

476 1194 651 1290 noctium,
666 1194 753 1288 quia
773 1201 860 1268 tunc
878 1195 997 1268 omnis
1011 1196 1101 1269 lrora
1115 1194 1307 1289 aequaliter
1324 1214 1364 1268 se
1380 1199 1586 1288 presentat.
1601 1233 1650 1246 -

476 1319 520 1388 ut
541 1311 577 1387 io
601 1336 676 1388 era.
705 1313 769 1388 llic
793 1323 903 1388 autor
929 1313 1032 1410 fingit
1056 1314 1244 1408 quomodo
1270 1314 1406 1408 reperit
1427 1333 1468 1388 se
1484 1313 1521 1386 iu
1543 1333 1650 1409 spera

475 1435 559 1509 solis
590 1455 656 1528 per
688 1433 825 1527 simile3
859 1434 957 1508 uude
981 1433 1090 1508 dicit:
1117 1439 1162 1507 ur
1184 1437 1220 1506 to
1244 1454 1310 1506 ero
1334 1454 1402 1505 corr
1426 1435 1488 1523 lui,
1513 1433 1651 1507 scilicet

476 1575 564 1630 cum
598 1555 674 1650 ipso
711 1556 799 1648 sole,
826 1575 885 1629 mo
921 1559 957 1628 io
994 1577 1066 1629 non
1097 1558 1293 1629 m'occorci
1320 1558 1379 1629 dcl
1403 1559 1525 1647 salire,
1546 1555 1649 1647 idest,

478 1697 551 1751 non
577 1675 749 1773 perpendi
774 1676 961 1770 quomodo
999 1677 1056 1751 vel
1090 1676 1238 1771 quando
1268 1677 1482 1751 intraverim
1516 1697 1651 1772 corpus

477 1797 589 1893 ipsius
614 1797 716 1871 solis:
749 1817 815 1892 per
847 1797 917 1871 hoc
946 1804 1056 1871 autor
1087 1797 1205 1871 innuit
1237 1797 1337 1891 quod
1371 1797 1452 1873 eius
1476 1817 1650 1872 ascensus

479 1918 546 1993 luit
566 1917 871 2014 imperceptibilis
889 1917 977 2012 quia
998 1926 1144 1994 nonest
1164 1918 1254 1993 dare
1275 1919 1438 1992 medium
1456 1919 1550 1994 inter
1566 1938 1650 2014 spe-

478 2061 558 2114 ram
586 2047 623 2114 et
648 2059 806 2134 speram,
834 2044 876 2112 ut
894 2038 973 2133 jam
998 2037 1137 2112 dictum
1156 2039 1226 2113 fuit
1246 2038 1284 2113 in
1305 2059 1459 2114 ascensu
1477 2039 1648 2114 Mercurii

477 2168 514 2236 et
539 2159 711 2253 Veneris3
729 2181 752 2234 a
772 2159 892 2252 simili,
917 2181 954 2231 sc
978 2180 1051 2232 nou
1080 2163 1262 2233 com'uom
1290 2163 1494 2253 s'occorpe,
1522 2161 1608 2232 oozi
1625 2161 1652 2231 'l

473 2283 593 2374 primo
615 2284 768 2374 peustcr,
794 2280 897 2374 idest,
915 2280 1076 2375 primum
1095 2287 1239 2354 motum
1258 2281 1496 2377 cogitaminis,
1515 2283 1572 2353 del
1585 2299 1649 2352 suo

478 2403 588 2491 oeno,
607 2399 710 2493 idest,
737 2399 831 2473 sicut
857 2401 968 2475 horno
988 2400 1097 2475 sentit
1112 2401 1321 2497 cogitamen
1337 2408 1532 2497 postquam
1549 2399 1650 2475 venit

479 2521 515 2594 iu
542 2527 704 2595 mentem
731 2520 829 2614 eius3
856 2521 919 2596 sod
946 2527 1069 2596 tamen
1095 2521 1197 2616 prius
1222 2527 1277 2596 est
1304 2522 1340 2594 iu
1362 2541 1408 2596 eo
1425 2542 1539 2614 quam
1565 2525 1651 2595 sen-

480 2643 555 2716 tiat.
570 2627 663 2716 -d
686 2645 854 2714 Beotrr'oe.
881 2641 945 2716 llic
966 2649 1075 2715 autor
1094 2640 1265 2715 describit
1282 2642 1648 2736 superexcellentiam

480 2770 519 2839 et
549 2762 917 2858 superexaltatiouem
957 2761 1131 2836 Beatricis
1169 2762 1205 2836 in
1243 2783 1399 2857 corpore
1418 2762 1540 2854 .solis;
1566 2781 1651 2857 quae

480 2887 618 2978 quanto
644 2881 760 2977 magis
784 2880 956 2974 ascendit,
983 2880 1094 2954 intrat
1119 2880 1240 2956 maius
1268 2903 1402 2977 corpus
1431 2890 1469 2956 et
1495 2881 1535 2955 lit
1559 2881 1652 2956 luci-

479 3003 569 3077 dior.
597 3003 639 3074 Et
664 3000 925 3076 sententialiter
952 3002 1030 3074 vult
1054 3001 1200 3077 dicere:
1234 3003 1263 3076 si
1297 3003 1350 3076 sol
1376 3010 1432 3078 est
1456 3010 1532 3077 tam
1560 3002 1652 3076 luci-

479 3123 559 3217 dus,
594 3121 801 3216 splendidus
839 3128 876 3196 et
906 3121 1125 3216 luminosus,
1156 3122 1221 3217 qui
1253 3130 1310 3197 est
1341 3124 1473 3198 oculus
1505 3123 1652 3217 mundi,

479 3241 644 3316 minister
669 3242 790 3316 maior
815 3249 969 3336 uaturae,
987 3243 1113 3316 omnia
1131 3242 1351 3337 illuminaus,
1368 3242 1493 3318 omnia
1512 3244 1652 3340 guber-

480 3383 582 3456 nans,
607 3363 726 3457 qualis
752 3383 851 3438 nunc
877 3363 1033 3450 debebat
1063 3383 1145 3438 esse
1175 3363 1337 3458 Beatrix,
1366 3384 1452 3457 quae
1481 3371 1537 3439 est
1560 3364 1653 3438 luci·

342 3496 344 3502 ’
478 3483 571 3576 dior,
597 3482 816 3578 splendidior
841 3490 878 3558 et
903 3482 1119 3556 luminosior
1144 3484 1247 3558 solet
1272 3483 1364 3558 uicit
1386 3504 1477 3580 ergo
1493 3483 1654 3558 admira·

479 3604 576 3679 tire:
602 3590 636 3678 Ε
658 3607 826 3678 dentrice.
853 3603 987 3678 Ordina
1007 3604 1058 3678 sic
1074 3603 1218 3678 literam
1238 3611 1275 3678 et
1294 3611 1468 3679 construe
1487 3625 1572 3698 quae
1598 3610 1654 3678 est

479 3724 674 3798 fortissima
700 3732 737 3800 et
762 3725 918 3820 pessime
944 3723 1124 3798 intellecta
1150 3745 1173 3797 a
1199 3724 1346 3797 multis:
1372 3724 1402 3798 si
1419 3724 1473 3798 sol
1498 3731 1580 3800 erat
1603 3725 1654 3799 ita

480 3845 618 3940 lucens,
644 3853 775 3938 quanto
800 3849 879 3938 puel
901 3849 952 3919 ct'
965 3867 1028 3921 ero
1054 3848 1213 3918 Beotrtce
1228 3849 1397 3918 convenio
1414 3865 1508 3918 esser
1525 3849 1655 3919 lucente

481 3968 529 4037 do
553 3961 601 4056 sd,
627 3965 730 4059 idest,
756 3966 904 4060 qualem
931 3987 1012 4041 esse
1037 3963 1278 4042 conveniebat
1309 3965 1346 4038 in
1379 3965 1520 4039 lumine
1544 3985 1654 4059 supe-

483 4091 588 4159 rante
613 4086 741 4180 solem,
762 4090 887 4160 dentro
912 4091 951 4160 ol
972 4091 1044 4160 sole
1069 4089 1195 4160 dou'io
1218 4087 1394 4176 eotra’mi,
1412 4085 1516 4180 quasi
1534 4084 1652 4159 dicat:

482 4203 620 4278 induite
644 4205 800 4280 debebat
825 4227 906 4282 esse
932 4207 1057 4281 lucens
1083 4211 1250 4302 respectu
1273 4206 1369 4280 illius
1392 4204 1541 4279 luminis
1558 4205 1654 4298 solis,

481 4326 580 4421 quod
606 4333 686 4399 erat
711 4347 843 4420 parum
871 4333 1040 4422 respectu
1058 4327 1158 4421 eius3
1186 4335 1224 4402 et
1243 4327 1352 4402 dicit:
1371 4348 1443 4399 oon
1457 4348 1523 4420 per
1542 4329 1654 4417 color,

481 4469 541 4520 ma
560 4467 628 4540 per
654 4449 743 4518 lame
761 4455 945 4539 parcente,
973 4447 1064 4521 idest
1088 4455 1290 4542 apparente
1305 4468 1353 4523 ex
1369 4440 1406 4538 (⁴)
1423 4446 1655 4542 superabun-

481 4566 604 4641 dantia
631 4564 688 4640 sui
713 4566 872 4660 lumiuiS,
896 4587 970 4641 uon
995 4572 1145 4662 propter
1175 4567 1338 4641 colorem
1369 4567 1431 4662 qui
1457 4565 1657 4662 corporalis

474 4695 548 4780 est,
574 4687 778 4762 Beatricem
803 4687 896 4782 dico,
924 4691 1037 4780 puella
1061 4691 1122 4760 circ
1145 4691 1177 4760 st
1200 4709 1325 4779 scorpe
1354 4691 1393 4762 dt
1415 4689 1498 4761 dene
1521 4690 1558 4760 in
1583 4708 1656 4760 me-

545 4947 572 5006 (¹)
588 4946 620 4996 B.
635 4959 667 4996 ax
683 4946 847 4998 abundantia.
