4842 6642
705 873 711 885 ·
812 874 949 930 caurus
974 874 1131 930 neamus
1155 877 1300 931 saurus.
1572 865 1641 933 165

450 1020 672 1096 ‚mitationes
687 1013 724 1112 (⁴)
752 1039 865 1114 quam
897 1021 1077 1114 concives,
1103 1027 1136 1094 et
1166 1041 1254 1094 coer
1284 1027 1404 1094 vostro
1438 1025 1573 1114 confine
1604 1025 1644 1095 ol

468 1143 652 1232 Galluzzo,
678 1141 781 1214 locus
806 1139 941 1214 dietam
966 1161 989 1216 a
1015 1139 1198 1215 Florentia
1223 1161 1290 1236 per
1321 1163 1439 1216 unum
1473 1142 1640 1235 milliare,

461 1267 498 1334 ct
532 1281 558 1333 a
594 1262 796 1353 irecpiono.
827 1260 880 1334 dd
915 1260 1014 1355 quod
1045 1261 1248 1356 sciendum,
1281 1263 1380 1355 quod
1414 1263 1494 1357 iste,
1524 1283 1638 1356 quem

464 1387 573 1455 vocat
598 1381 788 1456 Rusticum
814 1381 882 1457 luit
907 1382 1056 1476 quidam
1078 1382 1211 1477 jurista
1238 1384 1386 1458 nomine
1412 1383 1571 1459 Ubaldus
1595 1382 1641 1458 de

464 1500 680 1597 Aguglione,
706 1502 790 1576 villa
822 1503 1017 1579 comitatus
1048 1503 1252 1598 Florentiae,
1286 1504 1350 1598 qui
1382 1505 1450 1579 luit
1484 1525 1641 1601 magnus

462 1621 575 1696 canis.
602 1622 751 1698 Dicebat
775 1643 816 1698 se
842 1624 979 1720 optime
1004 1644 1110 1699 nosse
1134 1624 1314 1720 guelphus
1345 1630 1382 1699 et
1411 1625 1639 1722 ghibellium,

466 1749 504 1818 et
529 1743 612 1818 lecit
642 1743 777 1818 librum
809 1744 855 1819 de
885 1752 961 1821 tam
991 1745 1202 1819 detestanda
1233 1745 1399 1840 materia,
1432 1767 1544 1841 quem
1575 1747 1637 1822 diu

469 1861 650 1938 florentini
674 1863 821 1958 sequuti
847 1871 951 1958 sunt3
977 1867 1016 1938 di
1039 1867 1119 1963 quel
1141 1866 1190 1938 da
1214 1868 1338 1956 Sipno,
1359 1865 1427 1941 iste
1452 1866 1520 1939 luit
1544 1867 1639 1941 alius

463 1981 593 2076 jurleta
612 1981 759 2058 devilia
777 2003 862 2078 quae
880 1983 1013 2058 dicitur
1030 1983 1151 2080 Signa,
1173 1984 1309 2058 distans
1325 2006 1348 2058 a
1368 1985 1550 2060 Florentia
1571 2005 1638 2081 per

463 2102 628 2196 quinque
654 2101 820 2178 milliaria
850 2123 962 2198 supra
991 2104 1153 2198 llrnum;
1181 2111 1218 2180 et
1242 2103 1367 2178 dicunt
1398 2105 1510 2198 aliqui
1536 2105 1634 2198 quod

461 2221 529 2298 iste
553 2211 621 2301 luit
644 2223 814 2298 dominus
840 2224 973 2300 Fatius.
1000 2223 1103 2298 Unde
1129 2223 1233 2297 dicit:
1251 2225 1311 2298 cte
1331 2214 1393 2314 pra
1417 2225 1466 2297 lto
1490 2227 1638 2298 locedio

462 2363 601 2434 apruzo
620 2365 689 2436 per
713 2345 889 2436 tarotlor,
916 2344 965 2419 ita
991 2343 1090 2438 quod
1116 2349 1285 2439 expectat
1301 2344 1357 2418 ire
1376 2343 1423 2418 ad
1444 2345 1573 2438 picem.
1592 2345 1637 2418 nt

462 2463 521 2538 hic
545 2471 642 2558 nota,
669 2463 769 2558 quod
792 2471 903 2539 autor
929 2464 1061 2540 merito
1080 2464 1232 2539 inlamat
1251 2465 1337 2538 istos
1354 2470 1391 2538 et
1407 2463 1498 2538 alios
1523 2485 1635 2560 supe·

463 2585 541 2659 rius
566 2585 850 2680 prenominatos
865 2577 914 2679 (²),
933 2585 1020 2679 quia
1037 2584 1155 2659 viliter
1173 2585 1247 2658 nati
1273 2605 1320 2658 ex
1345 2584 1552 2660 civitatibus
1570 2605 1637 2660 no-

463 2705 595 2780 bilibus
621 2705 801 2780 iaciebant
826 2705 943 2780 multa
969 2703 1136 2780 enormia
1161 2711 1352 2799 tamquam
1385 2704 1532 2780 lictores
1557 2703 1635 2779 illo·

463 2845 560 2898 rum.
583 2865 632 2879 -
649 2830 694 2899 Sc
718 2829 755 2900 lo
785 2834 894 2917 pene.
927 2826 993 2900 llic
1024 2824 1264 2921 Caeciaguida
1297 2824 1505 2899 manifestat
1537 2824 1635 2898 unde

465 2945 676 3039 provenerit
703 2945 798 3020 istud
834 2945 997 3022 malum:
1031 2951 1069 3020 et
1098 2944 1193 3037 dicit,
1232 2944 1331 3039 quod
1362 2966 1384 3019 a
1414 2943 1635 3018 dissensione

463 3085 547 3159 quae
573 3064 641 3139 luit
666 3064 762 3140 inter
778 3065 970 3141 ecclesiam
989 3072 1024 3139 et
1045 3064 1319 3160 imperatorem.
1337 3065 1519 3158 Tempore
1536 3062 1633 3136 enim

462 3185 635 3259 Friderici
650 3186 800 3261 secundi
826 3186 930 3260 lactae
956 3192 1042 3258 sunt
1066 3184 1303 3280 partialitates
1323 3203 1469 3279 magnae
1489 3182 1526 3257 iu
1551 3181 1635 3257 Flo-

464 3305 580 3381 rentia
606 3313 643 3380 et
676 3306 908 3402 expulsiones
933 3305 1106 3401 partium,
1137 3312 1174 3380 et
1198 3304 1249 3379 sic
1284 3303 1485 3380 nomitatim
1519 3323 1634 3380 vene·

463 3432 551 3500 runt
567 3425 614 3500 ad
630 3425 869 3501 habitandum
888 3426 1087 3520 civitatem,
1105 3431 1142 3500 et
1160 3424 1334 3500 nobilitati
1355 3432 1392 3499 et
1413 3424 1514 3499 ditati
1531 3431 1627 3497 sunt.

462 3546 563 3623 Unde
586 3546 695 3622 dicit:
728 3550 793 3621 Tol
815 3543 836 3622 e*
855 3550 944 3641 sotto
972 3549 1174 3640 florentino,
1200 3544 1346 3639 scilicet,
1379 3545 1632 3638 adventitie,e

460 3669 598 3742 cambio
622 3690 641 3740 e
665 3688 796 3762 macc,
824 3668 926 3761 idest,
953 3667 1072 3742 lactus
1097 3672 1153 3741 est
1177 3685 1347 3760 campsor
1373 3671 1411 3740 et
1436 3668 1632 3758 mercator,

462 3791 521 3862 cte
544 3793 577 3863 si
599 3789 744 3862 sarette
768 3791 860 3862 collo
884 3809 910 3860 o
934 3789 1122 3882 Similontt,
1146 3804 1231 3879 quae
1255 3792 1310 3859 est
1335 3784 1507 3878 quaedam
1532 3789 1634 3858 terra

462 3909 657 3985 comitatus
682 3908 885 4003 Florentiae,
904 3928 1016 4003 quam
1035 3906 1121 3983 olim
1145 3902 1327 3980 llorentini
1353 3909 1530 3999 ceperunt
1546 3923 1633 3978 cum

463 4049 598 4126 magno
623 4029 748 4104 labore
774 4036 812 4104 et
835 4029 1120 4104 destruxerunt:
1140 4032 1178 4101 et
1193 4025 1298 4100 dicit:
1325 4014 1362 4099 ld
1381 4027 1469 4098 dove
1488 4025 1633 4098 andooa

461 4151 601 4223 {avolo
625 4152 698 4224 ulla
732 4169 846 4240 cnon,
871 4148 974 4244 idest,
1001 4147 1049 4221 ad
1076 4146 1279 4222 custodiam
1312 4144 1509 4220 circuendo
1540 4165 1634 4218 moe·

462 4270 522 4344 nia
535 4260 595 4364 (ἧς
623 4271 681 4344 vel
713 4270 822 4364 dicas,
848 4269 947 4365 quod
973 4274 1081 4344 vocat
1106 4268 1267 4344 circham
1291 4266 1544 4343 circuitionem
1572 4285 1634 4341 ec-

458 4390 669 4484 clesiarum,
696 4411 808 4484 quam
836 4389 973 4465 iaciunt
995 4388 1161 4462 homines
1179 4387 1384 4480 Florentiae,
1402 4392 1440 4460 et
1461 4385 1497 4459 in
1517 4386 1633 4461 corni·

460 4517 538 4587 tatu
564 4511 602 4586 iu
626 4509 685 4585 die
711 4509 855 4586 veneris
880 4508 1008 4601 sancti,
1029 4513 1066 4583 et
1085 4507 1169 4583 alibi
1191 4508 1229 4581 iu
1245 4507 1303 4582 die
1319 4506 1416 4602 jovis
1442 4505 1573 4600 sancti3
1595 4513 1633 4581 et

458 4631 530 4705 hoc
554 4651 628 4704 non
654 4631 733 4706 vult
757 4630 856 4706 aliud
885 4629 1023 4721 dicere,
1049 4628 1116 4702 nisi
1147 4626 1248 4721 quod
1275 4625 1483 4702 habitarent
1510 4624 1632 4700 adlruc

459 4772 538 4845 rus,
555 4751 650 4826 sicut
674 4750 827 4826 iaciebat
843 4770 936 4827 avus
956 4769 1058 4844 suus,
1076 4769 1144 4824 nec
1163 4748 1345 4824 venissent
1360 4745 1408 4822 ad
1425 4746 1630 4840 civitatem3

523 4937 551 5002 (¹)
568 4939 599 4990 Ε.
615 4939 803 4991 comitatenses.
1023 4938 1051 5003 (¹)
1067 4939 1097 4990 E.
1113 4939 1266 4996 nominatos,
1283 4939 1327 5002 qui
1343 4937 1438 4989 viliter.

523 5015 550 5081 (¹)
567 5017 599 5068 E.
615 5016 710 5070 moenia
726 5017 847 5081 civitella
864 5017 917 5070 rel.
