4842 6642
791 827 860 894 1l8
1179 837 1385 894 consensum
1410 837 1574 892 nannnrsr

787 985 988 1061 Bononiam
1014 990 1052 1059 et
1070 983 1362 1078 Romandiolam3
1383 984 1429 1058 de
1454 1003 1530 1077 quo
1547 989 1675 1059 monte
1690 983 1864 1060 euntibus
1880 983 1966 1059 lilo-

787 1105 942 1182 rentiam
969 1104 1090 1200 primo
1119 1111 1272 1200 apparet
1304 1104 1382 1200 ipsa
1411 1103 1549 1179 civitas.
1586 1104 1673 1178 Vult
1705 1125 1797 1202 ergo
1830 1105 1968 1198 dicere,

786 1225 886 1320 quod
912 1245 1018 1298 mous
1043 1224 1258 1299 florentinus
1289 1245 1389 1298 nnnc
1420 1223 1530 1298 vincit
1557 1231 1722 1299 montem
1756 1245 1969 1318 romanum,

788 1345 875 1441 quia
895 1343 1030 1420 scilicet
1051 1344 1293 1420 Uccellatoius
1316 1343 1474 1420 ostendit
1497 1344 1567 1421 sub
1592 1366 1634 1448 se
1661 1346 1802 1421 maiora
1829 1345 1964 1420 moenia

789 1467 991 1560 Florentiae,
1018 1486 1130 1560 quam
1156 1465 1398 1540 lions-malus
1429 1466 1565 1540 moeuia
1590 1466 1729 1540 Romae.
1752 1467 1815 1540 Est
1841 1472 1966 1540 tamen

787 1585 1027 1662 Uecellatoius
1053 1605 1159 1659 mons
1183 1584 1325 1680 sterilis,
1342 1584 1467 1659 aridus
1484 1591 1522 1659 et
1542 1586 1748 1682 sylvestris3
1765 1585 1830 1661 sed
1846 1587 1968 1659 ldons·

789 1707 908 1781 malus
932 1711 988 1780 est
1012 1704 1149 1798 fertilis,
1177 1704 1300 1779 viridis
1325 1713 1363 1780 et
1387 1705 1609 1781 domesticus
1640 1714 1710 1782 etc.
1725 1699 1763 1800 (¹)
1797 1706 1840 1779 ut
1871 1727 1967 1801 prae-

788 1826 931 1903 nuntiat
958 1825 1103 1900 ruinam
1129 1832 1167 1900 et
1191 1825 1478 1901 destructionem
1496 1826 1736 1902 edificiorum
1757 1827 1964 1920 Florentiae,

787 1949 929 2024 dicens:
955 1949 1028 2040 cde,
1055 1945 1159 2040 idest,
1185 1945 1249 2040 qui
1274 1946 1527 2041 Mons-malus,
1555 1939 1628 2021 cosi
1657 1937 1747 2021 sard
1779 1950 1838 2021 net
1868 1950 1962 2039 cato,

788 2069 891 2161 idest,
909 2067 946 2140 in
962 2065 1203 2140 declinatione
1223 2065 1386 2161 etlapsa
1410 2065 1648 2141 aedificiorum
1669 2068 1717 2142 ab
1737 2067 1816 2162 ipso
1832 2067 1964 2142 Uecel-

788 2188 910 2281 latoio,
936 2207 1032 2260 conte
1061 2181 1081 2260 e*
1108 2188 1201 2259 ono
1231 2187 1290 2258 net
1321 2193 1495 2272 montore,
1521 2185 1624 2282 idest,
1658 2187 1695 2261 in
1728 2186 1961 2263 exaltatione.

789 2309 875 2384 Vult
904 2308 1037 2400 dicere,
1067 2305 1167 2400 quod
1197 2304 1291 2380 sicut
1320 2307 1562 2382 Mons-mains
1593 2307 1753 2382 vincitur
1789 2327 1888 2382 nunc
1919 2307 1967 2382 ab

787 2427 1018 2521 Uccellatoio,
1036 2425 1099 2520 qari
1117 2425 1273 2500 ostendit
1293 2425 1433 2501 maiora
1458 2427 1609 2503 edificia
1626 2427 1831 2522 Florentiae,
1849 2446 1964 2521 quiam

787 2546 1028 2625 lions-malus
1052 2546 1192 2639 Romae,
1209 2544 1260 2620 ita
1280 2544 1318 2617 in
1343 2545 1446 2620 brevi
1472 2547 1641 2622 vincetur
1658 2548 1706 2622 ab
1723 2568 1770 2623 eo
1789 2547 1826 2620 in
1843 2546 1963 2640 ruina,

785 2669 873 2764 quia
891 2667 1027 2742 scilicet
1042 2665 1114 2739 cito
1135 2664 1258 2740 veniet
1275 2669 1432 2761 tempus,
1446 2666 1483 2740 in
1501 2687 1577 2762 quo
1596 2687 1702 2742 mons
1719 2665 1964 2743 Uccellatoius

787 2786 952 2863 ostendet
966 2784 1124 2861 maiores
1137 2784 1264 2859 ruinas
1276 2784 1474 2860 domorum
1489 2785 1584 2862 intra
1596 2787 1831 2881 Florentiam,
1845 2805 1957 2882 qnam

787 2908 898 2982 modo
923 2905 1164 2980 Mons-malus
1189 2903 1355 2980 ostendat
1372 2904 1467 2981 intra
1486 2906 1617 2982 urbem
1636 2909 1806 3001 Romam,
1823 2907 1861 2981 in
1886 2927 1961 3000 qua

788 3041 912 3108 tamen
937 3036 1024 3104 sunt
1048 3028 1175 3101 multae
1200 3034 1239 3102 et
1265 3029 1436 3104 maximae
1462 3029 1590 3104 ruinae.
1609 3032 1654 3105 Et
1671 3037 1758 3105 nota
1775 3027 1874 3123 quod
1890 3047 1961 3102 an-

787 3159 846 3226 tor
871 3149 1034 3244 loquitur
1052 3147 1295 3243 hyperbolice,
1319 3149 1541 3225 mordaciter
1557 3150 1750 3246 increpans
1767 3145 1963 3242 supertlui·

789 3277 881 3346 tates
898 3268 1188 3362 florentinorum,
1203 3267 1290 3362 quia
1308 3267 1343 3340 in
1364 3269 1416 3344 rei
1434 3269 1589 3370 veritate
1606 3269 1757 3344 aedidcia
1769 3266 1963 3343 Florentiae

787 3412 861 3466 non
887 3396 971 3464 snnt
997 3388 1127 3464 similia
1152 3387 1326 3484 romanis,
1352 3409 1421 3464 nec
1445 3409 1512 3485 per
1536 3409 1766 3484 consequens
1788 3392 1960 3483 poterunt

787 3531 868 3587 esse
885 3509 1002 3585 ruinae
1020 3507 1173 3602 similes3
1192 3507 1256 3583 sed
1273 3529 1360 3584 ecce
1376 3510 1499 3585 omnia
1514 3509 1652 3585 iaciunt
1667 3529 1821 3585 cursum
1836 3527 1959 3582 suurn.

786 3631 854 3706 Ubi
880 3649 978 3703 nunc
1003 3627 1201 3724 Babylonia
1226 3628 1411 3723 superba?
1437 3629 1544 3704 Troia
1571 3635 1732 3726 magna?
1756 3629 1874 3703 Roma
1895 3647 1961 3722 pu-

787 3756 951 3828 tensi-
964 3751 1165 3823 Belliacton.
1192 3748 1257 3824 llic
1276 3748 1517 3846 Cacciaguida
1534 3750 1660 3826 laudat
1678 3750 1872 3844 antiquum
1896 3749 1962 3822 ba·

787 3873 905 3947 bitum
930 3873 1171 3944 bonestorum
1199 3869 1516 3962 vestimentorum,
1538 3871 1730 3945 nominans
1747 3869 1888 3963 aliquot
1907 3866 1961 3941 ci-

786 4013 850 4068 ves
875 3992 990 4065 bonos
1015 3995 1052 4082 et
1077 4010 1220 4085 graves,
1247 3988 1350 4064 Unde
1365 3988 1470 4064 dicit:
1499 3993 1619 4064 th'io
1640 3993 1830 4064 Betltottoo
1850 3991 1959 4080 Beati,

787 4114 854 4188 iste
878 4111 945 4186 suit
970 4110 1098 4185 nobilis
1123 4110 1239 4203 miles,
1264 4116 1301 4185 et
1330 4110 1426 4186 bene
1454 4117 1620 4186 moratus
1650 4111 1698 4185 de
1727 4108 1958 4206 Ravignanis,

786 4234 832 4310 de
863 4231 997 4328 quibus
1029 4231 1173 4306 dicetur
1202 4230 1343 4325 plenius
1372 4231 1410 4305 in
1439 4231 1597 4327 capitulo
1628 4230 1808 4325 sequenti,
1839 4233 1961 4304 cador

727 4375 732 4384 ·
786 4359 877 4429 muto
897 4356 935 4428 di
958 4355 1058 4428 cunio
1082 4373 1101 4426 e
1125 4353 1159 4428 d’
1173 4374 1267 4445 osso,
1285 4352 1371 4448 quia
1397 4354 1562 4450 gestabat
1584 4353 1788 4428 cincturam
1805 4374 1852 4430 ex
1871 4353 1961 4428 sim-

786 4473 868 4570 plici
893 4473 995 4549 corio
1020 4494 1106 4548 cum
1134 4473 1253 4549 bbulis
1278 4481 1316 4550 et
1340 4473 1566 4550 ornamentis
1590 4472 1714 4568 osseis,
1736 4473 1877 4548 nonde
1901 4493 1961 4549 se·

789 4595 864 4670 rico
890 4596 947 4671 vel
977 4604 1144 4692 argento,
1178 4603 1361 4690 auratam,
1385 4603 1625 4694 gemmatam,
1656 4597 1877 4692 smaltatam,
1909 4597 1960 4670 si·

787 4721 851 4788 cut
875 4736 983 4790 nunc.
1010 4718 1054 4791 lit
1081 4716 1221 4791 subdit:
1246 4737 1266 4789 e
1289 4718 1373 4808 vidi,
1397 4737 1481 4812 ego,
1506 4719 1544 4790 la
1567 4719 1689 4790 donau
1712 4736 1792 4808 mo,
1812 4715 1961 4811 scilicet,

849 4973 875 5034 (Ι)
893 4973 923 5025 Ε.
939 4979 989 5028 ete.
1005 4977 1096 5028 Postea
1113 4969 1278 5041 prenuntiat.
