4842 6642
800 875 869 940 152
1193 883 1399 940 COMENTUM
1423 886 1588 939 Pantulei

796 1032 910 1106 dicat:
936 1031 1030 1105 sicut
1055 1037 1152 1105 esset
1171 1051 1269 1106 nuuc
1288 1029 1454 1108 mirabile
1474 1031 1601 1106 ridere
1618 1031 1655 1104 iu
1672 1029 1856 1106 Florentia
1874 1029 1970 1106 iuter

796 1161 850 1228 tot
875 1151 1022 1226 vitiosos
1048 1172 1164 1224 unum
1191 1151 1310 1226 civem
1341 1151 1497 1227 similem
1532 1151 1757 1244 Cincinnato,
1786 1155 1824 1225 et
1855 1169 1968 1226 uuam
2010 1215 2016 1226 .

797 1271 993 1348 mulierem
1019 1271 1174 1346 similem
1200 1272 1471 1348 dornatiacus
1501 1271 1714 1347 Cincinnato
1745 1271 1883 1346 dictum
1914 1279 1970 1346 est

797 1395 842 1467 Vl
867 1391 1024 1488 capitulo
1050 1391 1160 1466 huius
1185 1390 1366 1485 Paradisi3
1392 1392 1460 1467 luit
1483 1393 1581 1466 euim
1600 1393 1656 1466 vir
1679 1391 1915 1486 parcissimus
1931 1399 1969 1466 et

797 1513 1006 1609 reipublicae
1030 1513 1320 1587 amantissimus:
1346 1511 1393 1588 de
1417 1512 1524 1587 cuius
1548 1512 1717 1588 laudibus
1737 1513 1855 1586 multa
1878 1513 1968 1588 scri·

796 1635 866 1731 psit
901 1635 1001 1707 Titus
1031 1632 1162 1706 Livius.
1195 1633 1288 1708 Dicit
1318 1633 1416 1707 euim
1447 1633 1542 1708 iuter
1574 1633 1645 1708 alia
1679 1633 1779 1728 qued
1809 1632 1968 1708 vendidit

794 1775 927 1850 agrum
954 1760 991 1828 et
1017 1753 1139 1828 renuit
1157 1752 1368 1848 dignitatem
1391 1761 1472 1846 etc,
1494 1775 1655 1848 quorum
1681 1753 1848 1829 omnium
1876 1773 1967 1830 cuu-

797 1875 952 1949 trarium
980 1873 1117 1947 iaciunt
1142 1873 1334 1948 florentini.
1361 1873 1528 1949 Cornelia
1559 1883 1698 1968 autem,
1732 1875 1779 1949 dc
1810 1894 1886 1967 qua
1911 1873 1968 1948 bic

795 1995 960 2089 loquitur
984 2000 1106 2086 autor,
1132 1993 1199 2067 luit
1224 1993 1294 2067 lilia
1326 1995 1449 2090 magui
1482 1995 1658 2090 Scipionis
1687 1994 1856 2091 Africani,
1883 2015 1968 2090 quae

795 2123 923 2192 vocata
958 2119 1012 2190 est
1045 2121 1165 2190 mater
1197 2115 1463 2209 Gracchorum,
1496 2117 1630 2190 mulier
1661 2116 1896 2212 magnanima
1929 2123 1967 2191 et

795 2236 937 2333 pudica,
963 2256 1048 2330 quae
1073 2255 1264 2329 uunquam
1291 2237 1529 2312 transvolavit
1549 2237 1597 2311 ad
1614 2237 1793 2312 secundas
1810 2237 1966 2332 nuptias,

793 2357 840 2433 de
865 2377 939 2451 qua
965 2356 1061 2432 idem
1088 2355 1188 2430 Titus
1213 2355 1336 2431 Livius
1354 2364 1445 2432 -A
1463 2348 1534 2430 cosi
1550 2360 1718 2450 apecula.
1736 2355 1802 2430 Hic
1819 2355 1966 2431 Caecia-

793 2479 905 2577 guida
929 2477 1099 2552 describit
1124 2497 1230 2550 suam
1249 2477 1486 2571 nativitatem,
1503 2478 1637 2571 dicem,
1655 2477 1754 2571 quod
1779 2483 1886 2552 uatus
1909 2485 1965 2551 est

795 2600 831 2674 in
858 2605 933 2674 lam
960 2598 1055 2674 bene
1075 2597 1274 2692 composita
1292 2597 1438 2672 civitate
1454 2604 1492 2672 et
1509 2603 1585 2670 tam
1607 2597 1699 2672 lelici
1721 2603 1848 2692 aetate3
1867 2598 1965 2672 uude

792 2717 897 2793 dicit:
925 2721 1045 2792 Μανία
1069 2720 1245 2791 cliamulu
1268 2721 1306 2790 in
1331 2721 1400 2791 alte
1423 2721 1544 2809 pride,
1570 2717 1676 2812 quasi
1708 2718 1823 2794 dicat:
1851 2720 1965 2794 lllabcr

795 2859 878 2914 mea
905 2838 1078 2914 invocans
1102 2837 1253 2914 Mariam
1280 2837 1362 2912 altis
1388 2837 1549 2932 vecibus,
1573 2837 1668 2912 sicut
1699 2837 1828 2912 eride
1861 2857 1965 2912 mcre

795 2959 994 3034 mulierum
1025 2958 1319 3051 christianarum,
1344 2961 1394 3032 mi
1421 2954 1489 3051 did,
1517 2957 1621 3050 idest,
1646 2957 1787 3052 peperit
1819 2977 1880 3033 me
1910 2956 1964 3032 ci·

793 3099 891 3174 vem,
917 3099 941 3154 a
965 3071 1036 3152 cusi
1058 3080 1217 3170 riposato
1242 3081 1339 3151 cicer
1363 3081 1401 3153 di
1423 3062 1577 3169 diludia,
1603 3077 1681 3151 siue
1706 3077 1813 3169 bello,
1839 3097 1865 3148 α
1893 3068 1964 3150 cosi

794 3203 894 3292 bello,
919 3200 1066 3293 seilicet,
1094 3205 1168 3272 tam
1194 3198 1289 3272 cirili
1315 3205 1353 3274 et
1377 3198 1555 3293 ordinato,
1573 3193 1606 3273 'a
1630 3191 1702 3272 cesi
1726 3201 1803 3292 fidu
1827 3199 1965 3272 citudi-

793 3342 927 3412 ucuza,
953 3340 1037 3415 quae
1069 3339 1142 3393 nou
1175 3319 1321 3394 l'allebat
1350 3318 1471 3413 tidem,
1505 3318 1599 3393 sicut
1630 3339 1738 3394 nuuc.
1772 3319 1815 3393 ut
1843 3319 1965 3395 subdit

793 3441 1001 3517 describens
1025 3460 1065 3516 se
1090 3459 1113 3514 a
1137 3446 1237 3513 secta
1262 3439 1484 3531 stramine,
1509 3443 1604 3533 esui
1627 3443 1795 3513 cusduno
1823 3461 1843 3512 e
1875 3444 1963 3514 Cac-

791 3561 956 3652 ciapuida
980 3561 1186 3633 policratico
1215 3565 1335 3632 uestro
1360 3563 1537 3648 Buttsteo,
1556 3559 1657 3652 idest,
1675 3560 1712 3634 iu
1737 3561 1818 3634 locu
1848 3560 1964 3656 bapti·

793 3680 862 3754 smi
893 3679 1015 3772 vestri,
1041 3679 1139 3772 quod
1174 3679 1261 3752 clim
1297 3678 1365 3752 luit
1393 3681 1572 3775 templum
1603 3679 1736 3772 Martis,
1767 3679 1862 3755 sicut
1885 3681 1961 3775 jam

792 3821 890 3897 saepe
914 3799 1051 3874 dictum
1078 3805 1144 3893 est,
1174 3806 1211 3874 et
1242 3798 1363 3873 adbuc
1392 3799 1546 3874 dicetur.
1560 3804 1788 3873 -Moronto
1813 3804 1865 3895 su.
1897 3800 1962 3875 llic

793 3919 1032 4017 Caeciaguida
1063 3919 1178 4014 tangit
1212 3926 1411 4013 utramque
1445 3919 1594 4014 stirpem
1629 3920 1780 4014 autoris,
1815 3921 1960 4015 scilicet,

793 4040 949 4135 primam
968 4039 1219 4133 Helisaeorum,
1233 4047 1270 4114 et
1286 4039 1486 4114 secundam
1503 4039 1809 4135 Aldigberiurum,
1822 4040 1960 4116 diceus:

792 4164 956 4234 Moroatc
978 4163 1020 4254 su
1045 4163 1114 4232 mio
1126 4163 1223 4253 frate
1246 4167 1280 4233 el
1302 4162 1430 4250 Etueo,
1455 4159 1560 4254 quasi
1584 4159 1699 4234 dicat:
1730 4160 1841 4235 babui
1867 4161 1961 4236 dues

792 4279 933 4372 iratres,
959 4299 1120 4372 quorum
1148 4299 1244 4353 uuus
1274 4286 1426 4356 recatus
1456 4287 1512 4354 est
1542 4281 1740 4373 Mcruutus,
1766 4281 1860 4356 alter
1888 4282 1961 4357 lle·

791 4399 911 4474 lisaeus
936 4419 958 4474 a
985 4399 1133 4474 numine
1157 4399 1287 4495 stirpis.
1312 4400 1356 4473 Et
1381 4399 1485 4474 dicit:
1512 4403 1584 4474 mia
1600 4403 1721 4473 donna
1738 4421 1846 4474 venue
1862 4421 1888 4474 u
1908 4422 1962 4476 me

789 4521 827 4592 di
851 4521 912 4592 val
933 4521 972 4592 di
997 4521 1111 4612 Pado,
1144 4517 1246 4613 idest,
1272 4541 1295 4593 a
1326 4518 1473 4596 civitate
1503 4519 1694 4614 Ferraria,
1720 4540 1805 4614 quae
1836 4528 1892 4596 est
1923 4522 1960 4595 in

793 4638 885 4713 valle
911 4638 1009 4734 Padi,
1031 4640 1145 4714 immo
1170 4647 1226 4714 est
1249 4641 1376 4714 clausa
1404 4642 1500 4715 iutra
1533 4646 1608 4716 tres
1638 4661 1762 4714 ramos
1795 4641 1895 4736 Padi,
1926 4653 1963 4717 et

793 4759 955 4853 undique
980 4759 1122 4854 clausa3
1140 4764 1177 4834 et
1198 4769 1322 4836 rectus
1347 4780 1474 4834 ramus
1498 4760 1585 4835 Padi
1610 4767 1665 4836 est
1691 4760 1740 4834 ibi
1766 4761 1904 4856 mai0r3
1925 4770 1963 4838 et

791 4879 895 4954 dicit:
922 4882 982 4954 e'l
1007 4900 1243 4974 suprannome
1271 4887 1341 4972 tuo,
1371 4881 1517 4974 scilicet,
1546 4880 1787 4978 Aldigberius‚
1813 4881 1860 4956 de
1885 4903 1961 4978 que

747 5056 752 5066 .
790 4999 930 5075 dictum
948 5006 1003 5075 est
1019 5002 1130 5097 paulo
1147 5021 1270 5096 supra,
1282 5003 1314 5074 si
1326 5003 1398 5094 seo,
1415 5001 1518 5096 idest,
1537 5009 1645 5078 uatus
1662 5008 1728 5096 est,
1742 5004 1874 5097 quincii,
1890 5005 1961 5080 sci-
