4842 6642
779 844 918 898 cunnus
943 843 1102 899 uncturus
1127 845 1294 911 oururus.
1554 833 1619 899 1t1

445 993 582 1086 lorum,
608 995 668 1065 cle
689 997 764 1087 socc
787 1013 924 1086 crescer
944 994 1030 1064 toll
1054 995 1093 1064 al
1116 993 1215 1066 votor
1239 993 1322 1085 mio,
1343 989 1445 1084 idest,
1470 991 1624 1066 adauxit

445 1111 666 1188 desiderium
694 1109 892 1186 voluntatis
918 1116 1165 1186 mere-Pol
1193 1115 1386 1186 conductui.
1419 1111 1484 1187 llic
1514 1118 1626 1186 autor

447 1231 531 1306 lacit
559 1231 830 1327 responsionem
863 1253 990 1325 suam3
1017 1238 1054 1306 et
1080 1231 1198 1328 primo
1230 1231 1453 1306 confirmans
1482 1232 1622 1306 dictum

447 1351 697 1450 Caeciaguidae
714 1351 869 1426 ostendit
891 1353 989 1448 quod
1008 1351 1143 1448 paritas
1161 1357 1197 1426 ct
1215 1353 1416 1447 aequalitas,
1438 1373 1550 1446 quam
1569 1350 1626 1426 vi·

448 1472 498 1547 dit
524 1473 560 1546 iu
586 1471 757 1545 omnibus
782 1479 820 1546 et
845 1471 994 1568 singulis
1020 1471 1114 1545 illius
1140 1471 1433 1566 constellationis,
1448 1492 1520 1546 nou
1540 1491 1626 1567 per-
1717 1490 1719 1497 ·

449 1591 615 1667 mittebat
641 1613 727 1666 eum
755 1591 909 1667 credere
933 1591 1033 1687 quod
1060 1593 1137 1687 ipse
1162 1592 1280 1689 magis
1305 1613 1417 1700 quam
1445 1593 1540 1667 alius
1568 1593 1625 1666 ai·

449 1713 621 1789 liceretur
646 1713 692 1788 ad
718 1733 817 1787 eum.
844 1713 935 1788 Dicit
961 1735 1071 1810 ergo:
1092 1718 1169 1807 Pol,
1189 1713 1336 1808 scilicet,
1354 1714 1472 1788 lactus
1497 1712 1620 1788 audax

448 1854 495 1908 ex
520 1853 698 1907 consensu
726 1833 911 1927 Beatriuis5
936 1837 1119 1908 commetat
1135 1827 1219 1925 cosi,
1237 1835 1367 1929 supple
1386 1834 1488 1928 loqui
1506 1841 1543 1908 et
1567 1833 1623 1906 di·

447 1974 535 2030 cere
558 1959 758 2049 antequam
783 1961 949 2049 peterem
976 1955 1063 2050 quid
1090 1955 1258 2030 volebam
1278 1955 1373 2030 scire
1388 1954 1436 2028 ab
1453 1975 1510 2049 eo,
1529 1957 1623 2048 l'as·

443 2079 526 2169 sotto
551 2099 570 2147 e
595 2078 620 2147 ’t
641 2097 762 2167 senno,
789 2076 891 2170 idest,
918 2075 1062 2150 allectio
1076 2068 1112 2168 (⁴)
1133 2082 1170 2150 et
1190 2074 1366 2170 sapientia
1389 2082 1525 2168 vestra,
1541 2079 1573 2148 ct
1586 2080 1622 2168 sc

443 2197 478 2270 α’
490 2217 540 2269 un
562 2217 646 2288 peso
668 2219 735 2288 per
759 2199 900 2269 ciascun
925 2199 963 2269 di
986 2200 1056 2286 voi,
1082 2195 1184 2289 idest,
1210 2217 1318 2290 aequa
1350 2196 1455 2270 lance
1485 2193 1621 2269 allece·

447 2323 533 2390 runt
552 2325 713 2391 mentem
733 2338 868 2412 meam,
886 2317 973 2410 quia
1000 2316 1134 2391 scilicet
1160 2317 1226 2390 visi
1252 2316 1367 2389 luistis
1387 2315 1472 2389 mihi
1490 2336 1620 2390 omnes

402 2488 408 2500 .
446 2435 606 2538 equales
632 2436 667 2508 in
693 2436 884 2510 allectione
911 2443 947 2510 et
973 2427 1166 2530 sapientia:
1195 2443 1233 2510 et
1258 2435 1327 2510 hoc
1352 2436 1431 2529 luit7
1457 2457 1553 2509 como
1583 2439 1621 2508 ta

441 2558 563 2647 primo
588 2547 739 2646 apuclitd
765 2559 968 2648 dopporse.
996 2555 1091 2630 Dixit
1117 2557 1215 2631 enim
1242 2577 1353 2651 supra
1378 2556 1415 2629 in
1442 2555 1621 2651 principio

447 2675 556 2748 huius
581 2677 739 2772 capituli,
766 2678 864 2772 quod
890 2677 1047 2774 benigna
1074 2679 1243 2752 voluntas
1260 2678 1486 2772 imposuerat
1509 2676 1620 2752 silen-

447 2795 539 2868 tium
566 2795 633 2869 illis
653 2796 837 2891 spiritibus
854 2797 1083 2872 concorditer
1108 2804 1145 2872 et
1170 2797 1308 2893 pariter
1332 2818 1417 2872 cum
1441 2816 1620 2892 rogaren-

411 3013 413 3020 γ
448 2922 510 2988 tur
534 2915 582 2989 ab
607 2923 755 3010 autore;
782 2924 818 2991 et
845 2937 891 2991 ex
917 2916 986 2991 hoc
1011 2924 1120 2991 autor
1146 2939 1219 2991 non
1238 2909 1456 2991 movebatur
1474 2917 1556 3011 plus
1573 2915 1619 2990 ad

448 3055 565 3108 unum
593 3057 705 3129 quam
732 3037 777 3110 ad
805 3037 931 3111 alium.
959 3037 1002 3110 Et
1028 3037 1148 3111 subdit
1173 3044 1282 3112 autor
1304 3037 1482 3111 rationem
1507 3043 1620 3111 tantae

445 3153 621 3251 paritatis,
648 3156 788 3231 dicens:
815 3156 914 3250 quod
934 3156 1067 3231 habent
1084 3158 1193 3232 talem
1213 3157 1460 3251 equalitatem
1477 3157 1525 3230 ab
1542 3177 1619 3230 uno

448 3277 605 3370 lumine3
639 3278 737 3352 unde
770 3277 872 3352 dicit:
905 3271 993 3369 perd
1027 3281 1087 3351 cle
1110 3280 1150 3350 ct
1180 3281 1247 3370 sot,
1280 3277 1382 3372 idest,
1412 3278 1522 3371 Deus,
1561 3281 1621 3350 cle

448 3399 480 3469 o’
493 3389 621 3471 oltumd
636 3419 654 3467 e
668 3418 762 3486 urse,
776 3396 877 3490 idest,
892 3397 954 3490 qui
973 3395 1189 3470 illuminavit
1208 3403 1244 3471 et
1256 3396 1422 3472 accendit
1439 3417 1505 3470 vos
1526 3396 1619 3470 sicut

444 3518 497 3591 sol
518 3517 636 3592 sidera
657 3539 736 3608 sua,
754 3518 810 3590 col
825 3519 927 3589 caldo
952 3539 970 3590 e
994 3538 1060 3590 con
1086 3519 1122 3589 ta
1148 3521 1233 3609 lucc,
1254 3517 1357 3612 idest,
1375 3538 1461 3591 cum
1488 3536 1618 3591 amore

445 3643 482 3712 ct
507 3638 693 3735 sapientia,
719 3660 761 3710 en
790 3631 820 3710 sl
843 3639 965 3729 ipuali,
994 3637 1140 3731 scilicet,
1167 3637 1203 3710 in
1235 3635 1338 3710 vobis
1371 3635 1533 3732 singulis,
1560 3637 1619 3707 cm

446 3765 525 3831 tutte
557 3761 774 3849 simiplianze
806 3779 894 3831 sono
928 3778 1060 3848 scarse,
1091 3756 1194 3852 quasi
1227 3756 1342 3830 dicat:
1369 3775 1442 3830 non
1468 3775 1615 3851 possum

445 3877 657 3953 adinvenire
682 3877 831 3974 dignam
858 3861 1128 3952 similitudinem
1154 3878 1211 3951 vel
1234 3875 1546 3970 comparationem
1568 3875 1614 3948 ad

445 3996 721 4090 exprimendam
748 4004 885 4072 tantam
913 4003 949 4072 et
975 4005 1050 4071 tam
1073 3997 1278 4072 mirabilem
1306 3997 1497 4092 paritatem
1525 3987 1613 4086 et(²i

351 4181 367 4208 ,
445 4115 857 4190 beatitudinem-Mo
890 4121 1016 4208 nuptio.
1048 4118 1113 4190 llic
1152 4123 1260 4192 autor
1298 4116 1449 4191 intendit
1490 4137 1619 4212 regra-

446 4234 527 4316 tiari
553 4234 648 4308 dicto
678 4235 818 4330 spiritui
844 4235 890 4310 de
916 4236 1090 4330 singulari
1118 4236 1208 4310 lesto
1235 4235 1432 4331 quodiam
1459 4235 1616 4311 ostendit

445 4355 510 4429 sibi
536 4376 583 4430 ex
610 4355 718 4451 signis
744 4363 781 4430 et
807 4356 937 4430 verbis.
966 4357 1154 4452 lit—primo
1180 4364 1333 4432 excusat
1357 4377 1398 4431 se
1423 4356 1521 4450 quod
1544 4376 1617 4429 non

443 4481 561 4570 potest
586 4475 707 4551 iacere
732 4477 949 4574 condignam
978 4477 1275 4572 regradationem
1303 4477 1511 4569 verbalem3
1534 4476 1617 4549 ideo

445 4595 668 4692 regratiatur
693 4596 758 4670 sibi
784 4596 1031 4690 cordetenus,
1054 4617 1126 4670 non
1145 4597 1259 4671 verbo
1277 4603 1394 4670 tenua.
1412 4597 1517 4670 Nunc
1534 4595 1617 4669 vide

443 4715 599 4808 literam,
630 4724 667 4790 et
701 4709 907 4811 expone(³),
935 4737 1019 4812 quae
1049 4717 1125 4792 lere
1159 4718 1206 4791 ab
1240 4716 1410 4791 omnibus
1444 4721 1499 4792 est
1531 4735 1617 4811 per-

506 4903 534 4966 (¹)
551 4904 582 4954 E.
600 4903 727 4955 auecrauo
742 4909 770 4954 et
785 4905 916 4968 supientia.
1135 4903 1163 4970 t')
1181 4907 1210 4958 Ε.
1228 4907 1254 4956 iu
1270 4907 1436 4958 beudtudine.

506 4981 533 5041 ι’)
549 4981 581 5032 Ε.
596 4993 696 5044 expone
711 4995 778 5042 mm,
794 4995 853 5046 qum
869 4981 979 5034 estsere
996 4982 1028 5033 ab
1044 4984 1164 5034 omuibus
1180 4997 1310 5048 perversu.
