4842 6642
996 781 1042 850 98
1385 787 1591 844 corrrnrurt
1615 787 1784 842 rnntnrsr

995 955 1116 1029 serra,
1136 935 1244 1030 juxta
1271 931 1379 1006 illud:
1405 932 1542 1006 sociam
1569 931 1719 1006 sortitus
1743 949 1796 1025 es,
1817 949 1891 1004 non
1915 929 2105 1004 ancillam:
2132 935 2172 1002 et

994 1057 1099 1136 dicit:
1125 1059 1152 1130 il
1175 1058 1232 1129 cui
1252 1057 1389 1146 palato,
1417 1052 1505 1146 quia
1529 1051 1690 1149 gustavit
1714 1051 1761 1126 de
1787 1070 1898 1147 pomo
1923 1050 2047 1144 vetito,
2073 1055 2169 1123 ouda

995 1199 1020 1252 o
1041 1178 1163 1250 tutto’l
1186 1177 1331 1267 mondo,
1353 1173 1439 1266 quia
1457 1172 1645 1248 damnavit
1665 1178 1783 1246 toturn
1806 1173 2011 1247 humanum
2031 1190 2169 1266 genus3

995 1300 1039 1372 od
1062 1299 1101 1370 in
1126 1298 1217 1390 puel,
1234 1294 1380 1387 scilicet,
1402 1293 1438 1366 in
1462 1300 1613 1388 pectore
1637 1292 1768 1366 Christi
1785 1284 1835 1385 (¹),
1853 1295 1913 1364 cle
1929 1294 2051 1386 forato
2072 1294 2171 1364 dailo

998 1420 1114 1490 lencm
1137 1419 1304 1508 sudusece
1328 1421 1425 1488 tuoto
1449 1416 1510 1486 che
1533 1417 1631 1487 uince
1654 1417 1691 1486 lu
1715 1413 1868 1486 woodo
1892 1415 1927 1486 d'
1940 1415 2026 1504 opni
2054 1415 2170 1504 cotpo,

998 1537 1084 1630 quia
1110 1535 1246 1610 scilicet
1272 1553 1372 1608 mors
1396 1533 1526 1608 Christi
1542 1525 1580 1625 (²)
1610 1533 1901 1628 praeponderavit
1925 1532 2027 1606 omni
2051 1535 2170 1628 culpe

955 1691 958 1698 ·
999 1657 1203 1752 primorum
1231 1661 1425 1750 parentum
1456 1661 1493 1728 et
1526 1655 1694 1728 omniurn
1727 1653 1917 1728 hominum
1949 1653 2169 1746 intantum,

998 1777 1096 1870 quod
1124 1795 1224 1849 mors
1248 1774 1308 1848 illa
1334 1775 1402 1848 luit
1429 1774 1615 1849 sulliciens
1639 1774 1686 1849 ad
1713 1774 1967 1848 redimendum
1997 1774 2172 1848 innume·

998 1897 1130 1972 rabiles
1158 1895 1325 1989 mulidus,
1344 1895 1481 1970 nedum
1502 1916 1637 1988 unum,
1662 1901 1700 1970 et
1723 1894 1809 1970 dicit
1834 1894 1933 1989 qnod
1951 1901 2094 1970 tantum
2112 1915 2172 1968 sa·

998 2017 1138 2111 tisiecit,
1163 2039 1182 2090 e
1203 2019 1327 2108 pontu
1350 2039 1370 2088 e
1391 2018 1489 2108 prio,
1514 2015 1650 2090 scilicet
1674 2022 1867 2108 postquam
1890 2014 2078 2090 lanceatus
2105 2015 2172 2088 tuit

999 2135 1036 2208 in
1061 2155 1185 2228 cruce,
1203 2143 1240 2209 et
1256 2142 1480 2227 anteaquam
1498 2135 1742 2226 lancearetur,
1762 2134 1848 2227 quia
1867 2134 1945 2229 jam
1968 2135 2173 2209 sufficiehat

999 2255 1116 2350 passio
1143 2254 1287 2328 Domini
1302 2245 1338 2345 (³)
1365 2253 1413 2328 ad
1439 2253 1727 2348 redemptionem
1761 2253 1903 2347 absque
1934 2254 2173 2329 lanceatione.

999 2375 1042 2450 Et
1067 2375 1171 2452 dicit:
1197 2379 1247 2449 du
1273 2378 1352 2466 prul
1375 2377 1491 2463 votor,
1516 2373 1652 2449 scilicet
1670 2374 1747 2448 lieo
1763 2380 1868 2468 patre
1884 2375 1944 2448 cui
1961 2376 2174 2449 attribuitur

1002 2495 1175 2590 potentia,
1201 2499 1262 2569 che
1282 2501 1356 2589 lece
1381 2498 1499 2584 iuno,
1516 2494 1663 2587 scilicet,
1681 2495 1807 2588 Adam,
1824 2517 1844 2569 e
1861 2498 2003 2586 tolno,
2025 2496 2171 2591 scilicet,

1001 2617 1184 2692 Christum
1201 2605 1251 2708 (⁸).
1278 2617 1322 2690 Et
1351 2615 1472 2690 subdit
1496 2615 1666 2707 Thomas,
1692 2637 1712 2688 e
1738 2608 1830 2708 perd
1863 2619 2005 2690 ammiti
2032 2615 2085 2689 no
2113 2621 2175 2690 che

1000 2743 1036 2812 io
1060 2742 1147 2812 duri
1169 2759 1264 2830 soso,
1292 2737 1429 2811 scilicet
1451 2737 1487 2809 in
1508 2737 1542 2810 Χ
1561 2737 1733 2831 capitulo,
1754 2739 1897 2828 quondo
1912 2740 2043 2810 norrui
2065 2741 2126 2810 che
2149 2740 2177 2809 it

1002 2861 1066 2932 hen
1083 2861 1133 2932 clt'
1146 2855 1167 2932 e*
1181 2861 1298 2932 cliuso
1314 2860 1406 2931 nella
1424 2860 1543 2947 quintu
1560 2859 1645 2949 luce,
1666 2855 1768 2951 idest,
1786 2856 1933 2951 spiritus
1950 2856 2013 2951 qui
2031 2863 2114 2931 erat
2138 2857 2173 2930 in

1004 2981 1087 3054 luce
1112 2977 1240 3072 quinta
1264 2997 1310 3052 ex
1338 2977 1406 3051 illis
1430 2975 1635 3069 duodecim,
1653 2997 1701 3050 ex
1721 2977 1857 3070 quihus
1873 2977 1968 3052 iacta
1985 2983 2041 3052 est
2057 2977 2175 3071 prima

1004 3119 1153 3192 corona,
1178 3119 1252 3170 oon
1277 3098 1357 3172 eloe
1380 3101 1601 3171 secondo—
1614 3103 1667 3171 Or
1690 3102 1783 3191 aput
1810 3098 1875 3172 Hic
1900 3099 2058 3172 'ihomas
2080 3105 2174 3173 tacta

1003 3219 1173 3314 opinione
1197 3217 1338 3292 autoris
1364 3227 1463 3292 nnnc
1488 3219 1610 3314 incipit
1635 3220 1779 3295 solvere
1795 3220 1968 3314 duhium3
1994 3227 2033 3295 et
2056 3220 2179 3315 primo

1004 3339 1120 3416 reddit
1144 3345 1315 3414 autorem
1340 3345 1522 3414 attentum
1547 3341 1595 3415 ad
1621 3342 1895 3436 responsionem
1922 3363 2034 3435 quam
2061 3339 2179 3416 iactu-

1005 3484 1068 3536 rus
1089 3467 1155 3555 est,
1173 3461 1317 3536 dicens:
1348 3466 1402 3535 Or
1426 3467 1509 3554 apri
1532 3465 1583 3554 pti
1607 3466 1715 3553 oceli,
1741 3463 1877 3538 scilicet
1902 3463 2176 3554 intellectuales,

1004 3603 1028 3654 a
1054 3585 1132 3673 puel
1150 3584 1249 3656 ch'th
1274 3585 1301 3655 ti
1324 3585 1508 3675 rispondo,
1534 3607 1553 3656 e
1578 3587 1704 3657 oedrai
1725 3586 1754 3656 ii
1776 3592 1834 3658 too
1862 3587 1999 3675 medo,
2031 3583 2176 3675 scilicet,

1004 3701 1050 3776 de
1075 3702 1188 3782 Adam
1217 3710 1254 3776 et
1280 3702 1422 3777 Christo
1438 3695 1487 3796 (⁵),
1513 3726 1533 3777 e
1560 3707 1588 3777 il
1610 3707 1681 3777 mio
1705 3707 1796 3794 dire,
1821 3704 1967 3800 scilicet,
1998 3705 2044 3780 de
2073 3706 2179 3780 Salo·

1006 3842 1127 3916 mone,
1150 3826 1246 3916 sarsi
1268 3827 1327 3896 nel
1351 3846 1448 3914 nero,
1475 3823 1622 3917 scilicet,
1649 3823 1842 3918 verificari,
1868 3846 1964 3898 come
1988 3832 2107 3899 omno
2138 3828 2176 3897 in

1006 3946 1126 4034 lmtdo,
1152 3944 1238 4036 quia
1264 3943 1401 4018 scilicet
1426 3951 1630 4038 utrumque
1654 3953 1710 4018 est
1735 3965 1880 4038 verum,
1899 3950 1937 4020 et
1962 3952 2067 4020 tuum
2094 3965 2176 4020 cre·

1005 4063 1094 4140 dere
1119 4071 1156 4140 et
1183 4085 1310 4139 meum
1336 4065 1476 4158 dicere;
1502 4072 1540 4139 et
1565 4066 1614 4139 ita
1634 4067 1729 4142 hene
1745 4066 1999 4141 conformatur
2015 4067 2064 4141 illi
2082 4067 2177 4142 dicto

1005 4185 1100 4260 sicut
1125 4192 1296 4260 centrum
1322 4186 1473 4279 circulo,
1499 4185 1605 4280 quasi
1629 4186 1743 4260 dicat:
1770 4187 1818 4261 ita
1846 4187 1939 4262 hene
1963 4187 2060 4264 cadit
2091 4181 2179 4261 tuns

1006 4306 1208 4380 intellectus
1235 4316 1273 4382 et
1299 4318 1406 4380 meus
1431 4306 1468 4378 in
1493 4307 1554 4380 illo
1570 4306 1668 4380 dicto
1684 4307 1779 4381 sicut
1796 4314 1964 4381 centrum
1985 4307 2021 4380 in
2039 4307 2178 4382 circulo

1006 4424 1107 4500 sedet
1123 4425 1397 4500 convenienter.
1411 4465 1460 4479 -
1476 4417 1537 4499 oto
1553 4428 1613 4499 che
1628 4447 1702 4499 uon
1722 4448 1853 4500 maore.
1871 4426 1938 4501 llic
1954 4427 2113 4501 'ihomas
2131 4427 2179 4502 de

1008 4546 1150 4639 riquino
1176 4547 1297 4641 primo
1329 4546 1524 4620 confirmat
1557 4547 1765 4641 opinionem
1797 4548 1949 4640 autoris,
1980 4554 2018 4622 et
2050 4549 2179 4642 prohat

1070 4777 1097 4840 (¹)
1115 4777 1145 4826 E.
1161 4775 1223 4825 Josu
1238 4775 1333 4826 Christi
1349 4777 1486 4835 benedicti,
1502 4779 1553 4828 che.
1751 4780 1779 4839 (η
1797 4779 1828 4829 Ε.
1844 4779 1905 4828 lm
1922 4777 2025 4828 christi.

1074 4853 1100 4913 ι’)
1117 4851 1148 4902 E.
1165 4851 1269 4902 Domini
1285 4853 1364 4914 ipsius
1379 4855 1460 4904 nostri
1477 4854 1581 4905 Domirn
1596 4854 1659 4905 Jcou
1673 4853 1767 4905 Christi
1784 4855 1817 4905 ad
1833 4855 2038 4918 redemptionem
2053 4859 2179 4904 nostram.

1073 4931 1100 4990 (¹)
1117 4929 1147 4979 E.
1163 4927 1255 4978 lesum
1268 4927 1409 4981 Christum.
1751 4933 1779 4997 (⁸)
1798 4933 1826 4984 Ε,
1841 4933 1904 4984 sm
1918 4931 2028 4983 entim,
