4842 6642
823 793 894 860 tto
1211 801 1416 861 nonnarum
1440 804 1607 860 rnnnnrsn

823 950 1039 1046 temptantes
1071 949 1203 1042 Deum
1233 952 1271 1024 irc
1300 952 1519 1041 semicirculi,
1553 948 1655 1043 idest,
1690 947 1810 1025 medio
1841 947 1992 1042 circulo,

823 1071 964 1144 d'ottrc
982 1073 1101 1162 pore,
1127 1066 1274 1162 scilicet,
1294 1069 1414 1145 media
1431 1067 1594 1165 opposita
1613 1067 1814 1165 praedictae3
1835 1074 1872 1143 et
1888 1067 1991 1142 dicit:

822 1192 913 1264 orde
936 1209 1025 1262 seno
1048 1190 1213 1280 intercisi,
1234 1187 1337 1282 idest,
1355 1188 1611 1264 intermedieti.
1630 1189 1700 1264 Per
1718 1189 1788 1262 hoc
1805 1193 1907 1262 notat
1923 1188 1994 1261 inn-

822 1308 1080 1407 perfectionem
1108 1309 1255 1384 numeri
1272 1309 1438 1405 istorum,
1457 1329 1618 1404 quornm
1638 1308 1801 1384 nondam
1819 1314 1874 1384 est
1890 1327 1993 1384 nnm-

823 1431 941 1526 pletos
967 1449 1147 1503 numerus
1163 1429 1258 1504 siout
1275 1429 1422 1506 illorum
1449 1429 1584 1506 veteris
1609 1429 1843 1524 Testamenti,
1862 1435 1904 1503 nt
1925 1428 1992 1502 ista

823 1571 908 1648 pars
933 1549 1004 1625 alia
1030 1570 1125 1624 rose
1149 1557 1268 1646 potest
1284 1549 1353 1624 dici
1372 1551 1585 1644 immatura,
1603 1569 1687 1644 quae
1702 1549 1749 1624 de
1765 1549 1824 1626 die
1841 1549 1879 1624 in
1895 1549 1991 1624 diem
2116 1631 2118 1636 ,

824 1672 1009 1767 reptetnr3
1034 1677 1072 1745 et
1100 1669 1249 1764 qnando
1281 1690 1411 1746 omnes
1441 1668 1546 1746 sedes
1579 1677 1690 1745 erunt
1715 1670 1875 1765 replete,
1907 1673 1993 1743 tnnc

823 1791 1080 1868 terminabitur
1114 1791 1285 1866 mundns.
1327 1791 1371 1865 Et
1409 1789 1513 1865 dicit:
1552 1793 1775 1882 semicirculi,
1810 1791 1872 1866 ubi
1908 1798 1995 1865 stant

822 1933 958 1988 scanne
983 1931 1113 2004 vacua,
1140 1911 1242 2005 idest,
1268 1910 1368 2006 quod
1393 1930 1466 1984 non
1493 1917 1684 1986 transeunt
1709 1912 1788 1986 illos
1808 1911 1992 2009 gradosa

824 2039 927 2128 parte
951 2031 1145 2106 beatorum
1174 2031 1309 2106 veteris
1334 2029 1567 2106 Testamenti.
1580 2035 1676 2104 -Ε
1696 2052 1802 2104 come.
1821 2031 1886 2107 Hic
1902 2032 1993 2106 Ber-

825 2152 961 2226 nardus
993 2150 1077 2224 iacit
1110 2149 1378 2225 distinctionem
1413 2149 1607 2226 beatorum
1643 2151 1728 2226 novi
1758 2151 1991 2246 Testamenti,

823 2274 919 2349 sient
941 2270 1110 2367 superins
1135 2271 1272 2347 iecerat
1296 2259 1343 2347 de'
1367 2271 1482 2346 beatis
1504 2271 1657 2366 veteris;
1675 2279 1713 2348 et
1735 2271 1896 2348 breviter
1913 2272 1993 2346 vult

823 2393 946 2469 dicere
970 2392 1069 2488 quod
1094 2392 1188 2466 sicut
1213 2393 1307 2468 iacta
1324 2398 1379 2468 est
1395 2391 1598 2468 differentia
1616 2399 1653 2468 et
1674 2392 1841 2468 ordinata
1865 2392 1992 2468 distin-

823 2513 896 2588 ctio
920 2512 1015 2587 inter
1041 2511 1188 2608 spiritus
1222 2510 1399 2606 hebreos,
1433 2512 1481 2586 ita
1513 2511 1590 2608 pari
1624 2512 1733 2587 modo
1766 2506 1873 2604 estt')
1899 2512 1994 2588 inter

824 2632 1048 2710 christianos.
1082 2633 1187 2707 Nunc
1225 2639 1397 2709 construe
1432 2632 1574 2706 literam
1613 2635 1698 2727 q'uae
1737 2639 1792 2708 est
1826 2632 1992 2708 intricata

824 2753 998 2846 muitum,
1023 2759 1061 2828 et
1086 2752 1203 2827 dicas:
1226 2754 1323 2843 (incl,
1339 2752 1487 2848 scilicet,
1509 2773 1700 2846 scannum,
1717 2754 1776 2826 det
1794 2773 1890 2844 pron
1910 2755 1994 2826 Gin-

822 2876 944 2964 varri,
969 2873 1116 2968 scilicet,
1143 2873 1329 2969 Baptistae3
1355 2879 1393 2948 et
1417 2872 1574 2948 ostendit
1589 2863 1625 2966 (¹)
1645 2873 1743 2968 quod
1763 2873 1895 2949 merito
1914 2895 1994 2948 mne·

821 3015 917 3091 gnus
954 2992 1010 3087 sit,
1040 2993 1183 3070 dicens:
1209 2996 1270 3067 cte
1301 3014 1438 3086 sempre
1470 3001 1586 3083 screto,
1619 2993 1766 3088 scilicet,
1800 2993 1848 3068 ab
1884 3001 1991 3069 utero

824 3113 961 3206 matris,
986 3117 1132 3207 soffcrse
1154 3116 1182 3187 it
1203 3116 1353 3206 desmtc,
1379 3114 1423 3188 ad
1451 3113 1550 3210 qnod
1576 3115 1640 3190 ivit
1658 3115 1693 3189 in
1711 3115 1867 3211 septimo
1892 3137 1991 3192 anno

821 3233 867 3307 ad
899 3233 1079 3330 agendam
1113 3234 1376 3329 poenitentiam,
1402 3233 1497 3309 sicut
1522 3233 1697 3330 scriptum
1733 3242 1788 3310 est
1819 3257 1931 3333 snpra
1956 3236 1993 3310 in

821 3353 1026 3451 Purgatorii
1061 3353 1213 3449 cantica,
1252 3357 1330 3428 eit
1366 3357 1531 3448 martiro,
1572 3353 1659 3450 qnia
1694 3354 1762 3430 init
1792 3355 1992 3432 decollatus

820 3473 867 3547 ad
905 3472 1114 3568 petitionem
1153 3475 1297 3569 puettae,
1334 3481 1374 3548 ut
1411 3474 1588 3570 scriptum
1628 3481 1683 3550 est
1721 3496 1845 3571 snpra,
1881 3497 1900 3549 c
1933 3481 1995 3570 pei

822 3598 997 3691 tinscrno
1022 3599 1072 3670 dc
1088 3598 1162 3688 ,doc
1186 3599 1287 3688 enni,
1320 3595 1465 3691 scilicet,
1497 3617 1691 3690 usquequo
1716 3596 1880 3672 Christus
1906 3617 1991 3692 spo-

821 3715 921 3791 tiavit
957 3715 1138 3812 limbnm3
1168 3739 1188 3791 c
1222 3710 1293 3792 cosi
1331 3723 1540 3808 itonccscn,
1580 3718 1761 3790 Bmedcttn
1795 3739 1815 3790 e
1847 3720 1993 3809 Aceste

820 3845 909 3912 sotto
931 3841 991 3929 tei,
1004 3838 1151 3934 scilicet,
1169 3839 1378 3932 iohanne-e
1392 3839 1443 3930 pti
1459 3839 1544 3912 citri
1557 3839 1612 3949 fin
1628 3833 1781 3933 proppiri
1801 3839 1840 3913 di
1857 3841 1939 3930 piro
1955 3842 1992 3914 in

782 3953 785 3958 ’
820 3962 915 4050 piro,
941 3958 1044 4053 idest,
1071 3966 1109 4034 et
1133 3959 1193 4033 atii
1219 3957 1334 4033 sancti
1361 3978 1481 4052 usque
1504 3957 1549 4031 ad
1582 3963 1792 4032 extremum
1825 3979 1918 4034 rosae
1947 3959 1994 4034 de

823 4078 906 4154 tolio
931 4078 968 4152 in
995 4078 1139 4172 iolinm;
1164 4098 1294 4153 omnes
1320 4077 1388 4171 isti,
1417 4079 1551 4151 sortire
1575 4098 1714 4169 cerncr,
1739 4077 1842 4174 idest,
1868 4077 1994 4152 distin-

821 4197 978 4274 ctionem
1011 4204 1049 4273 et
1081 4197 1350 4292 discretionem,
1375 4190 1447 4272 cosi
1480 4199 1518 4271 di
1547 4204 1686 4289 coneo,
1717 4197 1819 4291 idest,
1859 4197 1908 4271 ita
1947 4217 1992 4272 ex

821 4319 988 4414 adverso,
1006 4341 1103 4394 come
1125 4323 1154 4394 ii
1175 4321 1336 4411 ptorioso
1360 4339 1494 4392 scamno
1518 4319 1611 4392 detta
1635 4319 1756 4392 donno
1779 4319 1837 4392 det
1860 4319 1994 4407 cieto,e

821 4443 872 4534 pe·
895 4443 982 4515 citri
1007 4443 1134 4514 scanni
1163 4442 1202 4514 di
1233 4445 1320 4514 sotto
1354 4441 1404 4512 tui
1432 4440 1546 4531 fanno
1575 4444 1716 4512 cotcntc
1745 4457 1866 4529 cerna,
1892 4437 1995 4530 idest,

823 4567 962 4636 tantam
980 4559 1248 4635 distinctionem
1275 4565 1312 4634 et
1337 4557 1592 4634 discretionem
1609 4549 1659 4652 (³),
1681 4566 1857 4654 quantam
1881 4565 1921 4632 tu
1940 4558 1994 4630 vi-

822 4679 915 4774 disti,
941 4683 1067 4774 quine,
1093 4679 1240 4772 scilicet,
1267 4697 1310 4753 ex
1343 4677 1515 4774 praedicta
1545 4685 1650 4774 parte
1680 4679 1927 4753 hebraeornm.
1946 4717 1996 4732 -

886 4939 914 4998 (¹)
929 4938 960 4989 Ε.
976 4943 1016 4989 est
1032 4937 1098 4989 iactr
1114 4939 1191 4990 inter.
1284 4936 1313 5000 (¹)
1327 4935 1354 4988 8.
1371 4941 1483 5000 oportet.
1577 4935 1604 5000 ι’)
1621 4937 1652 4988 Ε.
1668 4937 1891 5002 discrepationem.
