<?xml version="1.0" encoding="UTF-8"?>
<!DOCTYPE html PUBLIC "-//W3C//DTD XHTML 1.0 Transitional//EN"
    "http://www.w3.org/TR/xhtml1/DTD/xhtml1-transitional.dtd">
<html xmlns="http://www.w3.org/1999/xhtml" xml:lang="en" lang="en">
 <head>
  <title>
</title>
<meta http-equiv="Content-Type" content="text/html;charset=utf-8" />
  <meta name='ocr-system' content='tesseract 3.04.00' />
  <meta name='ocr-capabilities' content='ocr_page ocr_carea ocr_par ocr_line ocrx_word'/>
</head>
<body>
  <div class='ocr_page' id='page_1' title='image "./comentumsuperda02benvgoog_0020.png"; bbox 0 0 4842 6642; ppageno 0'>
   <div class='ocr_carea' id='block_1_1' title="bbox 885 843 1668 909">
    <p class='ocr_par' dir='ltr' id='par_1_1' title="bbox 885 843 1668 909">
     <span class='ocr_line' id='line_1_1' title="bbox 885 843 1668 909; baseline 0 -2"><span class='ocrx_word' id='word_1_1' title='bbox 885 843 928 907; x_wconf 91' lang='lat'>10</span> <span class='ocrx_word' id='word_1_2' title='bbox 1272 852 1476 909; x_wconf 77' lang='lat' dir='ltr'>cumauruar</span> <span class='ocrx_word' id='word_1_3' title='bbox 1500 856 1668 909; x_wconf 81' lang='lat' dir='ltr'>ranaursr</span> 
     </span>
    </p>
   </div>
   <div class='ocr_carea' id='block_1_2' title="bbox 873 995 2073 4821">
    <p class='ocr_par' dir='ltr' id='par_1_2' title="bbox 873 995 2073 4821">
     <span class='ocr_line' id='line_1_2' title="bbox 879 995 2050 1090; baseline 0.002 -19"><span class='ocrx_word' id='word_1_4' title='bbox 879 995 985 1071; x_wconf 85' lang='lat' dir='ltr'>cebet</span> <span class='ocrx_word' id='word_1_5' title='bbox 1019 1017 1131 1070; x_wconf 89' lang='lat' dir='ltr'>mann</span> <span class='ocrx_word' id='word_1_6' title='bbox 1166 1001 1203 1070; x_wconf 88' lang='lat' dir='ltr'>et</span> <span class='ocrx_word' id='word_1_7' title='bbox 1237 1004 1330 1071; x_wconf 91' lang='lat' dir='ltr'>nutu</span> <span class='ocrx_word' id='word_1_8' title='bbox 1367 1018 1414 1073; x_wconf 89' lang='lat' dir='ltr'>ne</span> <span class='ocrx_word' id='word_1_9' title='bbox 1444 999 1652 1074; x_wconf 85' lang='lat' dir='ltr'>occiderent</span> <span class='ocrx_word' id='word_1_10' title='bbox 1683 1017 1785 1090; x_wconf 87' lang='lat' dir='ltr'>eum,</span> <span class='ocrx_word' id='word_1_11' title='bbox 1815 1004 1857 1070; x_wconf 91' lang='lat' dir='ltr'>ut</span> <span class='ocrx_word' id='word_1_12' title='bbox 1893 998 2050 1073; x_wconf 89' lang='lat' dir='ltr'>sciretur</span> 
     </span>
     <span class='ocr_line' id='line_1_3' title="bbox 879 1110 2047 1214; baseline 0.003 -23"><span class='ocrx_word' id='word_1_13' title='bbox 879 1137 996 1212; x_wconf 87' lang='lat' dir='ltr'>quare</span> <span class='ocrx_word' id='word_1_14' title='bbox 1021 1117 1090 1192; x_wconf 89' lang='lat' dir='ltr'>hoc</span> <span class='ocrx_word' id='word_1_15' title='bbox 1115 1117 1253 1191; x_wconf 85' lang='lat' dir='ltr'>lecerat</span> <span class='ocrx_word' id='word_1_16' title='bbox 1268 1110 1319 1209; x_wconf 79' lang='lat'>(⁴),</span> <span class='ocrx_word' id='word_1_17' title='bbox 1344 1137 1431 1192; x_wconf 91' lang='lat' dir='ltr'>cum</span> <span class='ocrx_word' id='word_1_18' title='bbox 1457 1125 1582 1193; x_wconf 89' lang='lat' dir='ltr'>tamen</span> <span class='ocrx_word' id='word_1_19' title='bbox 1607 1119 1720 1192; x_wconf 83' lang='lat' dir='ltr'>tratre</span> <span class='ocrx_word' id='word_1_20' title='bbox 1744 1125 1782 1191; x_wconf 90' lang='lat' dir='ltr'>et</span> <span class='ocrx_word' id='word_1_21' title='bbox 1814 1118 1890 1192; x_wconf 91' lang='lat' dir='ltr'>suis</span> <span class='ocrx_word' id='word_1_22' title='bbox 1915 1141 2047 1214; x_wconf 87' lang='lat' dir='ltr'>procu·</span> 
     </span>
     <span class='ocr_line' id='line_1_4' title="bbox 879 1237 2048 1333; baseline 0 -20"><span class='ocrx_word' id='word_1_23' title='bbox 879 1237 1044 1313; x_wconf 89' lang='lat' dir='ltr'>rantibus</span> <span class='ocrx_word' id='word_1_24' title='bbox 1069 1239 1138 1311; x_wconf 87' lang='lat' dir='ltr'>hoc</span> <span class='ocrx_word' id='word_1_25' title='bbox 1163 1237 1300 1311; x_wconf 86' lang='lat' dir='ltr'>laetum</span> <span class='ocrx_word' id='word_1_26' title='bbox 1323 1245 1426 1313; x_wconf 86' lang='lat' dir='ltr'>esset.</span> <span class='ocrx_word' id='word_1_27' title='bbox 1449 1239 1503 1312; x_wconf 79' lang='lat' dir='ltr'>Ad</span> <span class='ocrx_word' id='word_1_28' title='bbox 1520 1239 1662 1312; x_wconf 81' lang='lat' dir='ltr'><strong>literam</strong></span> <span class='ocrx_word' id='word_1_29' title='bbox 1690 1258 1799 1333; x_wconf 83' lang='lat' dir='ltr'>erge:</span> <span class='ocrx_word' id='word_1_30' title='bbox 1826 1237 1912 1313; x_wconf 87' lang='lat' dir='ltr'>dicit</span> <span class='ocrx_word' id='word_1_31' title='bbox 1936 1240 2048 1314; x_wconf 89' lang='lat' dir='ltr'>Cuni-</span> 
     </span>
     <span class='ocr_line' id='line_1_5' title="bbox 879 1359 2050 1454; baseline -0.001 -20"><span class='ocrx_word' id='word_1_32' title='bbox 879 1361 951 1435; x_wconf 90' lang='lat' dir='ltr'>tia:</span> <span class='ocrx_word' id='word_1_33' title='bbox 970 1365 1003 1433; x_wconf 80' lang='lat' dir='ltr'><em>E</em></span> <span class='ocrx_word' id='word_1_34' title='bbox 1017 1363 1079 1450; x_wconf 86' lang='lat' dir='ltr'>tut,</span> <span class='ocrx_word' id='word_1_35' title='bbox 1097 1359 1200 1453; x_wconf 75' lang='lat' dir='ltr'>idest,</span> <span class='ocrx_word' id='word_1_36' title='bbox 1219 1380 1315 1432; x_wconf 91' lang='lat' dir='ltr'>unus</span> <span class='ocrx_word' id='word_1_37' title='bbox 1332 1381 1490 1454; x_wconf 83' lang='lat' dir='ltr'>magnus</span> <span class='ocrx_word' id='word_1_38' title='bbox 1507 1367 1545 1434; x_wconf 90' lang='lat' dir='ltr'>et</span> <span class='ocrx_word' id='word_1_39' title='bbox 1561 1365 1700 1454; x_wconf 84' lang='lat' dir='ltr'>potens,</span> <span class='ocrx_word' id='word_1_40' title='bbox 1721 1362 1985 1450; x_wconf 65' lang='lat' dir='ltr'>rinnorcyniue</span> <span class='ocrx_word' id='word_1_41' title='bbox 2004 1381 2050 1433; x_wconf 84' lang='lat' dir='ltr'>va</span> 
     </span>
     <span class='ocr_line' id='line_1_6' title="bbox 878 1479 2047 1575; baseline -0.004 -18"><span class='ocrx_word' id='word_1_42' title='bbox 878 1503 945 1557; x_wconf 81' lang='lat' dir='ltr'>cun</span> <span class='ocrx_word' id='word_1_43' title='bbox 970 1486 1006 1556; x_wconf 86' lang='lat' dir='ltr'>la</span> <span class='ocrx_word' id='word_1_44' title='bbox 1031 1487 1115 1555; x_wconf 78' lang='lat' dir='ltr'>testu</span> <span class='ocrx_word' id='word_1_45' title='bbox 1140 1483 1227 1572; x_wconf 84' lang='lat' dir='ltr'>utta,</span> <span class='ocrx_word' id='word_1_46' title='bbox 1254 1480 1346 1555; x_wconf 89' lang='lat' dir='ltr'>idest</span> <span class='ocrx_word' id='word_1_47' title='bbox 1371 1480 1530 1575; x_wconf 86' lang='lat' dir='ltr'>superbe</span> <span class='ocrx_word' id='word_1_48' title='bbox 1556 1479 1699 1571; x_wconf 77' lang='lat' dir='ltr'>incedit,</span> <span class='ocrx_word' id='word_1_49' title='bbox 1726 1499 1797 1552; x_wconf 88' lang='lat' dir='ltr'>non</span> <span class='ocrx_word' id='word_1_50' title='bbox 1825 1479 1957 1554; x_wconf 89' lang='lat' dir='ltr'>timens</span> <span class='ocrx_word' id='word_1_51' title='bbox 1982 1480 2047 1554; x_wconf 89' lang='lat' dir='ltr'>sibi</span> 
     </span>
     <span class='ocr_line' id='line_1_7' title="bbox 879 1592 2045 1696; baseline -0.003 -18"><span class='ocrx_word' id='word_1_52' title='bbox 879 1602 927 1678; x_wconf 84' lang='lat' dir='ltr'>tle</span> <span class='ocrx_word' id='word_1_53' title='bbox 950 1601 1084 1676; x_wconf 87' lang='lat' dir='ltr'>insidiis</span> <span class='ocrx_word' id='word_1_54' title='bbox 1109 1623 1275 1695; x_wconf 87' lang='lat' dir='ltr'>suorum,</span> <span class='ocrx_word' id='word_1_55' title='bbox 1301 1604 1361 1674; x_wconf 83' lang='lat' dir='ltr'>cle</span> <span class='ocrx_word' id='word_1_56' title='bbox 1384 1592 1445 1693; x_wconf 69' lang='lat' dir='ltr'>uiri</span> <span class='ocrx_word' id='word_1_57' title='bbox 1465 1623 1534 1694; x_wconf 82' lang='lat' dir='ltr'>per</span> <span class='ocrx_word' id='word_1_58' title='bbox 1553 1605 1603 1674; x_wconf 85' lang='lat' dir='ltr'>tut</span> <span class='ocrx_word' id='word_1_59' title='bbox 1620 1605 1743 1694; x_wconf 77' lang='lat' dir='ltr'>carpit·</span> <span class='ocrx_word' id='word_1_60' title='bbox 1758 1605 1789 1673; x_wconf 76' lang='grc' dir='ltr'>εἰ</span> <span class='ocrx_word' id='word_1_61' title='bbox 1802 1605 1843 1694; x_wconf 80' lang='lat' dir='ltr'>sa</span> <span class='ocrx_word' id='word_1_62' title='bbox 1861 1605 1897 1674; x_wconf 83' lang='lat' dir='ltr'>lu</span> <span class='ocrx_word' id='word_1_63' title='bbox 1913 1622 2045 1696; x_wconf 69' lang='lat' dir='ltr'>rauna,</span> 
     </span>
     <span class='ocr_line' id='line_1_8' title="bbox 879 1720 2047 1817; baseline -0.001 -21"><span class='ocrx_word' id='word_1_64' title='bbox 879 1722 982 1815; x_wconf 87' lang='lat' dir='ltr'>idest,</span> <span class='ocrx_word' id='word_1_65' title='bbox 1007 1723 1088 1817; x_wconf 82' lang='lat' dir='ltr'>jam</span> <span class='ocrx_word' id='word_1_66' title='bbox 1123 1722 1262 1798; x_wconf 80' lang='lat' dir='ltr'>texitur</span> <span class='ocrx_word' id='word_1_67' title='bbox 1296 1721 1397 1795; x_wconf 85' lang='lat' dir='ltr'>sraus</span> <span class='ocrx_word' id='word_1_68' title='bbox 1435 1721 1481 1795; x_wconf 88' lang='lat' dir='ltr'>ad</span> <span class='ocrx_word' id='word_1_69' title='bbox 1519 1720 1881 1795; x_wconf 88' lang='lat' dir='ltr'>circumveniendum</span> <span class='ocrx_word' id='word_1_70' title='bbox 1917 1722 2047 1817; x_wconf 82' lang='lat' dir='ltr'>ipsum,</span> 
     </span>
     <span class='ocr_line' id='line_1_9' title="bbox 879 1840 2049 1938; baseline 0.002 -24"><span class='ocrx_word' id='word_1_71' title='bbox 879 1841 972 1915; x_wconf 92' lang='lat' dir='ltr'>sicut</span> <span class='ocrx_word' id='word_1_72' title='bbox 997 1840 1074 1916; x_wconf 90' lang='lat' dir='ltr'>avis</span> <span class='ocrx_word' id='word_1_73' title='bbox 1100 1842 1245 1936; x_wconf 86' lang='lat' dir='ltr'>capitur</span> <span class='ocrx_word' id='word_1_74' title='bbox 1269 1851 1368 1918; x_wconf 83' lang='lat' dir='ltr'>rete:</span> <span class='ocrx_word' id='word_1_75' title='bbox 1394 1847 1448 1916; x_wconf 80' lang='lat' dir='ltr'>est</span> <span class='ocrx_word' id='word_1_76' title='bbox 1473 1841 1570 1914; x_wconf 91' lang='lat' dir='ltr'>enim</span> <span class='ocrx_word' id='word_1_77' title='bbox 1599 1862 1711 1936; x_wconf 84' lang='lat' dir='ltr'>regna</span> <span class='ocrx_word' id='word_1_78' title='bbox 1730 1841 1913 1934; x_wconf 82' lang='lat' dir='ltr'><strong>quoddam</strong></span> <span class='ocrx_word' id='word_1_79' title='bbox 1931 1862 2049 1938; x_wconf 81' lang='lat' dir='ltr'>genus</span> 
     </span>
     <span class='ocr_line' id='line_1_10' title="bbox 880 1961 2049 2057; baseline -0.002 -21"><span class='ocrx_word' id='word_1_80' title='bbox 880 1961 976 2055; x_wconf 87' lang='lat' dir='ltr'>retis,</span> <span class='ocrx_word' id='word_1_81' title='bbox 1004 1982 1079 2055; x_wconf 84' lang='lat' dir='ltr'>quo</span> <span class='ocrx_word' id='word_1_82' title='bbox 1100 1962 1295 2057; x_wconf 86' lang='lat' dir='ltr'>capiuntur</span> <span class='ocrx_word' id='word_1_83' title='bbox 1317 1982 1427 2036; x_wconf 85' lang='lat' dir='ltr'>aves:</span> <span class='ocrx_word' id='word_1_84' title='bbox 1450 1965 1538 2036; x_wconf 74' lang='lat' dir='ltr'>deve</span> <span class='ocrx_word' id='word_1_85' title='bbox 1563 1964 1631 2035; x_wconf 83' lang='lat' dir='ltr'>Stlc</span> <span class='ocrx_word' id='word_1_86' title='bbox 1654 1982 1674 2034; x_wconf 86' lang='lat' dir='ltr'>e</span> <span class='ocrx_word' id='word_1_87' title='bbox 1701 1965 1849 2052; x_wconf 66' lang='lat' dir='ltr'>Caenea</span> <span class='ocrx_word' id='word_1_88' title='bbox 1872 1965 2049 2034; x_wconf 59' lang='lat' dir='ltr'>tamum·</span> 
     </span>
     <span class='ocr_line' id='line_1_11' title="bbox 873 2080 2050 2175; baseline 0.002 -22"><span class='ocrx_word' id='word_1_89' title='bbox 873 2102 998 2174; x_wconf 73' lang='lat' dir='ltr'>panna</span> <span class='ocrx_word' id='word_1_90' title='bbox 1008 2108 1023 2175; x_wconf 89' lang='lat'><em>;</em></span> <span class='ocrx_word' id='word_1_91' title='bbox 1050 2083 1119 2155; x_wconf 86' lang='lat' dir='ltr'>lroc</span> <span class='ocrx_word' id='word_1_92' title='bbox 1144 2089 1199 2155; x_wconf 89' lang='lat' dir='ltr'>est</span> <span class='ocrx_word' id='word_1_93' title='bbox 1224 2081 1358 2174; x_wconf 82' lang='lat' dir='ltr'>dicere,</span> <span class='ocrx_word' id='word_1_94' title='bbox 1377 2082 1413 2154; x_wconf 92' lang='lat' dir='ltr'>in</span> <span class='ocrx_word' id='word_1_95' title='bbox 1430 2081 1577 2155; x_wconf 86' lang='lat' dir='ltr'>civitate</span> <span class='ocrx_word' id='word_1_96' title='bbox 1593 2080 1752 2156; x_wconf 76' lang='lat' dir='ltr'>&#39;l&#39;ervisii</span> <span class='ocrx_word' id='word_1_97' title='bbox 1772 2081 1842 2155; x_wconf 92' lang='lat' dir='ltr'>lsta</span> <span class='ocrx_word' id='word_1_98' title='bbox 1858 2082 1957 2155; x_wconf 88' lang='lat' dir='ltr'>enim</span> <span class='ocrx_word' id='word_1_99' title='bbox 1975 2081 2050 2156; x_wconf 85' lang='lat' dir='ltr'>due</span> 
     </span>
     <span class='ocr_line' id='line_1_12' title="bbox 878 2200 2049 2298; baseline 0.002 -24"><span class='ocrx_word' id='word_1_100' title='bbox 878 2201 1029 2275; x_wconf 89' lang='lat' dir='ltr'>llumina</span> <span class='ocrx_word' id='word_1_101' title='bbox 1063 2200 1339 2298; x_wconf 85' lang='lat' dir='ltr'>coniunguntur</span> <span class='ocrx_word' id='word_1_102' title='bbox 1369 2202 1406 2273; x_wconf 91' lang='lat' dir='ltr'>in</span> <span class='ocrx_word' id='word_1_103' title='bbox 1440 2221 1556 2274; x_wconf 91' lang='lat' dir='ltr'>unum</span> <span class='ocrx_word' id='word_1_104' title='bbox 1586 2201 1684 2295; x_wconf 88' lang='lat' dir='ltr'>apud</span> <span class='ocrx_word' id='word_1_105' title='bbox 1709 2201 1934 2295; x_wconf 78' lang='lat' dir='ltr'>Tarvisium3</span> <span class='ocrx_word' id='word_1_106' title='bbox 1965 2221 2049 2295; x_wconf 79' lang='lat' dir='ltr'>quae</span> 
     </span>
     <span class='ocr_line' id='line_1_13' title="bbox 879 2321 2049 2416; baseline 0.001 -21"><span class='ocrx_word' id='word_1_107' title='bbox 879 2329 977 2397; x_wconf 86' lang='lat' dir='ltr'>terra</span> <span class='ocrx_word' id='word_1_108' title='bbox 1004 2343 1151 2396; x_wconf 89' lang='lat' dir='ltr'>amoena</span> <span class='ocrx_word' id='word_1_109' title='bbox 1177 2323 1336 2395; x_wconf 91' lang='lat' dir='ltr'>multum</span> <span class='ocrx_word' id='word_1_110' title='bbox 1364 2321 1526 2395; x_wconf 89' lang='lat' dir='ltr'>abundat</span> <span class='ocrx_word' id='word_1_111' title='bbox 1559 2322 1666 2415; x_wconf 88' lang='lat' dir='ltr'>aquis</span> <span class='ocrx_word' id='word_1_112' title='bbox 1695 2323 1797 2416; x_wconf 86' lang='lat' dir='ltr'>puris</span> <span class='ocrx_word' id='word_1_113' title='bbox 1828 2329 1866 2397; x_wconf 84' lang='lat' dir='ltr'>et</span> <span class='ocrx_word' id='word_1_114' title='bbox 1890 2321 2049 2398; x_wconf 83' lang='lat' dir='ltr'>tontibus</span> 
     </span>
     <span class='ocr_line' id='line_1_14' title="bbox 879 2442 2045 2535; baseline 0.003 -21"><span class='ocrx_word' id='word_1_115' title='bbox 879 2442 1170 2516; x_wconf 85' lang='lat' dir='ltr'>scaturientibus.</span> <span class='ocrx_word' id='word_1_116' title='bbox 1206 2443 1249 2514; x_wconf 84' lang='lat' dir='ltr'>Et</span> <span class='ocrx_word' id='word_1_117' title='bbox 1280 2443 1315 2515; x_wconf 93' lang='lat' dir='ltr'>in</span> <span class='ocrx_word' id='word_1_118' title='bbox 1352 2443 1411 2515; x_wconf 91' lang='lat' dir='ltr'>tali</span> <span class='ocrx_word' id='word_1_119' title='bbox 1446 2442 1527 2515; x_wconf 87' lang='lat' dir='ltr'>loco</span> <span class='ocrx_word' id='word_1_120' title='bbox 1557 2460 1653 2535; x_wconf 81' lang='lat' dir='ltr'>saepe</span> <span class='ocrx_word' id='word_1_121' title='bbox 1679 2448 1880 2516; x_wconf 87' lang='lat' dir='ltr'>nascuntur</span> <span class='ocrx_word' id='word_1_122' title='bbox 1904 2461 2045 2518; x_wconf 77' lang='lat' dir='ltr'>venena</span> 
     </span>
     <span class='ocr_line' id='line_1_15' title="bbox 877 2561 2049 2657; baseline -0.001 -21"><span class='ocrx_word' id='word_1_123' title='bbox 877 2563 986 2656; x_wconf 83' lang='lat' dir='ltr'>quale</span> <span class='ocrx_word' id='word_1_124' title='bbox 1011 2563 1080 2635; x_wconf 85' lang='lat' dir='ltr'>fuit</span> <span class='ocrx_word' id='word_1_125' title='bbox 1104 2562 1180 2657; x_wconf 90' lang='lat' dir='ltr'>ipse</span> <span class='ocrx_word' id='word_1_126' title='bbox 1204 2563 1383 2637; x_wconf 87' lang='lat' dir='ltr'>Rizardus</span> <span class='ocrx_word' id='word_1_127' title='bbox 1408 2570 1445 2636; x_wconf 91' lang='lat' dir='ltr'>et</span> <span class='ocrx_word' id='word_1_128' title='bbox 1469 2563 1615 2636; x_wconf 86' lang='lat' dir='ltr'>demina</span> <span class='ocrx_word' id='word_1_129' title='bbox 1641 2562 1731 2637; x_wconf 90' lang='lat' dir='ltr'>Gaia</span> <span class='ocrx_word' id='word_1_130' title='bbox 1755 2583 1861 2636; x_wconf 88' lang='lat' dir='ltr'>soror</span> <span class='ocrx_word' id='word_1_131' title='bbox 1895 2561 2049 2636; x_wconf 90' lang='lat' dir='ltr'>eius.—</span> 
     </span>
     <span class='ocr_line' id='line_1_16' title="bbox 880 2672 2073 2779; baseline -0.002 -25"><span class='ocrx_word' id='word_1_132' title='bbox 880 2672 1067 2772; x_wconf 73' lang='lat' dir='ltr'>Pianuerti.</span> <span class='ocrx_word' id='word_1_133' title='bbox 1106 2682 1171 2756; x_wconf 91' lang='lat' dir='ltr'>llic</span> <span class='ocrx_word' id='word_1_134' title='bbox 1205 2682 1349 2756; x_wconf 88' lang='lat' dir='ltr'>Canitia</span> <span class='ocrx_word' id='word_1_135' title='bbox 1386 2682 1547 2776; x_wconf 83' lang='lat' dir='ltr'>praedicit</span> <span class='ocrx_word' id='word_1_136' title='bbox 1585 2681 1683 2756; x_wconf 88' lang='lat' dir='ltr'>aliud</span> <span class='ocrx_word' id='word_1_137' title='bbox 1722 2681 1872 2756; x_wconf 87' lang='lat' dir='ltr'>crudele</span> <span class='ocrx_word' id='word_1_138' title='bbox 1907 2681 2073 2779; x_wconf 82' lang='lat' dir='ltr'>lacinus¹</span> 
     </span>
     <span class='ocr_line' id='line_1_17' title="bbox 878 2799 2047 2896; baseline -0.001 -22"><span class='ocrx_word' id='word_1_139' title='bbox 878 2800 1044 2874; x_wconf 86' lang='lat' dir='ltr'>luterum</span> <span class='ocrx_word' id='word_1_140' title='bbox 1072 2823 1137 2896; x_wconf 86' lang='lat' dir='ltr'>per</span> <span class='ocrx_word' id='word_1_141' title='bbox 1162 2802 1292 2877; x_wconf 88' lang='lat' dir='ltr'>eadem</span> <span class='ocrx_word' id='word_1_142' title='bbox 1321 2809 1485 2896; x_wconf 87' lang='lat' dir='ltr'>tempora</span> <span class='ocrx_word' id='word_1_143' title='bbox 1512 2802 1720 2876; x_wconf 82' lang='lat' dir='ltr'>incivitate</span> <span class='ocrx_word' id='word_1_144' title='bbox 1747 2801 1863 2875; x_wconf 86' lang='lat' dir='ltr'>vicina</span> <span class='ocrx_word' id='word_1_145' title='bbox 1880 2821 1969 2874; x_wconf 85' lang='lat' dir='ltr'>suae.</span> <span class='ocrx_word' id='word_1_146' title='bbox 1995 2799 2047 2873; x_wconf 77' lang='lat' dir='ltr'>Ad</span> 
     </span>
     <span class='ocr_line' id='line_1_18' title="bbox 877 2919 2048 3018; baseline 0.002 -24"><span class='ocrx_word' id='word_1_147' title='bbox 877 2921 1151 3018; x_wconf 83' lang='lat' dir='ltr'>intelligentiam</span> <span class='ocrx_word' id='word_1_148' title='bbox 1191 2924 1301 2996; x_wconf 90' lang='lat' dir='ltr'>huius</span> <span class='ocrx_word' id='word_1_149' title='bbox 1340 2923 1456 2998; x_wconf 85' lang='lat' dir='ltr'>literae</span> <span class='ocrx_word' id='word_1_150' title='bbox 1493 2930 1548 2996; x_wconf 77' lang='lat' dir='ltr'>est</span> <span class='ocrx_word' id='word_1_151' title='bbox 1581 2922 1701 3016; x_wconf 87' lang='lat' dir='ltr'>primo</span> <span class='ocrx_word' id='word_1_152' title='bbox 1729 2921 1917 2996; x_wconf 89' lang='lat' dir='ltr'>sciendum</span> <span class='ocrx_word' id='word_1_153' title='bbox 1949 2919 2048 3015; x_wconf 85' lang='lat' dir='ltr'>quud</span> 
     </span>
     <span class='ocr_line' id='line_1_19' title="bbox 878 3041 2049 3136; baseline 0 -22"><span class='ocrx_word' id='word_1_154' title='bbox 878 3049 1027 3116; x_wconf 87' lang='lat' dir='ltr'>mortuo</span> <span class='ocrx_word' id='word_1_155' title='bbox 1052 3041 1174 3117; x_wconf 74' lang='lat' dir='ltr'>laone</span> <span class='ocrx_word' id='word_1_156' title='bbox 1199 3043 1245 3115; x_wconf 98' lang='lat' dir='ltr'>lll</span> <span class='ocrx_word' id='word_1_157' title='bbox 1270 3043 1477 3117; x_wconf 85' lang='lat' dir='ltr'>Marchiuuc</span> <span class='ocrx_word' id='word_1_158' title='bbox 1494 3042 1645 3135; x_wconf 81' lang='lat' dir='ltr'>Estensi‚</span> <span class='ocrx_word' id='word_1_159' title='bbox 1663 3042 1726 3136; x_wconf 78' lang='lat' dir='ltr'>qual</span> <span class='ocrx_word' id='word_1_160' title='bbox 1754 3041 1933 3115; x_wconf 82' lang='lat' dir='ltr'>habuerat</span> <span class='ocrx_word' id='word_1_161' title='bbox 1956 3041 2049 3114; x_wconf 89' lang='lat' dir='ltr'>Bea-</span> 
     </span>
     <span class='ocr_line' id='line_1_20' title="bbox 878 3161 2049 3260; baseline 0.003 -26"><span class='ocrx_word' id='word_1_162' title='bbox 878 3161 1007 3236; x_wconf 88' lang='lat' dir='ltr'>tricem</span> <span class='ocrx_word' id='word_1_163' title='bbox 1033 3182 1197 3238; x_wconf 87' lang='lat' dir='ltr'>sororem</span> <span class='ocrx_word' id='word_1_164' title='bbox 1227 3163 1323 3260; x_wconf 84' lang='lat' dir='ltr'>regis</span> <span class='ocrx_word' id='word_1_165' title='bbox 1348 3163 1495 3237; x_wconf 77' lang='lat' dir='ltr'>liuberti</span> <span class='ocrx_word' id='word_1_166' title='bbox 1522 3164 1558 3235; x_wconf 90' lang='lat' dir='ltr'>ln</span> <span class='ocrx_word' id='word_1_167' title='bbox 1587 3183 1755 3255; x_wconf 84' lang='lat' dir='ltr'>urrerem,</span> <span class='ocrx_word' id='word_1_168' title='bbox 1783 3183 1847 3234; x_wconf 85' lang='lat' dir='ltr'>rex</span> <span class='ocrx_word' id='word_1_169' title='bbox 1874 3163 1951 3257; x_wconf 78' lang='lat' dir='ltr'>ipse</span> <span class='ocrx_word' id='word_1_170' title='bbox 1975 3163 2049 3236; x_wconf 85' lang='lat' dir='ltr'>Re-</span> 
     </span>
     <span class='ocr_line' id='line_1_21' title="bbox 877 3275 2049 3378; baseline 0.003 -22"><span class='ocrx_word' id='word_1_171' title='bbox 877 3283 1003 3358; x_wconf 89' lang='lat' dir='ltr'>bertus</span> <span class='ocrx_word' id='word_1_172' title='bbox 1030 3283 1155 3358; x_wconf 87' lang='lat' dir='ltr'>habuit</span> <span class='ocrx_word' id='word_1_173' title='bbox 1180 3285 1226 3358; x_wconf 91' lang='lat' dir='ltr'>ad</span> <span class='ocrx_word' id='word_1_174' title='bbox 1254 3293 1399 3378; x_wconf 88' lang='lat' dir='ltr'>tempus</span> <span class='ocrx_word' id='word_1_175' title='bbox 1424 3283 1626 3357; x_wconf 88' lang='lat' dir='ltr'>dominium</span> <span class='ocrx_word' id='word_1_176' title='bbox 1642 3275 1680 3375; x_wconf 54' lang='grc' dir='ltr'>(ἢ</span> <span class='ocrx_word' id='word_1_177' title='bbox 1706 3284 1885 3357; x_wconf 84' lang='lat' dir='ltr'>Ferrariae</span> <span class='ocrx_word' id='word_1_178' title='bbox 1902 3304 1969 3378; x_wconf 88' lang='lat' dir='ltr'>pro</span> <span class='ocrx_word' id='word_1_179' title='bbox 1987 3303 2049 3358; x_wconf 89' lang='lat' dir='ltr'>ec·</span> 
     </span>
     <span class='ocr_line' id='line_1_22' title="bbox 876 3402 2048 3497; baseline 0.002 -21"><span class='ocrx_word' id='word_1_180' title='bbox 876 3402 996 3476; x_wconf 87' lang='lat' dir='ltr'>clesia.</span> <span class='ocrx_word' id='word_1_181' title='bbox 1017 3405 1139 3491; x_wconf 83' lang='lat' dir='ltr'>Quum</span> <span class='ocrx_word' id='word_1_182' title='bbox 1166 3411 1291 3478; x_wconf 91' lang='lat' dir='ltr'>autem</span> <span class='ocrx_word' id='word_1_183' title='bbox 1318 3404 1467 3497; x_wconf 85' lang='lat' dir='ltr'>quidam</span> <span class='ocrx_word' id='word_1_184' title='bbox 1494 3404 1665 3477; x_wconf 87' lang='lat' dir='ltr'>dominus</span> <span class='ocrx_word' id='word_1_185' title='bbox 1689 3404 1800 3476; x_wconf 86' lang='lat' dir='ltr'>Pinus</span> <span class='ocrx_word' id='word_1_186' title='bbox 1824 3403 1871 3478; x_wconf 86' lang='lat' dir='ltr'>de</span> <span class='ocrx_word' id='word_1_187' title='bbox 1895 3404 1930 3476; x_wconf 96' lang='lat' dir='ltr'>la</span> <span class='ocrx_word' id='word_1_188' title='bbox 1956 3405 2048 3478; x_wconf 87' lang='lat' dir='ltr'>Tusa</span> 
     </span>
     <span class='ocr_line' id='line_1_23' title="bbox 877 3523 2048 3599; baseline 0.003 -4"><span class='ocrx_word' id='word_1_189' title='bbox 877 3523 1005 3596; x_wconf 90' lang='lat' dir='ltr'>nubilis</span> <span class='ocrx_word' id='word_1_190' title='bbox 1032 3523 1134 3597; x_wconf 89' lang='lat' dir='ltr'>miles</span> <span class='ocrx_word' id='word_1_191' title='bbox 1160 3525 1374 3599; x_wconf 84' lang='lat' dir='ltr'>llurentinus</span> <span class='ocrx_word' id='word_1_192' title='bbox 1399 3531 1542 3598; x_wconf 89' lang='lat' dir='ltr'>astutus</span> <span class='ocrx_word' id='word_1_193' title='bbox 1568 3531 1663 3598; x_wconf 88' lang='lat' dir='ltr'>esset</span> <span class='ocrx_word' id='word_1_194' title='bbox 1689 3524 1848 3597; x_wconf 88' lang='lat' dir='ltr'>vicarius</span> <span class='ocrx_word' id='word_1_195' title='bbox 1868 3523 2048 3599; x_wconf 63' lang='lat' dir='ltr'>Ferrarius</span> 
     </span>
     <span class='ocr_line' id='line_1_24' title="bbox 877 3643 2044 3740; baseline 0.002 -24"><span class='ocrx_word' id='word_1_196' title='bbox 877 3663 943 3737; x_wconf 90' lang='lat' dir='ltr'>pro</span> <span class='ocrx_word' id='word_1_197' title='bbox 972 3663 1069 3739; x_wconf 83' lang='lat' dir='ltr'>rege,</span> <span class='ocrx_word' id='word_1_198' title='bbox 1097 3665 1208 3740; x_wconf 84' lang='lat' dir='ltr'>quam</span> <span class='ocrx_word' id='word_1_199' title='bbox 1246 3644 1384 3717; x_wconf 90' lang='lat' dir='ltr'>murari</span> <span class='ocrx_word' id='word_1_200' title='bbox 1420 3644 1513 3738; x_wconf 84' lang='lat' dir='ltr'>lecit,</span> <span class='ocrx_word' id='word_1_201' title='bbox 1547 3643 1614 3717; x_wconf 88' lang='lat' dir='ltr'>viri</span> <span class='ocrx_word' id='word_1_202' title='bbox 1648 3644 1787 3718; x_wconf 87' lang='lat' dir='ltr'>nubiles</span> <span class='ocrx_word' id='word_1_203' title='bbox 1812 3643 1857 3717; x_wconf 89' lang='lat' dir='ltr'>de</span> <span class='ocrx_word' id='word_1_204' title='bbox 1882 3643 2044 3718; x_wconf 86' lang='lat' dir='ltr'>Fontana</span> 
     </span>
     <span class='ocr_line' id='line_1_25' title="bbox 877 3763 2048 3860; baseline 0.001 -23"><span class='ocrx_word' id='word_1_205' title='bbox 877 3763 1125 3858; x_wconf 77' lang='lat' dir='ltr'>ferrariensm,</span> <span class='ocrx_word' id='word_1_206' title='bbox 1140 3765 1315 3839; x_wconf 88' lang='lat' dir='ltr'>seditione</span> <span class='ocrx_word' id='word_1_207' title='bbox 1333 3772 1426 3858; x_wconf 84' lang='lat' dir='ltr'>orta,</span> <span class='ocrx_word' id='word_1_208' title='bbox 1445 3765 1634 3860; x_wconf 86' lang='lat' dir='ltr'>lugierunt</span> <span class='ocrx_word' id='word_1_209' title='bbox 1650 3765 1696 3839; x_wconf 86' lang='lat' dir='ltr'>de</span> <span class='ocrx_word' id='word_1_210' title='bbox 1712 3765 1858 3840; x_wconf 87' lang='lat' dir='ltr'>civitate</span> <span class='ocrx_word' id='word_1_211' title='bbox 1875 3771 1913 3839; x_wconf 89' lang='lat' dir='ltr'>et</span> <span class='ocrx_word' id='word_1_212' title='bbox 1930 3772 2048 3838; x_wconf 85' lang='lat' dir='ltr'>trans-</span> 
     </span>
     <span class='ocr_line' id='line_1_26' title="bbox 879 3885 2047 3980; baseline 0 -22"><span class='ocrx_word' id='word_1_213' title='bbox 879 3886 1042 3960; x_wconf 88' lang='lat' dir='ltr'>tulerunt</span> <span class='ocrx_word' id='word_1_214' title='bbox 1068 3906 1107 3960; x_wconf 92' lang='lat' dir='ltr'>se</span> <span class='ocrx_word' id='word_1_215' title='bbox 1133 3885 1307 3980; x_wconf 88' lang='lat' dir='ltr'>Feltrum‚</span> <span class='ocrx_word' id='word_1_216' title='bbox 1326 3892 1495 3980; x_wconf 87' lang='lat' dir='ltr'>putantes</span> <span class='ocrx_word' id='word_1_217' title='bbox 1520 3906 1561 3959; x_wconf 91' lang='lat' dir='ltr'>se</span> <span class='ocrx_word' id='word_1_218' title='bbox 1586 3891 1685 3959; x_wconf 85' lang='lat' dir='ltr'>tutus</span> <span class='ocrx_word' id='word_1_219' title='bbox 1710 3885 1747 3958; x_wconf 91' lang='lat' dir='ltr'>in</span> <span class='ocrx_word' id='word_1_220' title='bbox 1775 3885 1834 3959; x_wconf 90' lang='lat' dir='ltr'>illa</span> <span class='ocrx_word' id='word_1_221' title='bbox 1861 3885 1976 3960; x_wconf 88' lang='lat' dir='ltr'>libera</span> <span class='ocrx_word' id='word_1_222' title='bbox 1995 3885 2047 3959; x_wconf 88' lang='lat' dir='ltr'>ci-</span> 
     </span>
     <span class='ocr_line' id='line_1_27' title="bbox 876 4005 2048 4101; baseline 0 -22"><span class='ocrx_word' id='word_1_223' title='bbox 876 4005 998 4099; x_wconf 85' lang='lat' dir='ltr'>vitate,</span> <span class='ocrx_word' id='word_1_224' title='bbox 1024 4005 1311 4080; x_wconf 89' lang='lat' dir='ltr'>cuiusliberum</span> <span class='ocrx_word' id='word_1_225' title='bbox 1343 4005 1546 4079; x_wconf 82' lang='lat' dir='ltr'>dominium</span> <span class='ocrx_word' id='word_1_226' title='bbox 1583 4006 1619 4080; x_wconf 94' lang='lat' dir='ltr'>in</span> <span class='ocrx_word' id='word_1_227' title='bbox 1652 4006 1844 4101; x_wconf 86' lang='lat' dir='ltr'>temporali</span> <span class='ocrx_word' id='word_1_228' title='bbox 1875 4014 1913 4080; x_wconf 89' lang='lat' dir='ltr'>et</span> <span class='ocrx_word' id='word_1_229' title='bbox 1943 4006 2048 4100; x_wconf 85' lang='lat' dir='ltr'>spiri-</span> 
     </span>
     <span class='ocr_line' id='line_1_28' title="bbox 876 4125 2048 4220; baseline 0.002 -22"><span class='ocrx_word' id='word_1_230' title='bbox 876 4125 964 4200; x_wconf 91' lang='lat' dir='ltr'>tuali</span> <span class='ocrx_word' id='word_1_231' title='bbox 998 4125 1155 4200; x_wconf 89' lang='lat' dir='ltr'>habebat</span> <span class='ocrx_word' id='word_1_232' title='bbox 1188 4126 1379 4220; x_wconf 86' lang='lat' dir='ltr'>episcopus</span> <span class='ocrx_word' id='word_1_233' title='bbox 1413 4125 1502 4201; x_wconf 89' lang='lat' dir='ltr'>eins.</span> <span class='ocrx_word' id='word_1_234' title='bbox 1531 4125 1601 4199; x_wconf 88' lang='lat' dir='ltr'>Sed</span> <span class='ocrx_word' id='word_1_235' title='bbox 1636 4146 1748 4220; x_wconf 84' lang='lat' dir='ltr'>opera</span> <span class='ocrx_word' id='word_1_236' title='bbox 1781 4127 1871 4220; x_wconf 76' lang='lat' dir='ltr'>Fini,</span> <span class='ocrx_word' id='word_1_237' title='bbox 1902 4129 2048 4201; x_wconf 85' lang='lat' dir='ltr'>volente</span> 
     </span>
     <span class='ocr_line' id='line_1_29' title="bbox 876 4245 2045 4340; baseline -0.003 -19"><span class='ocrx_word' id='word_1_238' title='bbox 876 4251 912 4321; x_wconf 88' lang='lat' dir='ltr'>et</span> <span class='ocrx_word' id='word_1_239' title='bbox 945 4247 1194 4320; x_wconf 83' lang='lat' dir='ltr'>consentiente</span> <span class='ocrx_word' id='word_1_240' title='bbox 1231 4246 1410 4340; x_wconf 86' lang='lat' dir='ltr'>episcopo,</span> <span class='ocrx_word' id='word_1_241' title='bbox 1442 4247 1537 4340; x_wconf 89' lang='lat' dir='ltr'>capti</span> <span class='ocrx_word' id='word_1_242' title='bbox 1562 4245 1662 4319; x_wconf 87' lang='lat' dir='ltr'>ducti</span> <span class='ocrx_word' id='word_1_243' title='bbox 1697 4253 1783 4319; x_wconf 90' lang='lat' dir='ltr'>sunt</span> <span class='ocrx_word' id='word_1_244' title='bbox 1816 4245 2045 4320; x_wconf 79' lang='lat' dir='ltr'>Ferrariam:</span> 
     </span>
     <span class='ocr_line' id='line_1_30' title="bbox 876 4366 2047 4461; baseline -0.002 -21"><span class='ocrx_word' id='word_1_245' title='bbox 876 4387 923 4440; x_wconf 85' lang='lat' dir='ltr'>er</span> <span class='ocrx_word' id='word_1_246' title='bbox 948 4366 1081 4459; x_wconf 87' lang='lat' dir='ltr'>quibus</span> <span class='ocrx_word' id='word_1_247' title='bbox 1106 4372 1181 4440; x_wconf 91' lang='lat' dir='ltr'>tres</span> <span class='ocrx_word' id='word_1_248' title='bbox 1207 4366 1393 4461; x_wconf 83' lang='lat' dir='ltr'>praecipui,</span> <span class='ocrx_word' id='word_1_249' title='bbox 1419 4367 1555 4441; x_wconf 89' lang='lat' dir='ltr'>scilicet</span> <span class='ocrx_word' id='word_1_250' title='bbox 1587 4368 1830 4460; x_wconf 61' lang='lat' dir='ltr'>lanzelotus</span> <span class='ocrx_word' id='word_1_251' title='bbox 1851 4366 2047 4459; x_wconf 88' lang='lat' dir='ltr'>Clarutius‚</span> 
     </span>
     <span class='ocr_line' id='line_1_31' title="bbox 876 4485 2050 4580; baseline -0.002 -20"><span class='ocrx_word' id='word_1_252' title='bbox 876 4492 913 4560; x_wconf 86' lang='lat' dir='ltr'>et</span> <span class='ocrx_word' id='word_1_253' title='bbox 945 4485 1158 4559; x_wconf 73' lang='lat' dir='ltr'>Antoninlus</span> <span class='ocrx_word' id='word_1_254' title='bbox 1183 4485 1232 4560; x_wconf 90' lang='lat' dir='ltr'>de</span> <span class='ocrx_word' id='word_1_255' title='bbox 1260 4487 1435 4580; x_wconf 79' lang='lat' dir='ltr'>Fontem,</span> <span class='ocrx_word' id='word_1_256' title='bbox 1462 4487 1652 4580; x_wconf 89' lang='lat' dir='ltr'>decapitati</span> <span class='ocrx_word' id='word_1_257' title='bbox 1685 4492 1771 4559; x_wconf 85' lang='lat' dir='ltr'>sunt</span> <span class='ocrx_word' id='word_1_258' title='bbox 1804 4507 1891 4560; x_wconf 90' lang='lat' dir='ltr'>cnm</span> <span class='ocrx_word' id='word_1_259' title='bbox 1924 4486 2050 4559; x_wconf 83' lang='lat' dir='ltr'>multis</span> 
     </span>
     <span class='ocr_line' id='line_1_32' title="bbox 876 4604 2049 4700; baseline 0.001 -21"><span class='ocrx_word' id='word_1_260' title='bbox 876 4604 953 4679; x_wconf 90' lang='lat' dir='ltr'>aliis</span> <span class='ocrx_word' id='word_1_261' title='bbox 978 4605 1214 4700; x_wconf 87' lang='lat' dir='ltr'>complicibus</span> <span class='ocrx_word' id='word_1_262' title='bbox 1239 4626 1370 4680; x_wconf 87' lang='lat' dir='ltr'>eorum</span> <span class='ocrx_word' id='word_1_263' title='bbox 1399 4605 1435 4679; x_wconf 95' lang='lat' dir='ltr'>in</span> <span class='ocrx_word' id='word_1_264' title='bbox 1462 4606 1542 4680; x_wconf 87' lang='lat' dir='ltr'>lure</span> <span class='ocrx_word' id='word_1_265' title='bbox 1566 4605 1756 4698; x_wconf 85' lang='lat' dir='ltr'>Ferrariae,</span> <span class='ocrx_word' id='word_1_266' title='bbox 1783 4611 1822 4679; x_wconf 90' lang='lat' dir='ltr'>et</span> <span class='ocrx_word' id='word_1_267' title='bbox 1854 4605 1958 4678; x_wconf 92' lang='lat' dir='ltr'>multi</span> <span class='ocrx_word' id='word_1_268' title='bbox 1985 4627 2049 4680; x_wconf 88' lang='lat' dir='ltr'>su·</span> 
     </span>
     <span class='ocr_line' id='line_1_33' title="bbox 877 4724 2050 4821; baseline 0.002 -23"><span class='ocrx_word' id='word_1_269' title='bbox 877 4725 996 4820; x_wconf 88' lang='lat' dir='ltr'>spensi</span> <span class='ocrx_word' id='word_1_270' title='bbox 1022 4732 1107 4798; x_wconf 92' lang='lat' dir='ltr'>sunt</span> <span class='ocrx_word' id='word_1_271' title='bbox 1132 4726 1275 4820; x_wconf 85' lang='lat' dir='ltr'>laquea.</span> <span class='ocrx_word' id='word_1_272' title='bbox 1302 4726 1356 4799; x_wconf 76' lang='lat' dir='ltr'>ud</span> <span class='ocrx_word' id='word_1_273' title='bbox 1381 4726 1524 4799; x_wconf 87' lang='lat' dir='ltr'>literam</span> <span class='ocrx_word' id='word_1_274' title='bbox 1553 4745 1655 4821; x_wconf 82' lang='lat' dir='ltr'>ergo,</span> <span class='ocrx_word' id='word_1_275' title='bbox 1681 4725 1767 4799; x_wconf 88' lang='lat' dir='ltr'>dicit</span> <span class='ocrx_word' id='word_1_276' title='bbox 1786 4724 1952 4799; x_wconf 84' lang='lat' dir='ltr'>Gunitia:</span> <span class='ocrx_word' id='word_1_277' title='bbox 1970 4729 2050 4800; x_wconf 82' lang='lat' dir='ltr'>Fet·</span> 
     </span>
    </p>
   </div>
   <div class='ocr_carea' id='block_1_3' title="bbox 813 4909 1841 5052">
    <p class='ocr_par' dir='ltr' id='par_1_3' title="bbox 813 4909 1841 5052">
     <span class='ocr_line' id='line_1_34' title="bbox 950 4911 956 4939; baseline 0 0"><span class='ocrx_word' id='word_1_278' title='bbox 950 4911 956 4939; x_wconf 83' lang='grc' dir='ltr'>Ι</span> 
     </span>
     <span class='ocr_line' id='line_1_35' title="bbox 813 4909 1841 5052; baseline 0.043 -30"><span class='ocrx_word' id='word_1_279' title='bbox 813 5017 819 5022; x_wconf 94' lang='grc'><em>.</em></span> <span class='ocrx_word' id='word_1_280' title='bbox 938 4913 966 5052; x_wconf 51' lang='lat'>{¹}</span> <span class='ocrx_word' id='word_1_281' title='bbox 982 4911 1014 5036; x_wconf 57' lang='grc' dir='ltr'>ξ.</span> <span class='ocrx_word' id='word_1_282' title='bbox 1030 4909 1171 5038; x_wconf 42' lang='lat' dir='ltr'>gierirsrsriitum</span> <span class='ocrx_word' id='word_1_283' title='bbox 1188 5001 1236 5051; x_wconf 84' lang='lat' dir='ltr'>pro</span> <span class='ocrx_word' id='word_1_284' title='bbox 1252 4988 1361 5039; x_wconf 74' lang='lat' dir='ltr'>ecclesia</span> <span class='ocrx_word' id='word_1_285' title='bbox 1376 4988 1484 5038; x_wconf 66' lang='lat' dir='ltr'>unitatis</span> <span class='ocrx_word' id='word_1_286' title='bbox 1500 4989 1578 5052; x_wconf 69' lang='lat' dir='ltr'>lll³⁵¹¹⁵</span> <span class='ocrx_word' id='word_1_287' title='bbox 1593 4989 1729 5038; x_wconf 57' lang='lat' dir='ltr'>Fefflffi·</span> <span class='ocrx_word' id='word_1_288' title='bbox 1744 4988 1841 5050; x_wconf 61' lang='lat' dir='ltr'><strong>Quum·</strong></span> 
     </span>
    </p>
   </div>
   <div class='ocr_carea' id='block_1_4' title="bbox 0 0 2426 6642">
    <p class='ocr_par' dir='ltr' id='par_1_4' title="bbox 0 0 2426 6642">
     <span class='ocr_line' id='line_1_36' title="bbox 0 0 2426 6642; baseline 0 0"><span class='ocrx_word' id='word_1_289' title='bbox 0 0 2426 6642; x_wconf 95' lang='lat' dir='ltr'> </span> 
     </span>
    </p>
   </div>
  </div>
 </body>
</html>
