4842 6642
817 829 888 896 llb
1208 840 1412 897 uounnruu
1438 840 1603 895 ranaursr

815 986 950 1082 perius,
963 988 1101 1059 rimant
1113 988 1296 1078 splendido
1308 1008 1327 1061 e
1339 1007 1463 1060 sercrw
1479 989 1623 1081 quoodo
1636 986 1746 1060 borea
1757 991 1870 1080 soffia,
1885 986 1991 1080 idest,

814 1107 937 1203 spirat,
956 1110 1004 1181 da
1021 1108 1136 1199 poeta
1155 1110 1309 1199 porrecta
1327 1109 1408 1181 ond’
1422 1103 1443 1182 ἐ
1455 1101 1519 1200 pot
1538 1110 1629 1200 lato,
1647 1106 1753 1201 idest,
1773 1127 1797 1183 a
1828 1113 1992 1182 tramon-

816 1233 911 1320 taua‚
929 1225 992 1299 ubi
1015 1232 1070 1300 est
1090 1226 1257 1321 suavior3
1276 1233 1313 1301 et
1330 1233 1386 1301 est
1402 1227 1550 1323 propria
1569 1229 1797 1324 metaphora,
1814 1226 1902 1322 quia
1923 1245 1992 1301 ore

815 1346 997 1443 spiramus
1029 1351 1066 1421 et
1095 1346 1298 1422 sufflamus.
1334 1348 1378 1421 Et
1408 1346 1512 1421 dicit:
1534 1342 1676 1441 percbd,
1706 1347 1809 1444 idest,
1839 1354 1990 1445 propter

816 1467 914 1564 quod
939 1470 976 1540 lu
999 1470 1112 1562 roffio,
1138 1467 1230 1542 idest
1254 1468 1498 1564 superfluitas
1519 1470 1578 1541 ebe
1599 1471 1686 1562 prta
1710 1470 1876 1561 bobone,
1893 1467 1989 1543 scili·

814 1593 873 1663 cet
897 1586 1011 1684 ipsam
1039 1586 1272 1663 serenitatem
1297 1588 1405 1682 aeris,
1422 1591 1454 1661 si
1474 1609 1594 1681 pnrpo
1610 1595 1644 1663 et
1657 1592 1800 1684 risoloc,
1821 1596 1860 1664 et
1877 1588 1988 1663 dicit:

814 1702 843 1783 si
867 1712 968 1783 ctc’l
990 1712 1120 1783 etaim
1143 1712 1233 1803 ride,
1262 1708 1365 1805 idest,
1391 1709 1513 1785 ridere
1537 1716 1576 1784 et
1598 1709 1715 1784 laetari
1742 1710 1900 1803 videtur,
1917 1730 1989 1783 coo

813 1834 844 1905 le
868 1832 1016 1905 bellezze
1040 1833 1074 1905 d’
1087 1834 1172 1923 opat
1195 1850 1261 1904 sua
1280 1834 1446 1925 poroffio,
1472 1829 1559 1924 quia
1584 1835 1741 1928 purgata
1768 1830 1869 1905 omni
1895 1829 1990 1905 cali·

814 1951 900 2049 gine
923 1951 1060 2026 coelum
1082 1950 1236 2026 ostendit
1254 1950 1537 2047 pulcritudinem
1554 1970 1662 2025 suam
1681 1972 1727 2027 ex
1745 1952 1989 2052 omui—parte3

815 2070 900 2166 quia
926 2071 955 2144 si
981 2071 1027 2146 de
1052 2070 1110 2145 die
1134 2072 1204 2146 boc
1227 2070 1358 2147 accidit
1377 2077 1530 2167 apparet
1546 2070 1650 2146 nobis
1667 2072 1722 2146 sol
1738 2071 1990 2167 pulcerrimus

814 2190 982 2268 omnium
1010 2211 1224 2287 corporum,
1249 2190 1279 2265 si
1312 2191 1359 2267 de
1389 2197 1498 2267 nocte
1529 2197 1707 2287 apparent
1736 2190 1840 2266 nobis
1872 2191 1990 2265 multa

814 2314 942 2410 pulcra
969 2311 1098 2388 sidera.
1126 2313 1169 2385 Et
1194 2312 1253 2386 bic
1278 2319 1364 2388 uota
1391 2312 1491 2407 quod
1522 2311 1749 2408 comparatio
1774 2318 1830 2387 ost
1853 2331 1991 2387 conve-

815 2430 917 2507 niens
934 2436 971 2508 et
988 2431 1155 2527 propria:
1173 2432 1269 2506 sicut
1290 2430 1388 2507 enim
1407 2453 1430 2507 a
1447 2438 1682 2507 tramontana
1699 2432 1832 2527 lucida,
1854 2452 1940 2526 quae
1951 2424 1988 2527 (¹)

815 2552 936 2651 dirigit
953 2552 1120 2629 homines
1137 2554 1183 2629 ad
1200 2558 1350 2649 portum
1368 2553 1506 2648 salutis,
1524 2552 1626 2629 veuit
1642 2560 1776 2630 ventus
1801 2552 1866 2649 qui
1890 2552 1990 2648 pellit

816 2674 933 2749 nubes
959 2679 996 2749 et
1022 2678 1168 2749 serenat
1184 2679 1305 2749 totum
1321 2694 1470 2770 aerem3
1489 2673 1536 2749 ita
1562 2696 1585 2748 a
1610 2674 1778 2749 Beatrice
1793 2671 1988 2767 luminosa,

816 2814 900 2889 quae
925 2792 1047 2890 dirigit
1071 2792 1238 2870 homiues
1262 2793 1309 2869 ad
1334 2794 1490 2891 patriam
1518 2793 1709 2890 felicitatis,
1730 2792 1899 2892 provenit
1922 2792 1990 2867 do·

814 2916 943 3007 ctrina,
970 2934 1054 3010 quae
1079 2922 1213 3012 purgat
1237 2914 1373 2990 nubem
1401 2914 1628 3011 ignorantiae,
1654 2922 1691 2991 ct
1715 2912 1854 2991 inducit
1879 2912 1988 2989 clari·

815 3042 929 3111 tatem
955 3034 1117 3111 veritatis
1142 3035 1179 3109 in
1206 3042 1325 3110 totum
1350 3036 1517 3110 animum
1544 3042 1612 3111 etc.

890 3161 923 3229 Ε
940 3157 1003 3249 pot
1027 3156 1086 3229 obe
1110 3157 1141 3228 le
1162 3158 1297 3247 parole.
1324 3154 1394 3231 lsta
1421 3162 1476 3231 est
1501 3146 1658 3249 tertial²t
1685 3176 1771 3251 pars
1790 3152 1987 3251 generalis,

814 3276 855 3351 in
881 3296 955 3371 qua
981 3282 1091 3350 autor
1115 3274 1271 3371 explicat
1296 3277 1499 3371 specialiter
1523 3283 1561 3353 et
1585 3276 1746 3353 seriatim
1779 3276 1894 3351 dictos
1925 3297 1988 3351 or·

814 3396 917 3471 dines
943 3396 1173 3492 angelorum.
1192 3396 1236 3470 Et
1251 3396 1370 3492 primo
1385 3396 1555 3473 describit
1572 3416 1704 3471 eorum
1721 3396 1987 3493 apparitionem

814 3515 1032 3613 gaudiosam
1058 3536 1125 3612 per
1150 3517 1463 3612 comparationem
1481 3518 1631 3592 claram.
1650 3516 1752 3592 Unde
1768 3516 1985 3593 continuans

816 3635 911 3713 dicta
937 3636 1107 3729 dicendis,
1132 3636 1235 3712 dicit:
1261 3642 1375 3711 Ferro
1391 3640 1452 3710 ebe
1467 3637 1568 3729 totle,
1594 3636 1730 3712 scilicet
1747 3636 1784 3710 iu
1801 3636 1898 3735 igne,
1916 3656 1989 3709 noo

814 3760 1032 3852 denotante,
1053 3756 1158 3851 quasi
1175 3756 1282 3851 dieat,
1300 3756 1477 3853 similiter,
1498 3759 1677 3852 dissutilis
1701 3778 1800 3831 come
1822 3761 1838 3831 i
1859 3758 1989 3847 corb,

815 3878 961 3974 scilicet,
988 3898 1133 3973 novem,
1157 3881 1366 3969 rouvillare,
1388 3885 1426 3952 et
1456 3880 1534 3953 baec
1558 3885 1638 3954 erat
1664 3878 1811 3954 emissio
1836 3879 1989 3975 angelo

710 3992 713 3997 ’
815 4020 912 4093 rum,
939 3998 1002 4093 qui
1034 4018 1074 4073 se
1109 3998 1324 4075 mirabiliter
1355 3999 1615 4094 ostenderunt3
1641 4005 1680 4074 et
1710 4020 1778 4096 pro
1812 4001 1894 4095 boc,
1922 4002 1990 4093 poi

814 4122 873 4193 cte
898 4124 929 4194 lc
950 4122 1076 4213 parole
1100 4140 1160 4193 suc
1183 4128 1337 4211 restore,
1365 4119 1466 4213 idest,
1492 4127 1688 4216 postquam
1724 4120 1873 4195 beatrix
1903 4120 1989 4194 lecit

814 4240 924 4316 linem
952 4240 1074 4315 verbis
1099 4241 1185 4315 suis.
1212 4240 1257 4314 Et
1282 4240 1422 4315 subdit:
1450 4242 1473 4314 t
1485 4242 1644 4315 irwendio
1661 4244 1719 4315 lor
1733 4242 1879 4332 repeton
1903 4242 1990 4333 opat

812 4364 977 4455 scindite,
1005 4360 1093 4456 quia
1118 4361 1251 4459 singuli
1276 4360 1396 4458 angeli
1423 4360 1616 4437 trahebant
1640 4382 1769 4439 secum
1795 4383 1906 4437 suum
1925 4382 1988 4436 ar-

813 4482 940 4559 dorem
968 4487 1004 4557 et
1030 4481 1273 4577 splendorem.
1299 4483 1344 4554 Et
1373 4478 1539 4578 designat
1568 4480 1842 4557 multitudinem
1873 4500 1988 4579 ange-

812 4604 934 4679 lorum
952 4622 1018 4699 per
1037 4623 1149 4677 unam
1169 4600 1484 4697 comparationem
1496 4602 1675 4698 jocosam,
1691 4602 1834 4678 dicens:
1851 4608 1886 4675 ct
1898 4621 1989 4674 mon

814 4729 919 4815 tunm,
941 4722 1075 4797 seilicet
1096 4722 1164 4796 illae
1186 4722 1360 4816 scintillae,
1378 4724 1438 4795 cite
1461 4724 1488 4795 'l
1511 4742 1656 4796 nummo
1681 4724 1761 4797 loro
1785 4724 1987 4814 s'immilln,

878 4910 906 4972 (¹)
921 4910 946 4960 S.
963 4923 1014 4973 quo
1031 4910 1180 4975 diriguntur
1197 4912 1324 4961 homiues.

879 4984 908 5051 ι’)
924 4986 956 5037 E.
972 4987 1047 5037 tertia
1062 4991 1089 5039 et
1104 4988 1196 5039 ultima
1212 5002 1272 5052 pm
1288 4986 1415 5053 tenerulis
1429 4988 1508 5038 buius
1523 4987 1636 5053 amipli,
1652 4988 1681 5039 in
1697 5000 1757 5052 quo.
