4842 6642
761 867 899 923 murus
923 870 1117 925 rrunsruus
1142 869 1327 925 sarsurus.
1564 859 1637 937 405

459 1013 538 1087 vuit
555 1012 653 1088 enim
671 1014 795 1090 dicere
811 1012 909 1108 quod
927 1020 1094 1089 cessante
1110 1014 1265 1089 avaritia
1283 1015 1533 1111 praelatorum,
1548 1037 1636 1110 quae

458 1132 635 1227 depravat
670 1134 803 1209 bonam
836 1134 1064 1209 voluntatem
1097 1133 1289 1208 hominurn
1321 1135 1358 1208 in
1387 1155 1439 1229 se,
1465 1134 1636 1231 sequitur

459 1253 601 1327 fructus
626 1274 725 1329 vcrae
751 1254 906 1330 virtutis.
927 1254 970 1329 Et
986 1255 1056 1330 hoc
1073 1254 1155 1331 dico
1176 1256 1257 1351 erit,
1270 1259 1392 1349 mma
1408 1259 1469 1329 cte
1484 1260 1637 1349 omacio

460 1380 543 1448 totto
568 1378 600 1448 st
622 1378 753 1468 ευεηιί,
779 1375 882 1472 idest,
909 1376 945 1449 in
971 1381 1090 1451 totum
1116 1385 1277 1472 ponatur
1315 1383 1420 1453 extra
1452 1380 1636 1476 hyemem,

454 1516 525 1589 per
550 1498 586 1569 in
611 1504 782 1571 canterma
808 1499 868 1571 cte
888 1493 913 1572 'e'
936 1492 1057 1590 lcyyid
1086 1500 1247 1591 neyletto.
1273 1500 1317 1572 Et
1343 1499 1401 1574 iric
1427 1506 1512 1575 nota
1539 1500 1637 1595 quod

461 1615 529 1690 ista
555 1616 754 1693 centesima
780 1637 854 1691 non
880 1623 939 1699 est.
959 1618 1095 1693 omissa
1121 1639 1168 1694 ex
1195 1618 1413 1717 ignorantia,
1451 1621 1515 1696 sed
1552 1621 1637 1697 data

460 1756 592 1831 opera3
611 1757 696 1811 narn
724 1736 787 1831 qui
814 1731 899 1811 iecit
923 1737 1175 1814 calendarium
1201 1746 1331 1835 sponte
1357 1740 1480 1815 omisit
1498 1740 1548 1815 ad
1569 1742 1638 1816 toi-

461 1856 606 1932 iendam
633 1857 883 1933 confusionem
910 1865 978 1933 etc.
1005 1858 1076 1933 Sed
1101 1859 1160 1933 hic
1186 1859 1305 1934 oritur
1330 1859 1508 1935 dubitatio
1538 1859 1638 1955 quod

460 1982 570 2051 antor
596 1976 742 2053 videtur
766 1978 1018 2053 contradicere
1044 1977 1110 2052 sibi
1136 1978 1201 2074 ipsi
1228 1999 1367 2074 ponens
1389 1985 1465 2053 tam
1483 1980 1635 2077 longum

460 2096 619 2192 spatium
638 2119 835 2194 annorum,
853 2118 938 2173 curn
958 2105 1083 2174 tamen
1099 2099 1234 2174 dixerit
1251 2099 1347 2174 iinaii
1365 2100 1525 2195 capitulo
1543 2102 1638 2177 Pur·

459 2218 591 2316 gatorti
625 2220 695 2294 hoc
726 2219 896 2293 futurum
928 2219 964 2294 in
996 2220 1112 2315 brevi,
1147 2220 1210 2295 ubi
1244 2221 1347 2295 dicit:
1381 2224 1479 2295 cd'io
1513 2225 1637 2315 veyoio

459 2345 666 2413 ccrwmcate
691 2346 760 2414 etc.
782 2338 983 2414 Dicendum
1005 2339 1168 2415 breviter
1189 2340 1288 2436 quod
1307 2348 1362 2416 est
1381 2341 1638 2416 usitatissimus

461 2458 594 2534 modus
618 2459 803 2555 loquendi,
829 2480 916 2534 nam
945 2467 1020 2535 tota
1045 2460 1103 2536 die
1128 2482 1227 2558 sepe
1243 2460 1419 2536 dicimus:
1438 2468 1637 2557 autequam

461 2585 650 2655 transeant
675 2580 774 2655 mille
799 2580 884 2657 anui
910 2581 968 2655 vel
994 2580 1122 2657 decern
1150 2581 1260 2657 millia
1286 2601 1471 2658 annorum
1492 2603 1562 2681 ego
1583 2583 1639 2657 ffi-

462 2702 556 2776 ciam
583 2702 780 2777 vindictam
806 2702 852 2778 de
879 2701 958 2796 taii;
985 2707 1022 2777 et
1047 2709 1171 2778 tamen
1199 2723 1266 2799 per
1298 2703 1409 2778 istum
1436 2724 1637 2778 numerum

462 2841 641 2917 maguum
663 2843 733 2919 ego
750 2822 911 2919 intelligo
937 2829 974 2897 et
999 2822 1046 2897 do
1072 2822 1150 2897 aliis
1167 2822 1317 2919 intelligi
1335 2823 1441 2899 valde
1458 2844 1638 2919 parvnm3

461 2946 499 3017 et
522 2942 574 3017 sic
599 2943 739 3019 tollitur
762 2942 941 3019 dubitatio
967 2950 1036 3019 etc.
