4842 6642
919 796 965 864 38
1309 807 1514 865 cumauro
1537 809 1706 864 rnnnursr

916 954 972 1028 isti
1003 954 1174 1030 doctores
1206 953 1370 1050 dirigunt
1400 954 1576 1051 degentes
1608 954 1646 1028 in
1673 955 1812 1030 woulo
1835 950 2019 1049 amarof')
2044 957 2093 1031 ad

914 1073 1025 1151 finem
1044 1073 1224 1150 felicitatis
1240 1080 1278 1149 et
1294 1074 1526 1149 salvationis:
1552 1080 1590 1150 et
1615 1074 1710 1148 sicut
1734 1073 1840 1149 dictae
1863 1075 1979 1150 stollae
2003 1084 2093 1152 sunt

914 1195 1063 1271 altiores
1088 1194 1192 1270 nobis
1217 1199 1255 1269 et
1279 1201 1468 1289 perpetuae
1493 1193 1739 1290 apparitionis,
1764 1194 1815 1268 ita
1839 1195 1896 1269 isti
1921 1195 2093 1272 doctores

915 1323 1022 1391 erant
1047 1314 1307 1392 eminentiores
1323 1321 1361 1390 et
1380 1322 1560 1410 perpetuo
1575 1320 1794 1410 apparentes
1812 1315 1916 1389 nobis
1932 1321 2002 1390 otc.
2020 1317 2091 1405 Qui

915 1443 1042 1513 autem
1067 1435 1138 1511 siut
1162 1435 1235 1531 poli
1260 1440 1298 1508 el
1323 1434 1410 1529 quid
1436 1435 1508 1508 sint
1522 1434 1602 1530 jam
1619 1434 1873 1529 sepedictum
1899 1436 2014 1511 estin
2034 1437 2091 1510 in-

915 1557 1021 1634 ferno
1045 1563 1083 1632 et
1107 1555 1334 1652 purgatorio,
1360 1561 1398 1632 et
1421 1553 1568 1631 dicetur
1589 1555 1627 1631 in
1652 1555 1820 1652 paradiso
1845 1556 1926 1632 isto.

905 1707 908 1714 ·
988 1683 1022 1752 Ε
1046 1680 1170 1752 dentre
1202 1679 1333 1750 atton.
1361 1678 1431 1752 lsta
1456 1683 1512 1752 est
1536 1685 1670 1770 quarta
1696 1684 1734 1753 et
1760 1676 1888 1753 ultima
1913 1698 1999 1772 pars
2023 1699 2090 1776 ge-

915 1798 1048 1874 neralis
1064 1789 1114 1892 l‘),
1141 1799 1177 1873 in
1203 1819 1279 1892 qua
1304 1805 1415 1874 autor
1438 1797 1637 1874 introducit
1666 1818 1780 1873 unam
1806 1800 1968 1873 animam
1994 1821 2090 1896 prac-

914 1919 1155 1994 clarissimam
1170 1919 1338 1994 moderni
1351 1919 1523 2014 doctoris,
1541 1939 1626 2012 que
1642 1918 1813 1994 describit
1829 1939 1870 1994 se
1885 1927 1923 1996 et
1938 1913 2088 2015 alias(⁸).

914 2040 999 2114 llaec
1032 2047 1157 2116 autem
1192 2047 1274 2116 erat
1306 2041 1430 2116 anima
1460 2031 1585 2114 eximii
1616 2039 1775 2115 doctoris
1789 2028 1827 2131 (ἢ
1862 2041 2013 2116 Thomae
2042 2043 2091 2118 de

914 2162 1080 2256 Aquino;
1104 2160 1151 2235 de
1176 2161 1283 2236 cuius
1299 2167 1423 2235 morte
1438 2166 1477 2234 et
1492 2158 1700 2256 dignissima
1715 2153 1753 2252 (⁵)
1771 2160 2091 2238 commendatione

915 2281 1092 2376 seriptum
1114 2286 1170 2356 est
1187 2280 1225 2354 in
1241 2280 1449 2376 Purgalorii
1467 2280 1637 2374 capitulo.
1659 2279 1800 2354 inducit
1824 2287 1950 2355 autem
1978 2282 2089 2357 istum

914 2403 1048 2478 merito
1076 2401 1368 2476 manifestantem
1393 2401 1484 2476 alios
1508 2399 1689 2494 doctores,
1715 2400 1802 2494 quia
1827 2400 1906 2476 illos
1935 2401 2092 2476 familia-

914 2523 1003 2599 riter
1029 2528 1195 2616 noverat,
1221 2543 1352 2598 eorum
1368 2511 1406 2614 (⁴)
1430 2521 1526 2596 dicta
1557 2527 1595 2596 et
1627 2521 1763 2616 scripta
1791 2542 1941 2596 summo
1969 2522 2090 2598 studio

913 2650 951 2720 et
982 2643 1158 2719 scrutinio
1191 2642 1413 2739 investigans
1429 2629 1479 2734 (⁷).
1506 2641 1630 2715 Primo
1655 2661 1747 2737 ergo
1779 2641 1917 2716 inducit
1948 2643 2088 2718 dictum

913 2765 1104 2857 Tbomam,
1131 2763 1194 2858 qui
1222 2761 1399 2858 prevenit
1423 2767 1608 2855 autorem,
1629 2781 1702 2835 non
1720 2767 1912 2856 expectata
1932 2764 2013 2838 eius
2033 2763 2090 2836 in·

914 2885 1175 2979 terrogatione,
1194 2882 1389 2957 ostendens
1410 2881 1509 2976 quod
1534 2881 1615 2955 vult
1639 2881 1848 2956 satisfacere
1873 2882 1953 2956 eius
1966 2874 2004 2975 (⁸)
2023 2882 2090 2958 de·

914 3003 1060 3096 siderio,
1086 3001 1174 3096 quia
1205 3001 1391 3098 cognoscit
1422 3007 1562 3075 tantam
1594 3001 1753 3096 gratiam
1784 3001 1911 3077 lucere
1942 3003 1978 3075 in
2011 3002 2089 3100 ipso

913 3129 1057 3199 autore.
1078 3123 1170 3198 Dicit
1187 3141 1279 3218 ergo
1296 3128 1430 3196 antor:
1449 3127 1482 3194 Ε
1494 3125 1594 3195 sentit
1609 3125 1803 3196 commum
1818 3125 1944 3197 denuo
1960 3127 2088 3216 ultum,

912 3244 1049 3319 scilicet
1074 3245 1252 3318 Tbomam
1278 3242 1326 3318 de
1349 3242 1495 3337 Aquino
1519 3241 1643 3316 audivi
1667 3242 1829 3337 incipere
1844 3243 1946 3338 loqui
1970 3249 2009 3320 et
2032 3243 2088 3319 di-

912 3384 1009 3440 cere.
1037 3363 1171 3438 Ordina
1197 3364 1249 3437 sic
1274 3363 1439 3436 literam:
1466 3365 1552 3456 quot
1575 3365 1766 3452 tiuepnsse
1781 3365 1809 3436 il
1824 3366 1884 3436 oin
1902 3366 1995 3437 delto
2020 3385 2087 3438 suo

908 3489 997 3580 fiala
1017 3507 1086 3579 per
1110 3489 1147 3558 ta
1176 3490 1237 3558 tua
1265 3492 1347 3577 sete,
1381 3483 1484 3577 idest,
1517 3483 1747 3577 quicumque
1777 3490 1946 3558 nostrum
1976 3485 2090 3560 dene·

911 3613 1017 3705 garet
1042 3605 1105 3679 libi
1131 3605 1240 3680 dulce
1264 3603 1454 3698 eloquium
1480 3624 1591 3677 suurn
1609 3603 1656 3678 ad
1676 3605 1963 3700 extinguendam
1990 3607 2087 3681 sitim

912 3727 966 3801 tui
991 3725 1170 3819 desiderii,
1192 3746 1264 3798 non
1285 3728 1373 3818 sora
1395 3727 1434 3797 in
1457 3714 1595 3817 libertd,
1616 3724 1703 3818 quia
1729 3725 1866 3800 scilicet
1890 3727 2024 3801 caritas
2048 3726 2086 3802 iu

912 3866 1142 3943 quesumus
1169 3844 1255 3920 facit
1284 3865 1350 3918 nos
1379 3843 1475 3919 velle
1503 3845 1712 3920 satisfacere
1741 3844 1948 3941 indigentie
1967 3847 2088 3942 justo-

911 3989 1010 4063 rum,
1035 3974 1073 4044 et
1097 3967 1213 4042 libere
1237 3967 1308 4040 boc
1332 3964 1503 4057 facimus3
1531 3965 1631 4060 quod
1649 3966 1680 4038 si
1697 3985 1772 4040 non
1789 3967 1997 4042 faceremus
2013 3989 2088 4043 non

911 4089 1135 4165 haberemus
1159 4086 1366 4162 libertatem
1391 4085 1544 4178 arbitrii,
1566 4086 1653 4180 quia
1667 4077 1705 4178 (⁹)
1728 4107 1801 4162 non
1819 4108 2015 4182 possumus
2032 4089 2088 4164 fa-

910 4231 997 4286 cere
1020 4208 1110 4284 illud
1136 4207 1237 4302 quod
1262 4207 1453 4281 volumus:
1480 4207 1550 4282 boc
1574 4214 1700 4281 autern
1726 4214 1782 4282 est
1806 4207 2027 4302 impossibile
2050 4210 2086 4282 in

911 4331 972 4404 illo
984 4331 1093 4405 beato
1107 4348 1234 4425 regno.
1248 4326 1325 4401 lloc
1336 4319 1390 4420 (¹⁰)
1402 4333 1530 4401 autem
1543 4326 1706 4401 declarat
1723 4348 1789 4422 per
1805 4328 1924 4402 simile
1940 4328 2084 4404 dicens:

972 4570 999 4632 (¹)
1017 4571 1046 4622 E.
1064 4571 1160 4621 smculo
1177 4572 1228 4622 boc
1243 4585 1341 4621 umaro.
1531 4571 1559 4635 ι’)
1575 4571 1607 4622 R
1622 4573 1751 4636 genernlin
1767 4573 1844 4624 buius
1860 4572 1977 4636 capituli,
1989 4575 2089 4638 inqua.

972 4647 998 4708 (⁸)
1015 4647 1045 4698 Ε.
1061 4654 1088 4698 ct
1104 4647 1168 4698 alias
1183 4649 1279 4698 ibidem
1295 4649 1402 4698 animas.
1418 4648 1491 4698 llaec.
1531 4650 1559 4709 ι’]
1576 4649 1607 4699 Β,
1623 4650 1738 4701 doctoris
1754 4649 1825 4701 illius
1840 4649 1909 4699 beuti
1926 4649 2044 4700 Tbomae.

971 4725 1000 4785 ζ’)
1016 4725 1047 4774 E.
1064 4730 1090 4775 et
1106 4725 1257 4788 dignissima
1271 4727 1329 4775 eius
1344 4725 1579 4776 commendatione.

973 4801 999 4862 ς’)
1015 4801 1045 4851 Ε.
1063 4807 1090 4851 et
1105 4814 1198 4852 eorum
1214 4803 1291 4852 dictu
1532 4801 1559 4864 (Ἴ)
1576 4802 1607 4854 E.
1623 4803 1793 4868 invatlgurit.

971 4876 997 4939 (⁸)
1014 4878 1045 4927 ll.
1061 4877 1178 4928 eiusdem
1194 4879 1333 4929 desiderio.
1529 4878 1557 4941 (⁸)
1574 4879 1604 4930 E.
1620 4881 1732 4945 quando.

960 4953 997 5014 (¹⁰1
1013 4955 1044 5006 E.
1060 4955 1095 5006 Et
1111 4955 1227 5007 declarat
1241 4957 1293 5008 boc
1309 4969 1366 5019 per.
