4842 6642
819 840 891 907 278
1210 853 1415 910 coucurmr
1440 856 1607 908 runnmsr

817 999 915 1093 rum,
941 1001 1045 1094 quasi
1071 1001 1200 1095 nubes,
1224 1002 1280 1076 vel
1306 1001 1540 1076 involucrum
1557 1001 1678 1075 subito
1696 1000 1805 1074 simul
1831 1021 1991 1096 presen-

794 1125 989 1218 taverunt
1013 1142 1053 1195 se
1079 1121 1198 1216 primo
1225 1121 1384 1216 impetu3
1411 1128 1449 1195 et
1473 1120 1577 1196 dicit:
1601 1113 1630 1193 sl
1655 1141 1751 1195 come
1775 1123 1807 1194 si
1826 1142 1990 1214 percusse

816 1243 854 1314 in
878 1248 971 1314 certo
999 1245 1130 1333 mado,
1161 1240 1263 1335 idest,
1296 1248 1488 1337 postquam
1519 1241 1674 1316 divisum
1708 1248 1745 1314 et
1779 1240 1988 1314 distinctum

816 1361 883 1434 luit
907 1381 993 1436 cum
1020 1363 1246 1456 pervenisset
1264 1357 1316 1436 'ad
1343 1369 1487 1436 certum
1514 1361 1672 1457 gradum
1707 1360 1824 1435 scalae.
1852 1359 1897 1435 m
1921 1362 1990 1436 hoc

815 1482 909 1574 iecit,
926 1504 1022 1555 come
1038 1485 1174 1575 lepole,
1204 1503 1288 1576 quae
1315 1488 1401 1556 suut
1420 1480 1466 1556 de
1484 1501 1621 1578 genere
1644 1481 1822 1576 picarum,
1840 1483 1872 1556 ei
1890 1477 1988 1556 nmo-

812 1621 917 1693 oono,
945 1601 1092 1696 scilicet,
1121 1602 1167 1677 de
1197 1603 1279 1678 loco
1315 1603 1374 1675 ulti
1409 1608 1730 1696 pernoctaverunt,
1758 1601 1816 1676 vel
1840 1602 1986 1694 arbore,

810 1723 949 1794 insieme
974 1743 997 1793 a
1025 1725 1171 1795 scaldar
1202 1724 1233 1796 te
1259 1724 1385 1817 [redde
1409 1726 1538 1814 plume,
1566 1742 1670 1816 quae,
1703 1721 1840 1797 scilicet
1871 1721 1987 1818 frigus

813 1849 1036 1915 nocturnum
1061 1842 1344 1938 irrlrigidaverat,
1371 1845 1410 1914 ol
1432 1845 1625 1916 cominoior
1649 1843 1708 1915 dcl
1721 1844 1865 1933 piorno,
1883 1841 1986 1935 idest,

812 1962 849 2035 in'
874 1949 1050 2059 principio
1069 1963 1281 2038 calescentis
1306 1964 1377 2038 diei
1403 1934 1449 2038 d'e
1476 1983 1584 2036 mane
1611 1967 1759 2057 propter
1785 1962 1983 2038 adventum

812 2082 906 2157 solis.
937 2083 1055 2178 Aliqui
1091 2091 1230 2158 tament
1256 2091 1456 2178 exponunt,
1483 2083 1580 2178 quod
1607 2089 1716 2158 autor
1747 2082 1911 2176 loquitur
1939 2081 1986 2156 de

812 2209 979 2298 tempore
1005 2204 1112 2297 veris,
1140 2203 1226 2298 qnia
1252 2204 1343 2299 poloe
1363 2204 1538 2278 recedunt
1563 2224 1585 2278 a
1609 2203 1711 2277 uobis
1730 2210 1896 2298 tempore
1917 2221 1984 2275 an-

812 2323 951 2417 tumui,
977 2325 1040 2397 sen
1067 2310 1175 2399 litera
1198 2346 1270 2399 non
1303 2325 1439 2420 patitur
1466 2324 1570 2399 istam
1598 2323 1873 2418 expositionem,
1900 2321 1981 2396 ideo

809 2443 909 2539 prior
936 2450 1105 2519 teneatur
1130 2467 1198 2540 pro
1225 2446 1378 2521 meliori.
1406 2445 1449 2517 m
1473 2445 1577 2519 dicit:
1602 2467 1668 2537 per
1693 2448 1727 2517 lo
1753 2447 1898 2518 natural
1921 2465 1981 2517 co-

808 2547 930 2654 ctume,
947 2563 1050 2658 idest,
1067 2565 1236 2640 instinctu
1265 2573 1418 2657 naturae,
1438 2585 1510 2638 non
1528 2562 1795 2638 assuefactione
1812 2563 1980 2656 hominis,

802 2687 868 2776 pot
892 2687 982 2757 altre
1015 2705 1132 2758 vanno
1164 2690 1236 2776 oio,
1262 2682 1408 2778 scilieet,
1436 2684 1558 2758 volant
1589 2705 1610 2758 a
1641 2684 1763 2779 louge,
1792 2703 1901 2756 scazo
1930 2685 1983 2762 ri·v

808 2813 926 2899 torno,
955 2805 1041 2900 quia
1067 2806 1203 2880 scilicet
1229 2827 1301 2879 uon
1327 2810 1566 2880 revertuntur
1587 2825 1654 2899 pro
1679 2809 1787 2898 tuum
1815 2806 1906 2877 altre
1928 2807 1981 2876 rt-

808 2929 936 3015 oolpon
961 2908 999 2998 se*
1022 2929 1112 2999 cade
1137 2947 1203 2998 son
1228 2912 1352 3018 morse,
1372 2925 1456 3020 quia
1474 2925 1609 2999 scilicet
1629 2932 1871 2999 revertuntur
1895 2943 1980 3000 ver-

806 3067 870 3119 sus
887 3046 1009 3120 locum
1029 3047 1126 3121 unde
1145 3055 1387 3140 recesserunt,
1405 3054 1437 3118 et
1452 3049 1541 3118 altre
1559 3050 1626 3139 (an
1647 3049 1854 3138 soppiorno,
1875 3044 1979 3137 idest,

806 3166 942 3240 iaciunt
971 3167 1204 3242 residentiam
1232 3167 1500 3262 intromonte,
1528 3167 1629 3261 idest,
1657 3165 1886 3241 circulariter
1911 3185 1980 3238 vo-

805 3287 912 3362 lando
938 3309 1003 3383 per
1036 3308 1175 3381 aerem,
1203 3288 1297 3362 sicut
1331 3286 1526 3382 aliquando
1557 3287 1680 3361 notavi
1712 3287 1821 3360 istum
1852 3293 1976 3360 actum

805 3407 841 3480 in
868 3407 991 3481 multis
1017 3407 1181 3502 partibus
1199 3405 1413 3483 itinerando.
1433 3407 1477 3480 m
1493 3407 1544 3480 sic
1563 3407 1644 3481 vide
1662 3405 1850 3501 quomodo
1868 3393 1977 3480 autor

805 3534 1043 3623 repraesentat
1066 3526 1230 3602 diversos
1256 3526 1441 3601 discursus
1474 3525 1683 3601 animarum
1718 3545 1784 3621 per
1814 3525 1977 3601 diversos

805 3649 947 3723 volatus
965 3648 1146 3743 polorum,
1166 3669 1326 3743 quarum
1348 3649 1573 3742 comparatio
1594 3669 1666 3720 uon
1685 3647 1853 3720 videatur
1870 3647 1978 3720 alicui

802 3769 939 3864 aliena;
956 3770 1088 3864 primo,
1106 3769 1191 3864 quia
1214 3789 1343 3842 omnes
1359 3768 1492 3843 animae
1518 3774 1696 3862 separata.
1723 3767 1861 3862 ubique
1886 3766 1980 3864 figu-

803 3896 933 3963 rantur
949 3889 987 3961 in
1008 3888 1138 3963 avibus
1165 3887 1370 3962 uolantibus
1397 3895 1544 3984 proptor
1570 3907 1700 3962 earum
1728 3887 1912 3962 levitatem
1941 3894 1979 3962 ot

801 4007 1051 4102 velocitatem3
1074 4019 1112 4084 et
1138 4007 1233 4082 inter
1256 4013 1409 4082 caeteras
1426 4006 1567 4081 animas
1593 4008 1727 4082 animae
1753 4008 1977 4102 contempla·

801 4128 961 4202 livorum
993 4135 1079 4201 sunt
1111 4129 1267 4220 volucer,
1298 4129 1397 4202 leves
1432 4135 1469 4201 et
1500 4127 1690 4222 expeditae,
1718 4147 1789 4201 nou
1815 4131 1977 4223 gravate

799 4271 822 4324 a
847 4270 970 4342 carne,
989 4270 1062 4323 non
1090 4248 1272 4343 impeditae
1293 4247 1340 4321 ab
1365 4241 1718 4342 occupamiuibust)
1747 4247 1883 4322 mundi.
1911 4247 1976 4323 Se-

798 4369 931 4462 cundo,
964 4369 1049 4464 quia
1075 4369 1167 4465 polae
1196 4373 1324 4444 amant
1353 4367 1597 4463 solitudinem,
1625 4367 1790 4444 similiter
1821 4377 1859 4444 et
1889 4390 1976 4444 eou-

774 4490 1010 4586 templatim.
1042 4489 1145 4565 Unde
1173 4489 1314 4586 eligunt
1339 4490 1533 4564 heremum
1565 4509 1632 4585 pro
1658 4489 1882 4564 habitatione
1906 4489 1973 4564 sui.

800 4611 938 4705 Tertio,
972 4609 1065 4684 sicut
1103 4609 1196 4705 poloe
1232 4609 1352 4705 primo
1389 4615 1567 4704 apparent
1600 4607 1710 4684 simul
1748 4609 1973 4706 glomeratae,

798 4737 924 4824 postea
941 4730 1154 4805 dividuntur
1179 4736 1217 4805 et
1243 4730 1396 4805 tendunt
1421 4729 1467 4804 ad
1492 4729 1655 4805 diversas
1681 4737 1816 4825 partes,
1842 4730 1891 4805 ita
1916 4732 1976 4805 hic

860 4992 888 5055 (¹)
905 4993 935 5042 E.
952 4991 1173 5056 occupationibus.
