4842 6642
771 776 842 842 tat
1155 784 1359 840 conunruu
1384 785 1548 840 runuorsr

769 933 817 1006 ab
843 952 917 1007 uno
943 931 980 1004 in
1005 932 1132 1024 alium,
1150 937 1188 1006 et
1207 937 1332 1006 tamen
1358 937 1413 1005 est
1439 951 1536 1005 unus
1560 949 1687 1023 arcus;
1714 929 1806 1004 itaa
1831 927 1938 1004 simili

770 1050 808 1124 in
833 1051 891 1126 illa
917 1071 1025 1148 spera
1050 1047 1172 1125 divina
1197 1056 1304 1126 erant
1330 1057 1406 1125 tres
1428 1049 1553 1125 circuli
1572 1048 1729 1124 distincti
1753 1049 1790 1123 in
1816 1048 1940 1125 colore

769 1170 925 1246 invicem
951 1171 1090 1264 rolleni,
1116 1176 1304 1244 ettamen
1330 1177 1410 1245 erat
1442 1191 1517 1245 una
1547 1189 1655 1266 spera
1683 1175 1721 1245 et
1750 1189 1826 1243 uua
1850 1168 1943 1245 divi-

772 1290 875 1364 nitas.
902 1289 994 1366 Dicit
1020 1310 1135 1387 ergo:
1161 1295 1195 1363 ll
1216 1292 1313 1380 tuo,
1339 1290 1485 1385 scilicet,
1512 1289 1632 1383 Pater,
1656 1309 1772 1383 parea
1801 1293 1940 1382 rellesso

771 1413 855 1484 doll'
868 1412 975 1505 ultro,
999 1409 1102 1504 idest,
1123 1408 1444 1504 antiquorem·
1460 1411 1510 1484 du
1533 1413 1593 1501 ἑή,
1610 1409 1713 1504 idest,
1733 1409 1827 1485 sicut
1843 1429 1941 1483 unus
1984 1445 1988 1452 ·

772 1531 932 1606 circulus
956 1529 1056 1605 iridis
1081 1530 1128 1604 ab
1152 1530 1249 1624 alio;
1275 1551 1294 1603 c
1318 1532 1346 1604 u
1369 1537 1480 1622 terzo,
1506 1530 1652 1623 scilicet,
1678 1527 1832 1625 Spiritus
1849 1527 1941 1604 Sau-

772 1658 864 1745 ctus,
879 1672 995 1745 parea
1008 1655 1127 1746 succo,
1145 1656 1293 1746 propter
1319 1651 1492 1726 ardorem
1524 1649 1672 1744 amoris,
1698 1648 1793 1724 sicut
1818 1647 1941 1744 saepis·

773 1772 866 1846 sime
889 1771 1028 1845 dictum
1049 1776 1116 1863 est,
1133 1770 1248 1844 immo
1269 1776 1307 1846 et
1327 1776 1404 1846 tota
1420 1769 1575 1845 Trinitas
1607 1776 1725 1866 potest
1750 1768 1940 1844 assimilari

773 1890 867 1987 igni3
887 1889 973 1984 quia
991 1890 1085 1964 sicut
1111 1890 1149 1963 in
1173 1889 1259 1986 igne
1283 1896 1370 1964 sunt
1395 1889 1476 1983 tria,
1501 1888 1703 1964 substantia
1719 1879 1770 1984 (⁴),
1787 1889 1889 1963 calor
1905 1895 1942 1963 et
1978 1967 1981 1975 ,

771 2012 894 2105 ardor,
912 2016 1035 2085 tamen
1048 2016 1104 2084 est
1118 2031 1215 2084 unus
1233 2009 1346 2106 ignis3
1363 2009 1416 2084 sic
1431 2009 1469 2083 in
1482 2009 1658 2084 Trinitate
1675 2016 1763 2104 otc.;
1782 2016 1820 2084 et
1839 2008 1941 2083 dicit:

771 2135 831 2207 cle
854 2135 944 2225 spiri
970 2133 1177 2222 tortulmeme
1207 2133 1323 2222 quinci
1350 2151 1370 2203 c
1403 2132 1536 2222 quincti,
1569 2129 1674 2224 idest,
1699 2128 1761 2224 qui
1788 2129 1943 2226 Spiritus

772 2253 928 2328 Sanctus
944 2251 1119 2348 procedat
1135 2251 1326 2346 aequaliter
1341 2271 1366 2326 a
1379 2251 1487 2326 Patre
1505 2257 1542 2325 et
1555 2249 1655 2325 Filio.
1670 2291 1720 2306 -
1732 2253 1785 2326 Otr
1801 2259 1941 2344 quanto.

772 2373 838 2448 llic
861 2378 972 2447 autor
1000 2372 1240 2465 conqueritur
1271 2370 1318 2446 de
1349 2370 1528 2446 brevitate
1555 2391 1633 2445 sure
1665 2371 1833 2465 loquelae,
1859 2391 1943 2465 qure
1978 2357 1981 2362 ’

774 2514 847 2569 non
872 2490 1006 2566 sufficit
1030 2490 1214 2586 explicare
1239 2490 1412 2586 pusillum
1437 2489 1540 2565 istius
1560 2489 1724 2584 risionis3
1742 2497 1779 2566 et
1797 2491 1850 2565 sic
1866 2510 1944 2566 ser·

773 2620 836 2688 vat
860 2611 950 2687 illud
974 2611 1073 2706 quod
1098 2617 1319 2708 protestatus
1343 2611 1410 2684 luit
1430 2611 1554 2707 paullo
1574 2616 1671 2706 ante,
1689 2611 1824 2687 scilicet
1843 2610 1944 2706 quod

704 2825 707 2832 Ι
774 2733 907 2808 amodo
940 2732 1010 2808 erit
1040 2731 1189 2807 brevior
1214 2730 1294 2807 eius
1319 2732 1465 2826 loquela
1496 2753 1611 2827 quam
1647 2731 1815 2826 iniantis3
1845 2731 1944 2808 unde

774 2854 956 2928 exclamat
980 2851 1197 2927 admirative
1219 2851 1324 2945 quasi
1349 2851 1476 2927 dolens
1500 2851 1547 2927 de
1572 2851 1784 2948 impotentia
1801 2873 1881 2927 sua.
1900 2851 1943 2926 Et

773 2972 877 3047 dicit:
909 2973 962 3048 ot
985 2980 1116 3064 quanto
1139 2975 1167 3046 tl
1189 2975 1251 3064 dir,
1273 2969 1294 3047 e*
1316 2980 1427 3065 corto,
1444 2971 1548 3067 idest,
1565 2993 1589 3048 o
1609 2993 1721 3067 quam
1747 2972 1869 3048 brevis
1890 2979 1944 3048 est

774 3093 922 3188 loquela
947 3112 1031 3169 mea
1056 3100 1094 3168 et
1118 3093 1235 3169 virtus
1260 3093 1481 3187 eloquentiae
1506 3113 1611 3189 meae,
1637 3115 1722 3190 quae
1747 3095 1840 3170 solet
1865 3116 1945 3172 esse

775 3232 923 3309 magna,
950 3235 969 3287 c
992 3233 1088 3287 come
1108 3216 1213 3306 fioco,
1234 3213 1337 3308 idest,
1365 3232 1489 3309 rauca,
1508 3233 1593 3308 quae
1609 3214 1702 3290 solet
1726 3235 1807 3290 esse
1832 3217 1943 3306 clara,

775 3335 815 3406 ot
836 3335 907 3406 mio
931 3340 1095 3424 concetto,
1120 3333 1223 3430 idest,
1248 3334 1294 3409 ad
1320 3334 1576 3430 explicandum
1602 3343 1822 3432 conceptum
1842 3357 1947 3412 men-

747 3453 842 3548 ·tis3'
864 3458 902 3528 et
925 3451 1029 3526 dicit:
1056 3475 1075 3526 e
1100 3461 1229 3546 questo,
1256 3453 1403 3549 scilicet,
1429 3453 1552 3530 dicere
1581 3454 1680 3548 quod
1709 3455 1802 3531 facio
1834 3451 1949 3550 tric‚'c'

778 3579 875 3646 mato
893 3593 986 3666 poco
1011 3593 1036 3646 o
1060 3577 1139 3666 quet
1161 3576 1260 3647 ct'ro
1286 3576 1369 3668 md,
1398 3573 1501 3669 idest,
1518 3574 1565 3649 ad
1586 3576 1840 3671 explicandum
1860 3576 1948 3652 illud

778 3692 877 3788 quod
895 3692 978 3787 vidi,
994 3695 1056 3767 cte
1071 3694 1417 3768 contumaciter
1434 3715 1537 3789 poco,
1558 3716 1644 3770 cum
1670 3695 1715 3770 sit
1740 3697 1946 3792 minimum,

779 3813 895 3887 immo
920 3812 1018 3887 nihil.
1045 3805 1142 3907 tlte)
1167 3819 1254 3891 nota
1275 3815 1374 3909 quod
1394 3820 1503 3890 autor
1523 3815 1803 3910 prudentissime
1823 3818 1898 3916 agit
1918 3819 1947 3894 si

779 3933 975 4027 pertransit
999 3933 1073 4008 cito
1097 3934 1144 4010 de
1168 3934 1325 4010 materia
1349 3934 1542 4030 Trinitatis
1565 3956 1612 4011 ne
1631 3935 1800 4012 rideatur
1823 3939 1949 4014 similis

780 4071 897 4147 puero
923 4053 985 4147 qui
1011 4074 1097 4128 cum
1124 4054 1279 4130 cocleari
1304 4055 1510 4130 conabatur
1535 4075 1696 4132 vacuare
1711 4047 1748 4151 (³)
1775 4079 1949 4134 mare.-

784 4175 927 4246 Olore.
965 4173 1031 4248 liic
1064 4181 1175 4249 autor
1199 4173 1352 4250 intendit
1376 4175 1585 4252 describere
1615 4177 1881 4254 humanitatem
1912 4179 1949 4254 in

778 4291 986 4387 divinitate3
1011 4298 1049 4368 et
1073 4293 1160 4387 quia
1186 4293 1438 4369 difficillimum
1465 4302 1520 4371 est
1546 4297 1616 4372 hoc
1642 4297 1768 4374 videre
1784 4306 1951 4396 apostro-

779 4414 867 4510 plut
890 4413 938 4488 ad
962 4413 1200 4509 divinitatem,
1226 4413 1369 4489 dicens:
1401 4420 1432 4490 0
1452 4419 1524 4491 lucc
1540 4423 1661 4492 eterna
1685 4421 1745 4492 cde
1766 4423 1845 4495 solu
1864 4423 1902 4494 tn
1923 4429 1953 4495 te

778 4535 859 4624 sidt,
885 4532 988 4626 idest,
1013 4553 1099 4628 quae
1123 4533 1288 4608 consistis
1314 4534 1524 4631 simpliciter
1541 4536 1578 4613 in
1599 4543 1636 4614 te
1659 4539 1746 4635 ipsa,
1765 4544 1844 4615 solo
1865 4544 1953 4616 tin-

782 4655 886 4749 tendt,
910 4654 997 4748 quia
1020 4655 1120 4730 nulla
1145 4653 1381 4752 intelligentia
1397 4656 1572 4754 'intelligit
1597 4661 1704 4755 plene
1728 4659 1951 4736 intellectum

844 4840 873 4905 (¹)
888 4841 914 4892 S.
929 4841 1080 4903 substantia,
1097 4841 1186 4894 lumen
1201 4848 1229 4895 et
1246 4841 1327 4903 calor,
1345 4847 1439 4895 tumen.

845 4914 877 4982 (¹)
889 4915 916 4969 S.
933 4917 984 4968 illc
999 4923 1069 4970 nou.
1258 4921 1285 4981 (Ἴ
1300 4918 1328 4970 s.
1343 4932 1478 4972 evacuare.
