4842 6642
865 743 1005 834 cuncus
1029 779 1255 833 amaremus
1572 765 1641 834 iti

471 947 577 1002 cens:
599 947 668 1020 per
693 928 777 1020 sure
799 927 828 998 il
849 927 1012 1016 condeto,
1036 923 1141 1019 idest,
1164 923 1355 998 ardentem
1383 923 1552 1020 spiritum
1577 923 1644 998 bo-

437 1070 441 1078 ·
472 1045 591 1141 minis,
614 1048 772 1139 disperio
794 1063 819 1116 u
842 1063 909 1118 sua
930 1047 1093 1136 stamme,
1118 1043 1223 1138 idest,
1240 1043 1288 1118 ad
1313 1043 1393 1118 eius
1418 1061 1587 1118 amorem
1608 1049 1645 1118 et

471 1159 669 1242 lucem.'-
681 1167 763 1238 Non
782 1167 855 1258 fiir.
882 1163 948 1238 llic
971 1169 1083 1239 autor
1099 1163 1262 1239 declarat
1284 1162 1477 1238 veritatem
1492 1155 1529 1255 (⁴)
1549 1161 1645 1236 ullius

471 1287 623 1363 effectus
648 1286 685 1359 in
715 1307 767 1380 se,
792 1284 886 1359 sicut
914 1283 1061 1359 Beatrir
1091 1283 1323 1380 predixerat,
1348 1281 1491 1358 dicens:
1523 1282 1644 1372 onero

471 1408 568 1482 brem
594 1409 737 1500 parole,
762 1404 911 1498 scilicet,
935 1404 1030 1480 dicta
1066 1424 1134 1500 per
1157 1403 1376 1498 beatricem,
1402 1423 1475 1476 rron
1497 1405 1644 1498 [uruc-

471 1535 551 1601 nute
569 1523 634 1622 piri
658 1532 746 1601 tosto
776 1529 901 1600 dentro
926 1546 950 1598 a
975 1545 1043 1616 mc,
1066 1527 1166 1598 clr'io
1195 1527 1368 1616 compress·
1395 1545 1450 1600 me
1478 1545 1643 1609 sormon-

473 1654 564 1740 ture,
586 1647 690 1742 idest,
717 1665 779 1723 me
802 1663 1083 1742 supercrescere
1108 1644 1144 1718 in
1169 1644 1322 1740 virtute3
1343 1644 1442 1720 unde
1461 1645 1558 1740 dicit,
1583 1644 1644 1718 so-

467 1789 543 1863 pra
566 1771 639 1843 orto
663 1771 800 1859 romb,
817 1766 919 1859 idest,
938 1767 1036 1840 ultra
1053 1766 1229 1841 virtutem
1244 1764 1412 1839 solitam:
1431 1765 1641 1842 sicutenim

471 1895 660 1965 crescente
685 1885 928 1984 pulcritudine
957 1885 1132 1961 beatricis
1160 1884 1341 1982 gradatim
1376 1885 1493 1960 crevit
1527 1885 1644 1962 uirtus
1718 1975 1720 1980 .

471 2010 630 2105 autoris3
655 2010 705 2083 ita
730 2029 830 2082 nunc
855 2006 1020 2083 Beatrice
1037 2006 1275 2103 perveniente
1300 2005 1346 2079 ad
1369 2005 1539 2079 ultimum
1558 2011 1645 2102 gra-

471 2130 561 2205 dum
586 2128 850 2226 pulcritudinis,
876 2127 995 2204 rirtus
1019 2127 1161 2203 autoris
1186 2125 1425 2222 pervenitad
1451 2145 1643 2200 summum

470 2250 629 2348 gradum
654 2247 811 2322 virtutis.
836 2247 940 2322 Unde
964 2247 1106 2322 subdit:
1127 2249 1201 2321 cdi
1224 2249 1362 2320 novella
1388 2250 1476 2320 virtu
1494 2250 1542 2319 nrt
1557 2267 1642 2320 roc-

470 2375 550 2464 resi,
580 2369 665 2464 quia
693 2369 875 2464 resumpsi
896 2367 1101 2443 acutiorem
1119 2373 1158 2442 et
1173 2367 1363 2442 fortiorem
1385 2366 1524 2461 risum·;
1543 2365 1643 2442 unde

472 2489 576 2565 dicit:
594 2482 1095 2580 omousianorum
1115 2506 1230 2578 mera,
1242 2485 1344 2581 idest,
1359 2507 1452 2582 pura
1474 2493 1511 2561 et
1527 2487 1640 2581 clara,

472 2613 535 2684 cle
554 2613 605 2703 gli
628 2613 727 2684 occdi
748 2613 829 2684 ndei
850 2631 925 2684 non
956 2612 988 2682 si
1016 2612 1132 2704 sosrcr
1161 2610 1263 2704 discet
1270 2631 1285 2700 ;
1311 2613 1348 2682 et
1381 2607 1526 2701 merito,
1554 2607 1643 2702 quia

472 2724 704 2824 sipoterant
736 2729 919 2806 sustinere
948 2729 1069 2804 lucem
1103 2749 1301 2822 summam,
1337 2728 1441 2804 facile
1472 2734 1642 2824 poterant

472 2846 654 2924 sustinere
681 2849 809 2926 lucem
840 2849 927 2924 solis
956 2856 995 2924 et
1024 2868 1173 2924 omnem
1209 2847 1331 2924 aliam.
1345 2853 1440 2922 -Ε
1471 2851 1552 2922 ordi.
1579 2847 1645 2924 llic

472 2973 582 3042 autor
606 2967 777 3044 describit
802 2969 1013 3064 paradisum
1039 2969 1326 3064 transumptive3
1352 2973 1389 3042 et
1414 2989 1483 3043 sua
1508 2967 1583 3043 alta
1609 2975 1647 3043 et

473 3087 584 3162 nobili
609 3089 798 3181 phantasia
824 3089 927 3186 fingit
951 3109 992 3164 se
1009 3110 1127 3162 unum
1147 3089 1274 3164 lumen
1294 3089 1332 3162 in
1350 3087 1501 3163 modum
1524 3087 1647 3163 dumiss

474 3209 529 3284 uis
553 3209 785 3286 decurrentis
810 3211 906 3286 inter
929 3210 1023 3284 duas
1054 3209 1153 3305 ripas
1177 3209 1334 3305 floridas,
1360 3217 1398 3286 et
1419 3217 1468 3284 ‘er
1494 3209 1647 3283 ilumine

473 3330 654 3406 saltabant
677 3330 849 3407 ardentes
873 3331 1005 3405 saville
1022 3328 1059 3404 in
1080 3331 1178 3427 ripas
1196 3329 1367 3424 fluminis,
1389 3349 1473 3425 quae
1498 3331 1644 3426 captato

474 3451 590 3527 odore
614 3453 747 3527 ilorum
777 3451 996 3527 resaliebant
1012 3457 1049 3526 et
1064 3471 1107 3527 se
1124 3449 1341 3548 mergebant
1360 3450 1397 3522 in
1417 3469 1552 3544 aquam
1575 3450 1646 3524 ilu-

476 3573 594 3648 minis.
619 3572 674 3648 Ad
706 3573 813 3647 cuius
842 3572 997 3647 iictionis
1026 3571 1247 3648 euidentiam
1280 3577 1336 3646 est
1364 3571 1645 3666 prenotandum

475 3694 574 3789 quod
597 3692 712 3788 aliqui
737 3714 833 3767 vana
858 3692 1084 3768 somniantes
1107 3691 1321 3790 ignoranter
1340 3691 1524 3787 dixerunt,
1547 3689 1647 3786 quod

475 3821 586 3890 autor
602 3815 660 3890 bic
672 3814 809 3911 ilgurat
823 3814 962 3889 coelum
979 3813 1245 3911 crystallinum,
1259 3819 1297 3890 et
1314 3813 1466 3887 drodant
1478 3831 1519 3887 se
1535 3810 1649 3908 super

475 3935 613 4011 dictum
639 3935 838 4032 prophete,
865 3933 930 4030 qui
955 3933 1061 4010 dicit:
1085 3934 1294 4011 benedicite
1310 3953 1417 4030 aquae
1434 3954 1520 4029 quae
1535 3953 1649 4030 super

475 4058 588 4132 coelos
612 4064 701 4132 sunt
722 4057 899 4151 Domin03
924 4056 989 4132 sed
1013 4062 1116 4131 certe
1140 4055 1237 4130 istud
1262 4061 1318 4130 est
1342 4055 1485 4129 ibtuum
1516 4061 1554 4130 et
1583 4054 1650 4129 ial-

476 4197 559 4251 sum
585 4176 721 4272 dicere,
747 4184 827 4252 tum
854 4177 941 4272 quia
966 4184 1078 4252 autor
1088 4177 1168 4273 jam
1186 4177 1335 4251 intravit
1354 4177 1491 4251 coelum
1519 4169 1649 4272 empy-

477 4317 598 4393 reum,
622 4297 718 4372 sicut
736 4298 816 4394 iam
842 4297 961 4394 patuit
985 4298 1094 4394 paulo
1119 4304 1216 4392 ante,
1246 4317 1337 4394 ergo
1368 4315 1481 4392 super
1511 4295 1649 4403 omium

477 4436 696 4514 empyreum
718 4438 792 4492 non
808 4415 1033 4494 describeret
1051 4417 1316 4515 crystallinum,
1334 4416 1452 4514 posito
1469 4415 1567 4512 quod
1585 4435 1645 4490 es·
1703 4433 1705 4438 '

476 4543 533 4612 set
556 4536 647 4612 dare
671 4537 745 4612 tale
768 4538 918 4632 cretum,
936 4543 1015 4612 tum
1042 4537 1128 4632 quia
1153 4543 1264 4612 autor
1288 4537 1383 4613 dicet
1400 4537 1523 4634 paullo
1542 4535 1649 4630 inira,

478 4657 578 4751 quod
602 4664 749 4753 oportet
773 4657 902 4734 bibere
929 4657 976 4766 de
1000 4659 1062 4733 tali
1087 4679 1211 4752 aqua:
1236 4658 1319 4733 ideo
1347 4657 1429 4732 dico
1453 4655 1553 4752 qrrod
1583 4674 1650 4753 per

540 4917 570 4984 (¹)
585 4920 617 4972 lt.
633 4920 766 4973 virtutem.
