4842 6642
780 863 918 918 caurus
944 863 1100 918 necinus
1125 863 1320 918 sncunnus.
1587 849 1633 916 ‘tt

463 1014 539 1108 ipse
552 1017 589 1086 et
602 1009 703 1102 tides,
715 1011 747 1082 si
759 1010 865 1082 dotor
883 1011 920 1082 dt
936 1016 1055 1082 mutua
1067 1011 1196 1100 sutum
1218 1007 1302 1080 binc
1327 1007 1421 1100 inde,
1443 1008 1529 1102 quia
1547 1006 1636 1082 tides

463 1132 547 1207 iecit
572 1129 804 1204 Dominicum
831 1130 987 1224 salvum,
1014 1137 1052 1203 et
1077 1129 1153 1224 ipse
1179 1127 1288 1202 iidem
1314 1129 1478 1222 salvarit,
1509 1129 1636 1204 deien-

463 1251 582 1326 dendo
599 1269 683 1325 eam
701 1255 829 1324 contra
848 1249 1049 1343 hereticos,
1064 1257 1101 1323 et
1118 1246 1381 1323 confirmando.
1401 1247 1445 1321 Et
1462 1247 1520 1321 bic
1537 1257 1636 1342 nota,

464 1371 561 1468 quod
588 1371 625 1444 in
651 1370 832 1464 baptismo
857 1369 1086 1444 contrabitur
1113 1389 1289 1466 magnum
1321 1368 1511 1443 vincutum
1543 1368 1637 1442 inter

464 1495 647 1567 levantem
681 1497 718 1565 et
751 1491 926 1584 levatum,
960 1490 1046 1584 quia
1079 1489 1146 1564 iste
1177 1489 1337 1564 efficitur
1371 1496 1475 1584 pater
1507 1495 1545 1563 et
1577 1487 1638 1562 iiie

464 1612 576 1703 dlius3
594 1617 632 1686 et
650 1615 796 1686 tenetur
815 1611 949 1685 ducere
971 1610 1089 1705 ipsum
1117 1608 1226 1684 tidem
1253 1616 1290 1683 et
1317 1629 1439 1684 mores
1460 1607 1636 1702 ecciesiae,

467 1751 534 1807 nec
559 1737 677 1827 potest
706 1731 925 1804 contrahere
959 1729 1174 1804 affinitatem
1208 1749 1354 1803 secum:
1381 1730 1479 1804 unde
1510 1731 1637 1804 levans

467 1873 539 1927 non
570 1857 688 1947 potest
718 1850 886 1944 accipere
918 1850 955 1922 in
987 1869 1143 1924 uxorem
1177 1869 1273 1943 eam,
1308 1871 1421 1944 quam
1455 1849 1501 1924 de
1531 1869 1638 1925 sacru

466 1973 565 2047 tonte
589 1971 735 2064 levavit,
755 1989 823 2044 nec
840 1971 986 2045 tradere
1008 1989 1090 2044 earn
1116 1970 1187 2043 titio
1208 1991 1287 2045 suo.
1304 2011 1353 2023 -
1366 1975 1399 2043 E
1416 1964 1639 2063 presidiiis

466 2093 725 2166 Bonaventura
750 2090 920 2164 describit
945 2089 1176 2164 Dominicum
1202 2110 1226 2163 a
1251 2089 1400 2164 nomine
1424 2091 1573 2186 proprio
1602 2096 1640 2165 et

467 2213 624 2288 nominis
650 2209 960 2306 interpretatione,
986 2209 1132 2284 dicens:
1162 2213 1350 2304 Espin'to,
1369 2211 1516 2305 scilicet,
1543 2212 1641 2286 iiiius

469 2339 647 2407 matronoe
669 2331 860 2426 praediotae‚
887 2335 917 2404 si
943 2352 1055 2404 morse
1078 2334 1204 2424 pirinei,
1226 2331 1328 2424 idest,
1347 2332 1480 2407 existo
1497 2352 1640 2426 somno,

468 2475 492 2524 a
515 2455 693 2542 oomurto,
715 2451 816 2544 idest,
842 2451 889 2524 ad
916 2451 1179 2525 nominandum
1208 2451 1340 2546 ipsum,
1361 2455 1419 2525 del
1430 2456 1640 2545 possessivo,

469 2573 614 2665 scilicet,
637 2571 732 2645 iliius
757 2571 947 2665 Dominici,
973 2574 1010 2646 dt
1034 2577 1090 2644 cni
1106 2593 1169 2644 eru
1187 2579 1292 2665 tutto;
1312 2593 1396 2646 narn
1423 2573 1639 2666 dominicus,

468 2693 661 2786 dominica,
688 2693 925 2787 dominicum,
943 2699 997 2767 est
1018 2713 1153 2767 nornen
1175 2693 1421 2787 possessivum
1447 2694 1549 2768 istius
1576 2715 1641 2770 no·

471 2814 579 2886 minis
605 2816 785 2886 Dominus.
814 2813 937 2886 Dictus
972 2818 1026 2887 est
1056 2833 1146 2908 ergo
1178 2813 1391 2889 Dominious
1423 2816 1527 2909 quasi
1561 2837 1641 2891 ser-

471 2955 540 3008 vus
566 2933 708 3009 Domini
736 2940 773 3006 et
798 2933 994 3026 deputatus
1011 2932 1056 3005 ad
1074 2933 1275 3008 custodiam
1299 2935 1476 3009 Dominici
1506 2937 1640 3032 gregis.

472 3055 557 3129 ideo
586 3054 693 3128 dicit:
717 3051 845 3145 percite*
871 3056 966 3146 fosse
1002 3055 1039 3126 to
1069 3061 1271 3145 constructo,
1297 3055 1399 3148 idest,
1430 3056 1466 3128 in
1496 3054 1642 3148 loquela

472 3176 528 3250 vei
555 3173 704 3249 nomine
730 3173 821 3265 talis,
848 3173 987 3266 supple,
1013 3175 1099 3265 quat
1121 3194 1198 3264 eru,
1216 3173 1352 3248 scilicet
1368 3175 1406 3247 in
1424 3195 1466 3249 re
1482 3181 1519 3249 et
1536 3175 1642 3249 tacto.
1729 3260 1733 3268 ι

471 3295 513 3368 Et
540 3293 662 3367 subdit
693 3313 880 3387 exponens
914 3292 1051 3366 dictum
1087 3313 1216 3366 suum:
1248 3297 1438 3368 Domeuico
1469 3300 1510 3390 su
1541 3297 1644 3386 detto

470 3413 555 3489 dicit
582 3415 852 3506 bonaventura,
878 3423 911 3486 et
934 3417 969 3486 to
994 3433 1038 3486 ne
1059 3418 1167 3506 porto
1196 3408 1226 3487 si
1257 3435 1354 3489 come
1379 3417 1457 3489 dett
1471 3420 1646 3508 apricolo,

471 3535 575 3628 idest,
600 3535 697 3608 bono
723 3535 865 3627 colono,
890 3537 951 3607 cte
979 3537 1091 3608 cristo
1116 3520 1220 3608 ele'sse
1236 3539 1296 3609 att'
1309 3544 1388 3610 orto
1404 3558 1482 3627 suo,
1498 3536 1645 3630 scilicet,

474 3655 636 3730 ecciesiae
662 3655 878 3749 christiana,
898 3677 982 3750 quae
1003 3655 1104 3730 velut
1122 3657 1252 3729 hortus
1269 3657 1391 3732 virens
1408 3657 1576 3753 producit
1593 3658 1647 3731 di-

477 3795 601 3850 versas
623 3776 767 3870 barbas,
786 3777 926 3870 plantas
952 3784 989 3851 et
1013 3777 1165 3852 arbores
1190 3776 1422 3852 diversorum
1450 3778 1647 3868 seminum,

476 3895 607 3969 tiorum
635 3903 673 3970 et
698 3896 899 3990 tructuurn,
915 3919 981 3989 pcr
1002 3899 1168 3987 ututorto,
1187 3897 1273 3989 quia
1300 3897 1484 3993 indigebat
1504 3899 1649 3973 adiuto-

477 4013 543 4106 rio,
562 4023 604 4088 ut
619 4014 757 4090 dictum
784 4023 840 4090 est
864 4017 900 4090 in
927 4017 1101 4112 principio
1119 4017 1278 4112 capituti.
1290 4059 1339 4072 —
1351 4024 1426 4091 Deo
1439 4039 1564 4112 parve.
1582 4019 1647 4092 ilio

476 4136 734 4210 Bonaventura
752 4137 874 4232 incipit
891 4137 1101 4212 describere
1118 4138 1230 4212 vitam
1247 4139 1437 4214 Dominici.
1464 4141 1509 4212 Et
1530 4139 1649 4233 primo

476 4255 632 4330 ostendit
654 4275 719 4350 per
741 4255 926 4350 effectum,
950 4257 1048 4350 quod
1068 4257 1179 4332 tuerit
1201 4258 1291 4351 talis,
1310 4259 1428 4352 qualis
1448 4258 1651 4352 descriptus

476 4383 542 4469 est,
561 4375 699 4451 dicens:
713 4384 750 4451 et
764 4377 839 4472 ipse
857 4378 1079 4470 Dominicus,
1094 4379 1159 4451 ten
1170 4399 1287 4471 poroe
1304 4400 1415 4452 messo
1432 4381 1650 4474 csomipliur

476 4499 513 4570 di
533 4499 658 4588 Crista,
677 4497 763 4592 quia
782 4499 901 4574 bonus
919 4519 1049 4574 servus
1067 4499 1151 4572 tacit
1168 4500 1395 4574 voluntatem
1422 4499 1559 4575 domini
1577 4501 1650 4592 sui;

479 4616 576 4691 unde
605 4616 711 4691 dicit:
743 4616 806 4693 ote*
827 4622 853 4691 't
876 4621 995 4712 primo
1024 4637 1131 4690 umor
1156 4620 1218 4692 cte
1241 4621 1280 4691 in
1305 4621 1354 4692 tui
1382 4623 1423 4713 su
1455 4622 1652 4713 manifesto,

477 4737 581 4831 quasi
600 4737 712 4812 dicat:
740 4739 880 4834 primus
906 4759 1023 4833 amor,
1051 4756 1162 4832 quern
1189 4738 1346 4813 ostendit
1371 4739 1406 4811 in
1433 4729 1581 4815 infantia
1606 4740 1653 4815 ad

478 4858 639 4950 aliquam
668 4880 760 4955 rem,
783 4864 824 4955 su
849 4863 888 4934 ot
907 4863 1027 4954 primo
1053 4861 1222 4950 cmrsipltb
1247 4861 1307 4934 ode
1329 4853 1389 4934 die*
1415 4863 1540 4952 croto,
1566 4862 1652 4956 quia

480 4979 601 5052 statim
628 4989 809 5074 sequutus
834 4988 889 5056 est
914 4981 1074 5076 primurn
1100 4980 1292 5054 consilium
1319 4980 1459 5055 Christi.
1479 4982 1532 5055 Ad
1554 4983 1652 5075 quod
