4842 6642
796 818 868 887 330
1187 830 1392 886 conensem
1416 829 1584 884 pinnensi

794 985 833 1054 et
851 979 1008 1072 claram3
1026 985 1063 1053 et
1080 977 1241 1052 breviter
1257 976 1352 1069 dicit,
1371 975 1470 1071 quod
1488 975 1725 1073 erigebantur
1741 995 1870 1051 omnes
1884 997 1967 1050 sur·

706 1079 712 1088 ’
794 1121 878 1172 sum
905 1118 992 1173 cum
1018 1118 1063 1174 ea
1087 1097 1270 1192 aviditate,
1296 1117 1370 1192 qua
1396 1095 1595 1169 infantulus
1622 1095 1776 1193 erigitur
1808 1095 1854 1171 ad
1887 1117 1969 1172 rna·

797 1224 890 1293 trem
917 1238 1023 1292 suam
1048 1222 1193 1314 gustata
1219 1215 1412 1290 dulcedine
1437 1215 1547 1292 lactis.
1574 1215 1708 1290 Ordine
1730 1215 1781 1290 sic
1802 1216 1967 1291 literam:

796 1344 829 1412 Ε
850 1342 989 1412 amaon
1013 1340 1052 1413 dt
1075 1341 1153 1432 quei
1176 1339 1338 1431 candori,
1364 1337 1466 1430 idest,
1485 1337 1723 1412 lucernarum
1744 1336 1967 1433 ardentium,

794 1460 941 1554 scilicet,
966 1459 1216 1554 apostolorum
1245 1467 1282 1534 et
1307 1459 1466 1533 aliorum
1485 1458 1693 1550 beatorum,
1713 1462 1846 1532 cisterc
1862 1459 1900 1532 tn
1914 1479 1969 1552 su,

793 1580 942 1674 scilicet,
968 1601 1098 1656 versus
1123 1579 1275 1653 Mariam
1292 1572 1341 1673 (¹),
1368 1600 1434 1652 con
1459 1583 1496 1653 la
1520 1598 1586 1652 suu
1611 1581 1702 1652 etna
1718 1572 1761 1670 sl,
1782 1581 1842 1652 cde
1863 1580 1885 1651 l'
1898 1583 1969 1654 ulto

794 1706 925 1794 affetto,
943 1700 1044 1793 idest,
1062 1721 1210 1775 summa
1236 1700 1391 1792 allectio,
1418 1702 1468 1772 ct'
1481 1702 1549 1792 epti
1573 1720 1709 1772 uocano
1731 1720 1754 1773 u
1775 1704 1897 1774 llario
1922 1705 1969 1774 mi

790 1825 832 1915 [a
851 1823 983 1915 pulcre,
1013 1841 1059 1895 en
1084 1820 1226 1894 actibus
1252 1819 1338 1913 illis3
1366 1820 1471 1895 etita
1494 1819 1646 1913 quilibet
1662 1819 1758 1913 lecit,
1776 1841 1872 1912 come
1884 1825 1967 1916 san·

794 1945 880 2016 tolia
904 1944 964 2014 clrc
987 1942 1085 2014 tende
1109 1943 1140 2013 tc
1165 1940 1306 2012 bruccia
1333 1935 1393 2013 adr
1419 1943 1455 2012 lu
1481 1961 1636 2012 mamma
1659 1943 1721 2034 poi
1744 1942 1804 2014 cde
1833 1943 1861 2014 il
1888 1943 1968 2020 tuae

791 2085 894 2156 prese
917 2084 986 2157 per
1012 2063 1069 2137 vel
1101 2082 1166 2134 con
1199 2063 1354 2134 tunimo
1383 2063 1443 2134 cire
1468 2063 1690 2153 statumina
1719 2065 1772 2154 fin
1796 2063 1834 2136 di
1855 2065 1964 2156 saort,

794 2185 897 2278 idest,
923 2183 1079 2279 explicat
1113 2203 1153 2258 se
1187 2202 1254 2277 per
1284 2181 1536 2277 apparentiam
1563 2183 1798 2258 exteriorem.
1836 2185 1879 2258 Et
1912 2185 1968 2260 bic

794 2312 879 2380 nota
905 2303 1004 2400 quod
1031 2323 1096 2399 per
1122 2303 1192 2377 boc
1218 2308 1327 2376 autor
1351 2301 1486 2399 figurat
1505 2301 1602 2398 quod
1621 2323 1749 2378 omncs
1768 2303 1836 2378 viri
1854 2305 1966 2380 sancti

795 2426 930 2500 babent
955 2430 992 2499 et
1017 2424 1155 2498 babere
1181 2422 1316 2498 debent
1341 2422 1566 2520 singularem
1593 2423 1825 2500 devotionem
1854 2431 1892 2501 et
1911 2425 1966 2499 di-

793 2547 989 2622 lectionem
1014 2545 1062 2619 ad
1086 2545 1238 2618 Mariam
1267 2544 1454 2618 tendentes
1485 2565 1617 2617 manus
1643 2544 1688 2618 ad
1715 2565 1796 2620 eam
1827 2546 1966 2620 orando

794 2674 832 2744 et
856 2666 1103 2762 supplicando,
1130 2687 1214 2761 quae
1241 2667 1343 2742 velut
1362 2665 1610 2740 amantissima
1630 2671 1749 2740 mater
1767 2666 1965 2742 tenerrime

793 2787 909 2884 diligit
933 2787 1025 2861 lilios
1049 2785 1160 2861 etiam
1187 2792 1412 2882 peccatores,
1440 2787 1553 2860 Mater
1579 2787 1718 2882 gratiae,
1752 2788 1865 2861 Mater
1898 2788 1967 2861 mi·

793 2907 1003 2982 sericordiae
1030 2927 1115 3000 quae
1140 2927 1206 2981 nos
1231 2906 1279 2982 ab
1304 2907 1408 2981 boste
1435 2906 1591 3003 protegit
1617 2914 1654 2980 et
1675 2906 1711 2980 in
1729 2908 1819 2982 bora
1839 2909 1966 2982 mortis

794 3027 954 3123 suscipit.
981 3027 1077 3123 Ergo
1098 3027 1193 3101 bene
1214 3027 1441 3122 comparatio
1459 3026 1631 3120 praedicta
1648 3033 1703 3101 est
1720 3027 1965 3122 propriissime

793 3148 824 3222 si
850 3149 944 3223 bene
961 3146 1225 3222 consideretur.
1240 3185 1290 3200 -
1302 3149 1393 3221 indi.
1412 3147 1477 3220 llic
1494 3154 1603 3222 autor
1621 3146 1790 3221 describit
1816 3154 1965 3221 cantum

793 3269 943 3344 illorum
972 3269 1168 3344 beatorum
1195 3268 1260 3363 qui
1289 3274 1548 3343 remanserunt
1573 3274 1653 3364 post
1680 3289 1864 3344 recessum
1892 3271 1966 3344 Ma·

794 3390 870 3483 riae,
896 3389 1037 3465 dicens:
1064 3391 1157 3480 indi,
1172 3388 1286 3484 idest,
1313 3388 1443 3464 deinde
1469 3389 1518 3462 illi
1545 3398 1725 3484 cantores,
1751 3393 1904 3464 rimaser
1929 3383 1966 3482 tl,

794 3509 896 3605 idest,
924 3509 961 3584 in
988 3509 1045 3584 illa
1073 3530 1178 3606 spera
1205 3516 1357 3603 octava.
1376 3511 1437 3583 ubi
1463 3511 1583 3606 primo
1609 3518 1725 3606 erant,
1743 3515 1802 3586 ael
1816 3516 1886 3586 mio
1906 3535 1966 3588 oo-

792 3638 913 3724 spetto,
941 3631 1089 3724 scilicet
1118 3651 1211 3705 meae
1237 3630 1504 3727 speculationis
1530 3639 1568 3706 et
1593 3632 1696 3706 dicit:
1715 3635 1891 3706 cunmado
1908 3655 1967 3707 re·

792 3757 881 3844 ptnc
904 3755 983 3826 coett
1006 3755 1128 3824 tutare
1159 3754 1321 3846 alleluiu;
1347 3754 1445 3828 bunc
1475 3753 1572 3828 enim
1610 3754 1789 3850 hymnum
1818 3746 1964 3848 lecitl¹l,

794 3874 864 3948 boc
880 3881 936 3948 est
956 3871 1126 3968 quadam
1147 3873 1356 3967 antipbona,
1375 3894 1459 3965 quae
1477 3882 1647 3949 cantatur
1667 3875 1703 3949 in
1723 3876 1884 3971 vesperis
1905 3897 1965 3954 re.-

793 3992 1031 4068 surrectionis
1056 3992 1240 4066 incilicia
1267 3999 1401 4067 nostrae
1428 3994 1592 4070 Dominae
1618 4001 1706 4090 etc.;
1731 3989 1763 4069 sl
1786 3998 1883 4071 dolce
1907 3999 1966 4070 cle

793 4119 821 4189 tt
843 4117 958 4190 ddcuo
983 4118 1056 4188 moi
1075 4135 1148 4187 aon
1163 4108 1305 4207 riperti
1324 4117 1374 4189 du
1391 4135 1453 4187 me.
1468 4155 1518 4169 -
1535 4119 1587 4189 Ob
1605 4125 1749 4208 pacata.
1770 4116 1836 4192 llic
1856 4124 1967 4192 autor

793 4235 963 4310 describit
978 4234 1240 4310 abundantiam
1255 4235 1382 4331 gloriae
1396 4235 1549 4310 istorum
1565 4237 1827 4332 apostolorum,
1840 4237 1964 4312 dicens

793 4377 880 4432 cum
906 4355 1166 4430 admiratione:
1199 4357 1408 4449 obpacata
1433 4347 1639 4448 trauan,
1670 4357 1772 4450 idest,
1802 4357 1965 4433 fertilitas

790 4476 931 4574 glorie,
941 4476 1046 4570 quasi
1057 4475 1164 4570 dicat,
1174 4495 1309 4573 magna
1324 4481 1362 4551 et
1374 4476 1531 4572 copiosa,
1541 4479 1601 4551 cle
1612 4480 1644 4550 ri
1655 4481 1796 4570 soffolcc
1807 4479 1845 4549 in
1859 4480 1966 4568 caede

791 4600 898 4672 orcle
920 4600 1141 4690 molismo,
1170 4598 1318 4689 scilicet,
1344 4596 1381 4672 in
1407 4596 1475 4672 illis
1499 4599 1670 4693 apostolis
1695 4606 1733 4674 et
1757 4598 1884 4693 beatis
1902 4600 1964 4692 qui

854 4829 883 4890 (¹)
899 4829 930 4879 E.
947 4830 1079 4894 Virginem
1096 4831 1216 4882 Mariam.

855 4902 883 4968 (¹)
900 4905 930 4955 E.
947 4904 1008 4956 lecit
1023 4905 1131 4957 ecclesia
1150 4908 1177 4956 iu
1197 4907 1302 4957 laudem
1318 4906 1432 4958 eiusdem
1452 4907 1563 4972 Virginis
1580 4909 1722 4968 hierimot
1738 4909 1833 4960 dicitur
1849 4908 1967 4960 locoan·

794 4983 908 5048 tipbonae
923 4983 951 5032 iu
967 4981 1050 5034 olllclo
1066 4985 1146 5048 ipsius
1161 4985 1280 5036 Domine
1296 4998 1344 5049 per
1359 4986 1594 5048 resurrectionem
1609 4991 1634 5037 rt
1648 4987 1723 5038 dotoe.
