4842 6642
797 837 800 853 '
878 866 1015 920 cincus
1042 867 1244 921 erensrnns.
1572 857 1643 925 265

473 1019 582 1087 antor
603 1012 756 1087 intendit
775 1033 912 1107 ponere
933 1014 1205 1107 responsionem
1229 1013 1361 1107 aquilea
1386 1020 1424 1088 et
1449 1013 1646 1089 introducit

473 1155 568 1228 eam,
591 1153 675 1228 qum
692 1134 811 1229 primo
830 1134 945 1230 tangit
963 1134 1096 1207 bonam
1115 1133 1351 1208 intentionem
1371 1135 1520 1209 autoris.
1543 1135 1645 1210 Unde

472 1255 576 1328 dicit:
603 1257 669 1327 Poi
692 1275 876 1348 appresso,
897 1256 1002 1348 qrrasi
1027 1255 1134 1349 dieat,
1160 1256 1285 1348 paullo
1307 1261 1399 1350 post,
1417 1258 1452 1328 lo
1472 1258 1646 1330 benedetto

472 1397 592 1468 cepam,
609 1376 756 1468 scilicet,
775 1376 886 1471 ipsius
902 1377 1035 1470 aquilae
1054 1376 1181 1470 beatae,
1200 1379 1248 1448 mi
1264 1379 1398 1469 etspose
1414 1398 1480 1450 con
1497 1379 1520 1450 t
1529 1379 1647 1450 occlto

467 1493 530 1589 pii
555 1516 689 1588 acceto,
718 1495 821 1591 idest,
847 1498 956 1570 oculo
980 1497 1061 1570 eins
1085 1497 1203 1593 magis
1228 1497 1445 1590 illuminato,
1464 1497 1548 1591 quia
1574 1496 1647 1571 sci-

474 1617 556 1690 licet
580 1623 750 1691 creverat
775 1616 945 1710 splendor
970 1615 1060 1710 eins,
1084 1637 1150 1708 per
1174 1637 1248 1690 non
1274 1622 1419 1692 tenermi
1441 1639 1581 1711 sospem
1607 1621 1644 1690 in

473 1739 679 1827 ammirore
701 1735 803 1829 idest,
822 1757 869 1810 ne
886 1744 1027 1811 teneret
1050 1757 1110 1812 me
1127 1737 1325 1832 pendulum
1348 1739 1383 1811 in
1401 1738 1642 1813 admiratione

472 1857 554 1930 dicti
581 1857 680 1930 dubii
696 1848 863 1947 (¹).-lo
894 1861 1026 1949 veppto.
1060 1857 1124 1932 llic
1154 1857 1277 1950 aquila
1309 1858 1478 1953 exprimit
1507 1860 1640 1932 bonam

473 1978 707 2052 intentionem
735 1979 885 2073 autoris,
906 1979 1048 2052 dicens:
1076 1983 1116 2051 lo
1141 1982 1263 2070 nappin
1288 1981 1347 2052 cde
1367 1987 1403 2052 tu
1418 1981 1515 2053 credi
1530 1988 1644 2071 queste
1666 2039 1669 2046 .

471 2119 549 2172 cose
568 2103 686 2191 percit'
698 2103 733 2172 io
757 2104 789 2172 te
813 2102 904 2204 dico,
926 2107 965 2174 et
980 2099 1076 2174 bene
1092 2100 1179 2174 lacis
1199 2106 1390 2193 tamqnam
1410 2101 1527 2174 bonus
1544 2099 1643 2173 chri-

471 2219 621 2312 stianus,
648 2240 719 2293 non
745 2219 862 2293 durus
886 2219 933 2292 ad
958 2218 1184 2294 credendum
1202 2240 1246 2294 ca
1264 2239 1348 2312 quae
1369 2226 1453 2292 sunt
1470 2219 1564 2314 lidei,
1582 2240 1641 2292 ma

471 2361 542 2412 non
566 2343 643 2414 oedi
661 2361 770 2429 come,
788 2339 892 2433 qnasi
912 2339 1027 2414 dicat:
1047 2360 1119 2413 non
1138 2339 1238 2413 vides
1257 2339 1435 2414 rationem
1455 2337 1640 2433 quomodo

472 2463 539 2535 noc
563 2481 645 2535 esse
669 2459 790 2556 possit,
815 2451 846 2532 ri
873 2461 935 2532 cte
964 2479 1054 2532 sono
1084 2481 1217 2554 deense,
1250 2460 1353 2554 idest,
1387 2461 1539 2534 latentes
1569 2459 1644 2550 tibi,

469 2603 506 2654 se
524 2601 589 2654 son
609 2583 759 2666 medule,
777 2587 814 2653 et
831 2579 993 2654 declarat
1009 2579 1279 2674 dispositionem
1297 2580 1437 2654 autoris
1455 2599 1520 2675 per
1539 2599 1641 2652 com·

471 2701 695 2795 parationem
722 2705 860 2793 notam,
885 2701 1064 2775 subdens:
1088 2704 1143 2795 soi
1165 2721 1261 2774 mme
1286 2703 1364 2792 quei
1383 2702 1443 2772 cle
1463 2702 1644 2793 npprmde

470 2823 552 2893 tene
577 2825 613 2894 lo
638 2842 721 2894 coco
741 2841 810 2912 per
834 2840 948 2911 nome,
966 2842 1024 2894 mo
1041 2842 1113 2894 non
1134 2828 1238 2913 puotc
1260 2823 1382 2894 vedere
1408 2823 1445 2893 lo
1469 2841 1535 2893 stro
1560 2822 1637 2913 qui·

469 2945 598 3032 ditdde,
624 2941 726 3034 idest,
749 2962 822 3014 non
848 2947 966 3035 potest
985 2961 1208 3038 cognoscere
1225 2961 1330 3014 suam
1353 2941 1560 3032 essentiam,
1574 2961 1641 3033 per

468 3058 508 3136 ee
538 3064 664 3135 eattae
690 3081 764 3135 non
796 3065 834 3134 ta
856 3081 992 3154 prome,
1019 3061 1121 3155 idest,
1148 3061 1303 3156 explicet
1335 3069 1371 3136 et
1404 3061 1537 3155 pandat
1562 3060 1639 3133 sibi.

469 3187 696 3272 -nepnum
724 3181 788 3256 llic
813 3183 937 3276 aquila
953 3183 1143 3256 intendens
1158 3181 1205 3255 ad
1223 3182 1442 3256 solutionem
1468 3180 1641 3276 qnaestio-

470 3302 525 3375 nis
550 3301 634 3375 iacit
659 3323 771 3375 unam
799 3301 1174 3397 prmsuppositionem
1195 3324 1279 3396 quae
1297 3301 1381 3376 lacit
1406 3301 1450 3377 ad
1477 3300 1641 3375 declara-

470 3422 605 3495 tionem
619 3421 739 3514 dubii;
754 3429 791 3496 et
807 3423 1068 3497 sententialiter
1087 3423 1166 3496 vult
1183 3422 1307 3497 dicere
1324 3423 1360 3496 in
1378 3422 1524 3515 ellectu,
1542 3419 1639 3515 quod

467 3541 542 3616 duo
574 3549 660 3616 sunt
692 3561 777 3636 quae
808 3543 960 3618 vincunt
986 3545 1117 3638 ileum,
1143 3544 1277 3618 scilicet
1310 3543 1443 3618 caritas
1475 3549 1512 3617 et
1546 3563 1639 3638 spes,

468 3681 552 3753 qnae
576 3661 660 3736 duae
685 3663 841 3737 virtutes
867 3663 1017 3738 vincunt
1042 3663 1201 3738 divinam
1217 3655 1253 3755 (²)
1277 3665 1520 3756 voluntatem
1545 3683 1640 3757 quo·

469 3783 578 3856 modo
602 3790 730 3858 antem
765 3784 835 3858 hoc
864 3784 927 3859 liat
960 3785 1122 3860 declarat
1153 3786 1190 3858 in
1221 3785 1336 3860 litera.
1371 3783 1523 3858 Adducit
1549 3803 1640 3880 ergo

468 3903 580 3977 verba
606 3905 797 4000 evangelii,
817 3925 901 3999 quae
918 3905 1131 3980 scribuntur
1156 3907 1311 3980 llattlraei
1330 3905 1378 3978 lll
1399 3904 1557 4000 capitulo
1583 3904 1639 3979 di·

467 4043 573 4097 cens:
591 4029 747 4114 Repetunt
763 4027 929 4099 ceetomm
940 4034 1037 4118 pote,
1056 4025 1158 4121 idest,
1175 4026 1323 4122 patitur,
1338 4028 1521 4116 violenzio,
1536 4025 1638 4117 idest,

468 4143 636 4237 vincitur,
661 4152 871 4241 superatur,
896 4149 946 4220 da
974 4150 1078 4220 caldo
1109 4168 1244 4238 amore,
1278 4146 1380 4240 idest,
1414 4146 1462 4220 ab
1495 4145 1637 4220 ardenti

466 4284 596 4339 amore
621 4265 794 4359 caritatis,
820 4290 840 4339 e
863 4269 911 4339 do
935 4269 1017 4339 vino
1040 4288 1231 4360 speranza,
1252 4271 1311 4340 cite
1336 4271 1433 4341 vince
1457 4269 1492 4340 la
1516 4269 1637 4339 divino

466 4389 651 4479 volontate,
676 4387 764 4482 qnia
791 4387 937 4480 scilicet,
957 4388 1055 4461 Deus
1075 4387 1155 4460 vult
1179 4385 1278 4482 quod
1305 4407 1469 4484 paganus
1485 4386 1638 4461 damne-

464 4511 539 4599 tur,
565 4512 752 4580 ettamen
778 4508 845 4579 ista
874 4508 1042 4581 voluntas
1068 4505 1232 4600 permisit
1257 4506 1413 4581 scrinei
1438 4527 1460 4580 a
1486 4505 1638 4580 caritate

466 4623 632 4721 Gregorii
658 4633 695 4702 et
720 4647 785 4722 spe
810 4627 955 4721 Riphei3
981 4633 1019 4700 et
1046 4627 1135 4721 quia
1162 4626 1257 4701 istud
1283 4627 1419 4700 dictum
1447 4625 1638 4700 ridebatur

465 4745 680 4840 absurdum,
707 4747 893 4842 restringit
915 4747 1036 4842 ipsum
1058 4754 1096 4820 et
1112 4745 1275 4820 declarat
1294 4745 1480 4840 quomodo
1506 4746 1638 4822 debeat
1754 4840 1767 4847 ⁸

468 4913 901 4921 ——--—-—..—...-—-.
985 4917 1001 4919 -
1018 4915 1079 4921 ——
1485 4913 1632 4924 -..ὴ--

528 5008 557 5068 (¹)
573 5007 602 5057 B.
619 5007 690 5058 dubii
706 5009 805 5058 mm·
815 5010 852 5058 lo.
1100 5007 1128 5070 ξ’)
1146 5007 1177 5058 li.
1192 5009 1355 5059 dominicam.
