4842 6642
802 865 940 921 usurus
965 866 1122 921 oncruus
1147 866 1277 921 nonus.
1551 852 1621 921 2⁴9

452 1012 546 1110 regis
559 1011 756 1106 Bobemiae‚
770 1010 815 1086 de
832 1033 907 1107 quo
924 1012 1062 1087 dictum
1081 1020 1137 1087 est
1149 1013 1358 1109 Purgatorii
1375 1013 1534 1109 capitulo
1543 1012 1621 1085 Vll:

450 1135 505 1207 cut
527 1134 680 1205 tassaria
705 1139 738 1205 er
761 1136 840 1206 ozio
863 1154 992 1227 posce‚·
1024 1140 1061 1209 et
1086 1132 1172 1208 dicit
1196 1132 1243 1207 de
1269 1139 1441 1227 utroque,
1466 1136 1526 1207 clu
1549 1136 1622 1207 moi

451 1274 521 1327 non
546 1254 696 1327 corrodite
726 1248 771 1326 ad
801 1256 901 1346 volte,
930 1254 1068 1349 supple,
1101 1274 1337 1349 cognoscere,
1369 1257 1483 1348 valor,
1517 1253 1622 1346 idest,

451 1371 636 1446 virtulem.
674 1371 782 1445 Peius
820 1372 917 1447 enim
954 1384 1009 1447 est
1044 1373 1139 1447 nolle
1174 1392 1397 1468 cognoscere
1432 1372 1621 1465 virtutem,

452 1512 562 1586 quam
589 1492 799 1587 simpliciter
818 1514 889 1567 non
907 1513 1141 1589 cognoscere.
1156 1533 1205 1547 -
1222 1495 1393 1567 Vcdrossr'.
1415 1493 1481 1567 llio
1498 1492 1621 1587 aquila

451 1611 619 1687 describit
644 1612 757 1685 alium
785 1634 925 1710 regem,
951 1613 1098 1705 scilicet,
1125 1614 1297 1689 Carolum
1318 1634 1444 1709 regem
1470 1613 1623 1708 Apuliae,

451 1734 514 1829 qui
539 1734 656 1807 dictus
681 1740 737 1807 est
761 1734 931 1827 Claudus
950 1734 1010 1809 cui
1026 1734 1198 1809 adscribit
1215 1756 1328 1809 unam
1347 1735 1534 1829 virtutem,
1553 1733 1623 1807 sci-

451 1855 532 1929 licet
570 1852 835 1928 liberalitatem.
863 1853 966 1929 Unde
1000 1854 1138 1928 dictum
1175 1862 1231 1929 est
1264 1876 1387 1950 supra,
1422 1855 1520 1950 quod
1555 1874 1620 1929 rex

450 1975 631 2049 Robertus
648 1994 785 2048 avarus
803 1980 911 2048 natus
937 1982 992 2049 est
1017 1995 1063 2049 ex
1090 1980 1194 2069 patre
1220 1975 1371 2050 liberali.
1398 1976 1490 2051 Dicit
1510 1995 1622 2072 ergo:

458 2098 631 2188 Vedrossi,
667 2093 818 2189 scilicet,
857 2095 893 2168 in
927 2095 1056 2171 eodem
1092 2095 1186 2170 libro
1222 2096 1297 2191 Dei,
1335 2100 1370 2168 lo
1406 2118 1486 2188 suo,
1521 2096 1623 2184 idest,

451 2214 607 2311 propria,
639 2215 775 2287 bontcte
804 2221 950 2305 sepnctc
983 2238 1049 2288 con
1080 2238 1128 2289 un
1160 2221 1193 2307 I,
1226 2216 1312 2310 quia
1344 2217 1472 2290 babuit
1503 2216 1623 2290 solum

450 2357 563 2410 unam
590 2335 778 2429 virtutem,
803 2335 950 2430 scilicet,
977 2336 1170 2433 largitatis3
1198 2346 1384 2412 ettamen
1412 2358 1478 2432 per
1501 2335 1624 2411 avari·

451 2456 538 2530 tiam
566 2454 726 2529 vendidit
752 2454 861 2529 liliam
890 2456 1074 2551 propriam
1096 2456 1293 2531 Marobioni
1311 2457 1461 2549 Estensi,
1483 2457 1529 2532 de
1549 2478 1623 2550 qua

452 2596 493 2651 re
518 2574 694 2670 scriptum
713 2583 769 2650 cst
786 2576 994 2671 Purgatorii
1021 2576 1190 2672 capitulo,
1210 2579 1249 2648 ol
1269 2580 1378 2650 Ciotlo
1404 2581 1442 2651 di
1469 2581 1623 2650 Gerasu-

451 2700 582 2790 lemme,
612 2696 713 2789 idest,
740 2696 870 2770 Carolo
896 2696 1025 2790 (dotto,
1052 2696 1114 2791 qui
1142 2696 1346 2771 intitulatur
1376 2718 1443 2771 ren
1473 2697 1623 2771 Jerusa-

451 2815 543 2909 lem3
569 2814 632 2909 qui
659 2814 786 2888 titulus
807 2814 914 2888 datus
940 2814 1007 2889 luit
1032 2814 1126 2909 patri
1145 2816 1225 2889 eius
1245 2816 1377 2891 Carolo
1396 2816 1480 2890 duci
1501 2814 1622 2889 duda-

450 2934 567 3031 gaviae
600 2936 663 3029 qui
696 2935 928 3029 recuperavit
961 2935 1126 3031 Apuliam
1161 2935 1207 3010 de
1241 2936 1411 3011 manibus
1435 2935 1622 3011 illanlredi.

450 3056 495 3129 Et
519 3053 623 3128 dicit:
650 3058 792 3146 quondo
816 3075 864 3127 uu
885 3076 1006 3145 emme,
1029 3054 1127 3149 quod
1153 3056 1327 3150 importat
1346 3056 1456 3150 mille,
1473 3046 1624 3147 sepacrd

450 3178 693 3265 dconrrario,
719 3174 865 3268 scilicet,
893 3175 991 3249 mille
1018 3175 1115 3269 vitia,
1148 3176 1253 3270 quasi
1283 3175 1398 3249 dicat:
1429 3176 1528 3270 quod
1558 3196 1625 3271 pro

451 3316 524 3369 una
551 3294 686 3369 virtute
711 3296 863 3369 Carolus
890 3295 1084 3390 praedictus
1111 3296 1237 3370 babuit
1261 3296 1360 3370 mille
1386 3295 1482 3370 vitia.
1504 3295 1626 3390 Aliqui

451 3423 574 3491 lamen
609 3423 797 3510 exponunt
832 3416 938 3491 aliter
972 3423 1009 3491 et
1041 3416 1115 3490 sic:
1150 3420 1293 3510 quondo
1323 3437 1372 3489 rm
1396 3422 1448 3507 M,
1478 3415 1660 3510 sentem

450 3535 550 3610 mille
575 3535 672 3627 vilia,
693 3526 842 3627 seprrerd
858 3539 884 3610 ’l
901 3540 1096 3630 contrario,
1121 3537 1223 3631 idest,
1242 3536 1387 3611 soldani
1405 3535 1624 3633 Babyloniae,

450 3657 514 3751 qui
531 3661 633 3731 tenet
648 3655 863 3731 Jerusalem.
883 3656 953 3732 Sed
972 3657 1038 3731 isla
1057 3658 1235 3752 expositio
1252 3666 1308 3731 est
1324 3657 1442 3731 aliena
1460 3678 1482 3731 a
1500 3663 1625 3733 mente

450 3777 610 3870 autoris3
636 3775 699 3850 sed
725 3776 776 3851 sic
800 3778 976 3869 colorant,
1003 3778 1066 3871 qui
1092 3777 1220 3851 volunt
1246 3796 1334 3851 eum
1365 3776 1562 3851 defendere
1586 3783 1625 3852 et

451 3914 641 3971 excusare.
655 3936 705 3950 -
725 3900 896 3971 Vedrossi.
924 3897 988 3970 Hic
1012 3896 1135 3990 aquila
1155 3896 1327 3971 describit
1347 3896 1460 3970 alium
1483 3917 1623 3994 regem,

452 4018 598 4111 scilicet,
625 4037 751 4113 regem
778 4016 928 4111 Siciliae3
956 4038 1080 4113 regem
1109 4015 1257 4111 quidem
1285 4037 1307 4090 a
1334 4015 1439 4109 vitiis,
1466 4017 1621 4091 insulam

452 4156 541 4211 vero
566 4158 589 4212 a
616 4143 740 4211 monte
765 4137 917 4230 famoso,
942 4143 981 4214 et
1004 4137 1052 4211 ab
1078 4156 1152 4210 una
1178 4136 1369 4231 sepultura
1390 4135 1541 4211 lamosa.
1559 4136 1624 4210 llic

451 4262 576 4355 aurern
604 4256 671 4328 run
687 4249 724 4348 (⁴)
750 4256 920 4331 dominus
945 4256 1151 4331 ultroncus
1177 4257 1274 4330 nrrus
1299 4258 1396 4331 reor
1421 4228 1623 4352 prour'ssrmr
1710 4280 1718 4290 ,

451 4377 548 4473 regis
573 4377 799 4473 drogonum,
826 4376 872 4451 de
898 4378 1032 4472 quibus
1057 4376 1194 4451 dictum
1218 4382 1274 4451 est
1294 4378 1500 4473 Purgatorii
1526 4377 1625 4471 capi-

451 4498 528 4574 tulo
545 4498 616 4570 Vll.
643 4499 792 4593 Expone
818 4518 909 4593 ergo
934 4498 986 4573 sic
1010 4498 1175 4573 literam:
1211 4502 1387 4590 venroso,
1412 4498 1560 4592 scilicet,
1586 4498 1623 4571 iu

452 4619 601 4713 praelato
626 4619 718 4693 libro
744 4618 821 4711 bei,
848 4621 1049 4693 favamma
1074 4641 1093 4693 r
1117 4622 1154 4691 lc
1179 4622 1317 4712 viltam
1336 4619 1432 4693 bene
1447 4610 1483 4710 (²)
1506 4618 1624 4693 vilitas

449 4738 718 4814 concomitatur
733 4730 770 4829 (Β)
791 4739 982 4815 avaritiam
997 4764 1008 4833 ;
1026 4760 1111 4813 nam
1131 4738 1251 4815 omnis
1275 4759 1413 4813 avarus
1439 4738 1517 4812 vilis
1531 4726 1569 4830 (⁴)
1585 4743 1624 4813 el
1656 4840 1663 4853 .

512 4922 540 4985 (¹)
556 4922 587 4971 E.
603 4922 653 4972 luit
670 4924 824 4974 fridericus.
1013 4920 1042 4984 (¹)
1059 4923 1089 4972 Ε,
1107 4923 1175 4973 „nge
1191 4921 1284 4972 ,mm

512 5000 539 5061 (⁸)
556 5000 582 5051 S.
599 5002 747 5051 comitatur.
1014 5001 1041 5065 (ι)
1058 5000 1088 5051 R
1104 5005 1144 5051 ,ι
1160 4998 1217 5051 vffi,
1232 5004 1259 5050 a
1274 4998 1452 5063 mmmm
