4842 6642
745 900 884 955 elneus
909 898 1103 954 vronsnrus
1127 897 1310 952 snrrnrus.
1543 882 1614 951 399

440 1048 529 1144 bilis,
556 1040 776 1138 indominoid,
802 1047 942 1144 supple,
967 1045 1102 1138 dicere,
1128 1050 1165 1119 et
1194 1043 1299 1117 dicit:
1325 1045 1489 1137 ridendo,
1518 1049 1616 1117 tanto

441 1172 533 1261 lietu,
558 1170 618 1243 olto
642 1169 713 1241 Dio
734 1187 850 1261 porea
874 1168 933 1240 nel
960 1187 1024 1240 suo
1051 1167 1142 1238 volto
1166 1166 1279 1257 pioire
1291 1190 1307 1258 ;
1336 1172 1374 1239 et
1399 1162 1615 1257 benedicit,

439 1289 526 1383 quia
553 1294 634 1363 erat
659 1286 793 1379 amodo
823 1286 1027 1383 propinqua
1058 1285 1144 1360 Deo.
1180 1284 1225 1357 llt
1255 1287 1343 1359 ecee
1375 1282 1462 1378 quid
1495 1281 1617 1378 primo

440 1409 547 1483 dixit:
575 1414 627 1481 Lo
650 1415 784 1483 notura
809 1409 866 1481 del
898 1408 1040 1500 mondo,
1074 1406 1175 1499 idest,
1209 1405 1320 1479 totius
1351 1404 1525 1497 universi,
1558 1406 1619 1477 cle

444 1534 557 1622 quota
582 1532 767 1621 tlmezzo,
794 1527 897 1622 idest,
923 1533 1075 1618 terram,
1102 1547 1187 1620 quae
1213 1532 1268 1601 est
1292 1546 1404 1600 suum
1430 1533 1615 1618 centrum,

441 1650 546 1726 ouius
571 1651 647 1726 sola
673 1670 782 1745 spera
812 1656 867 1723 est
897 1648 1116 1743 immobilis3
1143 1654 1180 1723 et
1211 1648 1316 1723 dicit:
1341 1669 1360 1719 e
1385 1665 1507 1721 moooe
1532 1652 1616 1720 tutto

443 1773 571 1865 l’oltro
594 1774 750 1863 intorno,
779 1770 882 1863 idest,
908 1790 1038 1843 omnes
1062 1769 1152 1843 alias
1183 1790 1308 1864 speras
1339 1775 1415 1842 tam
1446 1767 1618 1843 coelestes

443 1912 556 1985 quam
582 1891 835 1984 elementares,
856 1910 940 1984 quae
960 1896 1045 1963 sunt
1071 1890 1246 1965 continuo
1264 1888 1429 1982 mobiles,
1446 1890 1619 1961 comiaclo

444 2013 570 2104 putori,
595 2009 697 2103 idest,
725 2010 848 2105 incipit
876 2015 1018 2084 motum
1046 2031 1156 2083 suum
1183 2009 1232 2083 ab
1250 2008 1318 2082 isto
1339 2008 1459 2103 primo
1480 2006 1619 2100 mobili,

442 2152 538 2205 corne
561 2134 611 2205 da
635 2112 701 2203 sua
718 2136 830 2221 >meto
857 2129 959 2225 idest,
991 2136 1182 2223 tamquam
1215 2148 1238 2202 a
1268 2127 1337 2202 suo
1368 2126 1527 2202 termino
1561 2127 1621 2201 rel

446 2250 695 2347 principiu-
712 2256 745 2324 rt
767 2257 895 2343 poesto.
922 2250 986 2325 llic
1012 2249 1158 2325 Beatrix
1185 2247 1341 2322 ostendit
1365 2247 1620 2322 excellentiam

448 2372 557 2445 huius
582 2373 675 2467 eoeli,
702 2373 787 2467 quia
813 2392 836 2445 a
862 2370 962 2445 nullo
988 2368 1168 2465 dependet
1195 2368 1260 2442 nisi
1286 2388 1309 2442 a
1335 2368 1413 2441 solo
1442 2368 1519 2442 Deo
1548 2366 1619 2440 im-

449 2492 617 2589 mediate,
644 2500 682 2568 et
707 2500 851 2568 ceterae
876 2513 993 2587 sperre
1019 2489 1224 2585 dependent
1241 2489 1289 2563 ab
1307 2509 1369 2582 eo;
1391 2487 1490 2562 unde
1511 2485 1619 2561 dicit:

448 2620 618 2708 Epuesto
644 2616 708 2688 olel
730 2634 803 2688 porr
828 2615 875 2685 ta
900 2616 994 2686 altro
1018 2613 1119 2701 dove,
1137 2610 1240 2704 idest,
1267 2608 1341 2703 ubi,
1360 2606 1446 2702 quia
1467 2628 1540 2681 non
1562 2614 1620 2683 est

447 2735 483 2809 in
509 2736 602 2829 loco,
623 2738 681 2809 olto
706 2737 742 2808 lo
768 2741 878 2833 mente
894 2735 1026 2825 dimna,
1047 2730 1134 2826 quia
1154 2730 1329 2805 fundatur
1345 2729 1382 2803 in
1400 2730 1620 2805 solamente

447 2854 588 2951 divina;
614 2862 651 2930 et
675 2853 777 2929 dicit:
804 2858 841 2927 io
865 2856 939 2945 oto,
964 2853 1066 2946 idest,
1094 2853 1231 2945 inqua
1265 2856 1400 2944 mente,
1429 2850 1621 2923 s’oooende

449 2978 587 3049 l’arnor
612 2978 672 3048 cle
687 2977 713 3047 'l
729 2977 841 3066 volpe,
859 2973 962 3066 idest,
981 2970 1216 3069 intelligentia
1235 2990 1319 3065 quae
1340 2975 1465 3044 movet
1486 2969 1621 3063 ipsum,

450 3098 529 3170 elo
559 3090 650 3169 oirtd
681 3096 780 3167 ot’ri
807 3097 924 3187 piooe,
959 3100 996 3169 et
1027 3092 1192 3167 similiter
1223 3090 1339 3165 virtus
1374 3088 1487 3185 quam
1518 3087 1621 3183 pluit,

450 3216 551 3310 idest,
578 3214 687 3290 mittit
711 3214 757 3288 ad
783 3214 872 3289 alias
898 3234 1024 3310 speras
1049 3212 1250 3289 interiores.
1278 3211 1381 3286 Unde
1406 3216 1492 3285 uota
1525 3208 1623 3303 quod

451 3334 654 3411 secundum
673 3332 839 3408 ordinem
855 3334 1059 3408 naturalem
1076 3332 1258 3407 elementa
1276 3336 1362 3405 sunt
1380 3328 1524 3405 subdita
1541 3348 1625 3423 spe-

451 3456 501 3529 ris
525 3455 769 3551 planetarum,
796 3460 833 3530 et
858 3474 975 3550 sperae
1000 3453 1232 3549 planetarum
1259 3459 1400 3527 oetavae
1429 3470 1557 3546 sperae,
1588 3456 1626 3525 et

450 3582 580 3651 octava
614 3594 739 3669 uonae;
772 3574 822 3649 ita
857 3572 955 3669 quod
988 3580 1107 3647 totum
1142 3572 1238 3647 istud
1272 3572 1500 3648 mundanum
1536 3592 1626 3645 con·

451 3700 598 3790 ceptum
625 3701 681 3770 est
705 3694 892 3770 subditum
921 3714 1027 3769 nonae
1065 3714 1201 3788 sperae3
1228 3700 1267 3768 et
1292 3692 1369 3788 ipsa
1395 3713 1491 3767 nona
1517 3711 1625 3786 spera

451 3822 507 3889 est
532 3815 674 3891 subdita
700 3816 833 3890 divinae
859 3814 983 3907 menti,
1010 3820 1048 3889 et
1072 3814 1119 3889 ab
1150 3814 1227 3909 ipsa
1262 3812 1399 3909 recepit
1413 3806 1450 3906 (¹)
1485 3818 1623 3887 tantam

454 3936 551 4011 illam
579 3936 753 4011 virtutem
781 3957 893 4030 quam
916 3936 1027 4011 habet
1044 3935 1082 4009 in
1099 3935 1165 4009 ista
1184 3933 1368 4009 interiora.
1382 3974 1432 3989 -
1445 3938 1543 4008 tuoe.
1561 3932 1627 4008 llio

456 4056 603 4131 Beatrix
636 4056 791 4130 ostendit
826 4054 1012 4150 quomodo
1045 4053 1187 4128 nullum
1224 4074 1359 4150 eorpus
1390 4053 1542 4150 claudit,
1567 4054 1627 4129 vel

455 4175 614 4252 eontinet
644 4174 741 4249 istud
772 4176 923 4270 coelum,
956 4176 1042 4270 quia
1072 4176 1192 4249 solum
1224 4177 1361 4250 coelum
1395 4196 1626 4273 empyreum,

455 4296 554 4391 quod
580 4303 697 4371 totum
724 4298 788 4371 lux
815 4304 983 4371 utamur
1008 4296 1073 4371 Ilei
1099 4295 1235 4372 claudit
1252 4296 1382 4394 ipsum.
1402 4296 1504 4371 Unde
1524 4296 1627 4371 dicit:

456 4422 544 4493 tore
574 4425 607 4491 et
634 4438 750 4510 amor,
780 4416 882 4511 idest,
909 4417 1045 4491 coelum
1077 4437 1308 4513 empyreum,
1334 4418 1543 4511 comprende
1567 4419 1630 4509 lul,

457 4536 558 4631 idest,
584 4537 680 4612 istud
705 4537 841 4612 coelum
868 4536 1042 4632 primum,
1069 4539 1164 4611 d'oo
1189 4539 1336 4630 coeno,
1355 4536 1458 4631 idest,
1484 4536 1521 4610 in
1546 4536 1630 4611 mo-

456 4656 545 4732 durn
572 4656 711 4751 circuli,
736 4648 766 4730 sl
790 4678 887 4731 rome
912 4665 1029 4751 questo
1060 4660 1111 4749 pli
1142 4659 1238 4751 atet,
1272 4656 1375 4752 idest,
1406 4656 1500 4731 sicut
1534 4655 1631 4731 istud

457 4778 594 4852 uoelum
630 4796 769 4852 nonum
805 4777 1082 4873 comprehendit
1119 4798 1249 4852 omnes
1287 4779 1401 4853 coelos
1439 4782 1631 4852 contentos

520 5038 548 5101 (¹)
564 5039 596 5089 lt.
613 5038 706 5103 reelplt
722 5044 802 5091 totam
819 5040 899 5091 lllam.
