4842 6642
740 834 879 890 murus
905 836 1097 891 messurus
1121 836 1288 903 oururus.
1529 826 1601 895 367

434 980 567 1056 merito
592 988 748 1057 vocatur
773 980 970 1076 pelicanus,
996 980 1082 1075 quia
1108 981 1254 1077 aperuit
1279 980 1345 1056 sibi
1363 984 1467 1058 latus
1488 983 1536 1059 ad
1561 982 1607 1057 li-

435 1100 659 1176 berationem
680 1109 856 1195 nostram,
874 1101 968 1177 sicut
986 1101 1171 1197 pelicanus
1190 1122 1237 1176 ex
1256 1103 1435 1199 sanguine
1449 1103 1604 1199 pectoris

430 1220 589 1297 vivificat
613 1221 705 1297 tilios
731 1228 910 1296 mortuos.
938 1222 999 1295 Est
1024 1227 1150 1296 autem
1183 1221 1370 1317 pelicanus
1401 1224 1479 1299 aris
1504 1244 1606 1320 aegy-

429 1341 502 1436 ptia
529 1348 596 1417 etc.
625 1343 669 1415 Et
693 1343 755 1417 dat
779 1342 879 1418 aliud
904 1342 1062 1439 signum,
1088 1342 1228 1417 dicens:
1255 1365 1275 1415 e
1298 1347 1407 1436 questi
1435 1349 1477 1440 su
1508 1348 1606 1419 cleto
1644 1378 1652 1387 ·

432 1466 472 1537 ot
494 1466 634 1555 prande
658 1466 774 1558 officio
798 1465 837 1537 di
860 1484 901 1536 su
926 1466 963 1537 lo
987 1484 1101 1555 croco,
1134 1463 1281 1558 scilicet,
1315 1465 1463 1558 quando
1501 1466 1606 1542 Chri·

428 1588 510 1657 stus
536 1583 696 1679 pendens
721 1583 758 1657 iu
784 1604 896 1658 cruce
922 1583 1068 1658 tradidit
1092 1583 1211 1679 ipsum
1234 1584 1339 1658 llatri
1365 1584 1402 1659 in
1428 1584 1544 1659 filium
1566 1594 1604 1661 et

428 1702 630 1778 custodem.
661 1704 706 1778 Et
737 1702 857 1777 subdit
888 1708 997 1779 autor
1028 1703 1111 1797 quis
1143 1703 1276 1778 dixerit
1307 1704 1375 1779 ista
1410 1706 1535 1799 verba,
1566 1714 1604 1781 et

431 1824 619 1918 quomodo
636 1845 708 1898 non
728 1824 883 1899 mutavit
900 1824 1167 1921 dispositionem
1187 1830 1268 1919 post
1285 1824 1411 1921 verba,
1424 1826 1491 1900 nisi
1509 1827 1603 1903 sicut

428 1944 561 2042 primo,
587 1944 730 2020 dicens:
758 1948 795 2019 lo
819 1948 940 2021 donna
973 1948 1045 2019 ntia
1080 1938 1164 2036 cosi,
1197 1945 1337 2041 supple,
1370 1946 1472 2039 dixit,
1501 1943 1606 2022 odio

426 2068 553 2159 parole
575 2087 636 2139 sue
657 2059 746 2157 perd
772 2088 905 2140 mosser
925 2069 1018 2159 pius,
1045 2066 1147 2160 idest,
1176 2087 1247 2140 non
1275 2065 1356 2141 ideo
1376 2068 1457 2163 plus
1476 2087 1605 2143 move-

430 2193 528 2281 runt,
555 2188 592 2259 lo
619 2190 708 2261 visto
732 2208 811 2279 suo,
837 2187 939 2277 idest,
966 2188 1045 2263 eius
1075 2186 1190 2261 lixum
1218 2186 1403 2282 intuitum,
1426 2191 1476 2263 di
1507 2196 1604 2263 sture

430 2314 573 2400 attenta,
599 2307 748 2402 scilicet,
767 2307 803 2381 in
821 2308 900 2381 illos
918 2306 1111 2403 apostolos,
1126 2312 1262 2400 porcio,
1283 2307 1385 2402 idest,
1403 2315 1485 2404 post
1508 2308 1604 2383 dicta

382 2416 384 2421 ’
430 2428 555 2521 verba,
582 2430 642 2501 otu
663 2432 761 2521 pria,
788 2427 935 2523 scilicet,
961 2436 1046 2503 aute
1067 2429 1191 2503 verba.
1206 2468 1256 2481 -
1272 2431 1390 2516 Quoto.
1412 2428 1478 2504 llic
1495 2434 1606 2504 autor

430 2548 586 2623 ostendit
612 2547 729 2643 qualis
755 2548 873 2624 iactus
890 2549 1011 2643 luerit,
1033 2550 1158 2623 volens
1176 2548 1301 2624 videre
1318 2570 1453 2645 corpus
1468 2549 1606 2624 lohan-

431 2668 485 2743 nis
499 2662 550 2764 (ἢ,
569 2689 635 2764 per
655 2669 968 2764 comparationem
995 2669 1152 2745 nobilem
1180 2676 1219 2745 et
1243 2669 1428 2765 propriam
1447 2668 1602 2744 volentis

430 2788 556 2863 videre
581 2788 739 2885 eclipsim
767 2789 863 2883 solis,
894 2788 957 2883 qui
987 2796 1028 2862 ut
1056 2788 1152 2864 bene
1183 2788 1305 2863 videat
1338 2788 1496 2864 efficitur
1530 2809 1603 2863 uon

430 2908 566 2985 videns.
585 2910 766 2984 Construe
785 2910 836 2983 sic
853 2908 1019 2984 literam:
1038 2914 1079 2983 lo
1096 2912 1145 2982 mi
1158 2912 1227 3003 soci
1243 2911 1311 2982 tole
1326 2929 1351 2981 u
1367 2911 1466 3001 puctt’
1479 2911 1599 2981 ultimo

427 3034 546 3125 succo,
572 3028 720 3125 scilicet,
745 3030 946 3105 iohannem
983 3030 1172 3105 ardentem
1204 3036 1242 3104 et
1274 3028 1523 3125 splendentem
1557 3028 1604 3104 ad

432 3152 585 3227 modum
604 3151 745 3249 ignis,a
762 3151 881 3245 simili,
902 3155 1005 3246 puolo
1021 3149 1041 3225 d
1055 3155 1146 3225 colui
1162 3154 1213 3225 clt'
1227 3152 1407 3245 ndocclric,
1426 3149 1530 3245 idest,
1548 3148 1605 3223 in·

431 3281 570 3368 tuetur,
591 3296 610 3347 e
629 3276 892 3366 s'orpomento,
911 3272 1011 3366 idest,
1032 3271 1253 3369 ingeniatur,
1270 3274 1308 3345 u·
1329 3274 1434 3346 ocdrr
1457 3275 1605 3345 sclusas

429 3397 464 3468 lo
489 3396 556 3485 sot,
584 3392 685 3487 iuml,
712 3392 915 3486 obscurari,
933 3414 981 3467 un
999 3414 1103 3485 poco,
1124 3394 1183 3465 cte
1207 3395 1348 3467 diventa
1366 3413 1441 3465 nou
1466 3394 1606 3467 vertente

425 3534 493 3608 per
509 3516 646 3605 nedae,
660 3512 765 3608 quasi
782 3512 897 3587 dicat:
918 3512 1076 3588 remansi
1095 3512 1199 3606 quasi
1217 3532 1338 3587 caecus
1356 3518 1467 3586 acute
1488 3511 1604 3606 respi-

428 3634 527 3711 ciens
548 3635 688 3730 ipsum3
715 3640 758 3708 et·
777 3640 832 3709 est
848 3633 1074 3729 comparatio
1092 3632 1256 3729 propria:
1278 3632 1372 3706 sicut
1393 3632 1492 3708 enim
1511 3652 1605 3707 ocu-

428 3756 486 3829 lus
512 3754 688 3848 mortalis,
709 3760 817 3829 acute
839 3752 1034 3848 respiciens
1053 3752 1168 3827 solem
1188 3750 1426 3846 luminosum,
1443 3746 1604 3827 efficitur

430 3874 516 3949 nihil
556 3874 699 3969 videns;
735 3874 784 3948 ita
818 3872 948 3948 oculus
991 3872 1245 3949 intellectualis
1282 3871 1423 3946 autoris
1461 3872 1604 3947 subtili-

431 4002 488 4070 ter
513 3996 706 4091 speculans
731 3995 935 4070 iohannem
962 3992 1237 4090 evangelistam,
1256 4012 1368 4086 quem
1382 3993 1461 4088 jam
1488 4014 1601 4089 supra

430 4114 642 4191 assimilavit
675 4114 752 4209 soli,
789 4114 905 4189 lactus
938 4118 1096 4188 estnon
1131 4112 1276 4206 videns3
1310 4112 1473 4187 tentabat
1502 4114 1600 4188 enim

431 4236 525 4311 scire
559 4236 589 4310 si
622 4237 806 4311 lohannes
840 4232 992 4309 haberet
1024 4254 1159 4329 corpus
1191 4254 1302 4307 suum
1335 4252 1476 4327 secum
1510 4233 1605 4308 sicut

429 4356 540 4452 aliqui
569 4356 776 4451 opinantur,
803 4355 866 4430 sed
893 4375 966 4430 uon
992 4354 1129 4431 invenit
1154 4354 1205 4429 sic
1230 4374 1321 4429 esse.
1340 4354 1384 4427 m
1401 4352 1524 4427 subdit
1538 4353 1605 4429 de-

433 4476 670 4551 clarationem
697 4496 811 4571 quam
838 4474 921 4549 lacit
939 4465 977 4567 (¹)
997 4474 1179 4549 lohannes
1204 4474 1251 4549 de
1276 4493 1433 4569 corpore
1448 4493 1530 4567 suo,
1550 4473 1607 4547 di·

433 4617 537 4673 cens:
558 4603 690 4681 mentre
714 4599 774 4671 cte
798 4598 888 4669 detto
905 4599 960 4689 su,
979 4594 1079 4687 idest,
1097 4594 1214 4669 donec
1233 4594 1372 4670 dictum
1392 4593 1459 4668 luit
1477 4593 1605 4669 miliia
1630 4637 1633 4643 ,

432 4719 529 4794 dicto
541 4719 716 4812 iohanne,
726 4712 1051 4810 percld't'oddnpti,
1062 4714 1162 4810 idest,
1172 4714 1393 4791 abluciuaris
1402 4722 1440 4789 et
1448 4714 1605 4789 coniun-

495 4979 523 5043 (¹)
540 4979 570 5030 E.
585 4978 691 5030 loannis
706 4978 879 5047 evangeliste,
896 4992 950 5042 prr.
1137 4974 1164 5037 τ’)
1181 4977 1207 5027 S.
1223 4976 1286 5028 013.
1303 4976 1373 5029 sctit.
1462 5012 1467 5017 -
