4842 6642
834 849 905 916 500
1226 861 1431 920 comum
1454 861 1621 918 rnnnmsl

832 1005 919 1083 dam
945 1005 1252 1113 incarnationem
1274 1007 1373 1083 unde
1397 1007 1502 1083 dicit:
1525 1009 1668 1100 quoodo
1687 1009 1865 1101 dfipluol
1879 1011 1918 1083 cli
1935 1011 2004 1084 Dio

832 1131 865 1202 si
887 1129 981 1201 colse
1004 1145 1135 1200 corcor
1159 1129 1251 1202 delio
1275 1135 1400 1202 nosco
1425 1129 1557 1219 salmo,
1582 1127 1685 1222 idest,
1711 1127 1871 1224 sarcina3
1898 1129 2002 1223 quasi

832 1247 949 1324 dicat:
975 1245 1124 1342 quando
1147 1246 1318 1344 dignatus
1336 1254 1392 1324 est
1407 1267 1599 1323 assumere
1614 1267 1710 1323 onus
1729 1247 1904 1324 bumanae
1919 1269 2004 1324 car-

832 1366 889 1441 nis
913 1372 951 1442 et
974 1373 1125 1462 portare
1149 1385 1298 1462 poenam
1324 1367 1442 1464 culpe
1467 1369 1650 1443 humane
1672 1367 1716 1442 lit
1735 1387 1810 1443 non
1833 1369 2002 1446 rideatur

834 1485 898 1560 tibi
923 1486 1166 1582 superfluum,
1191 1487 1318 1583 lector,
1344 1487 1431 1582 quia
1455 1492 1566 1564 autor
1591 1487 1780 1583 descripsit
1802 1509 1916 1586 supra
1939 1509 2002 1565 ca-

833 1607 948 1705 pitulo
972 1607 1007 1682 x
1032 1607 1143 1682 istum
1168 1607 1342 1683 eumdem
1368 1608 1542 1705 angelum
1569 1608 1762 1685 testantem
1783 1609 1882 1686 circa
1898 1629 2003 1685 oam-

832 1729 918 1805 dem
944 1727 1106 1822 Mariam,
1123 1729 1211 1822 qnia
1237 1726 1286 1802 ibi
1310 1727 1499 1824 descripsit
1523 1729 1711 1804 caelestem
1737 1729 1880 1806 curiam
1907 1729 2004 1828 ligu-

835 1847 961 1924 raliter
986 1847 1023 1922 in
1047 1846 1128 1922 loco
1158 1867 1231 1922 non
1264 1867 1344 1942 suo,
1370 1831 1434 1922 bic
1459 1867 1550 1924 vero
1581 1848 1618 1923 in
1648 1849 1766 1925 lormu
1796 1871 1865 1926 sua
1896 1857 1935 1927 et
1966 1850 2003 1926 in

834 1969 928 2060 ooelo
953 1969 1111 2065 proprio.

907 2094 970 2164 lla
994 2093 1126 2164 menne.
1151 2090 1223 2164 ista
1247 2094 1303 2164 est
1328 2095 1463 2184 quarta
1488 2096 1526 2164 et
1551 2089 1681 2165 ultima
1705 2111 1789 2186 pars
1809 2091 2003 2190 generalis,

834 2211 873 2285 in
889 2231 964 2305 qua
980 2209 1191 2286 Bernardus
1206 2207 1364 2285 ostendit
1379 2207 1615 2306 singulariter
1631 2209 1772 2305 aliquot
1797 2211 1896 2286 viros
1920 2211 2006 2286 illu·

835 2337 928 2406 stres
952 2331 1062 2405 buius
1086 2331 1193 2406 auloe.
1221 2329 1265 2404 Et
1289 2329 1409 2426 primo
1426 2329 1553 2406 inritat
1571 2338 1742 2406 autorem
1764 2331 1814 2406 ad
1839 2338 2005 2407 mntem-

767 2482 771 2489 ·
835 2451 1030 2548 piationem
1057 2451 1225 2546 istorum,
1250 2450 1393 2526 dicens:
1419 2453 1482 2524 Mu
1500 2453 1621 2525 oleam
1636 2455 1732 2526 omui
1746 2472 1813 2524 coa
1829 2455 1879 2544 pli
1895 2453 2001 2546 cccli,

835 2571 940 2668 quasi
958 2572 1073 2647 dicat:
1095 2571 1172 2646 visa
1188 2577 1226 2646 et
1243 2571 1388 2668 cognita
1406 2571 1545 2668 regina,
1557 2591 1717 2666 sequere
1735 2590 1796 2646 me
1811 2591 1899 2646 cum
1917 2591 2006 2648 oon·
2030 2629 2037 2646 .

836 2691 1083 2788 temptatione,
1108 2683 1141 2765 si
1159 2693 1248 2766 com'
1259 2693 1296 2765 io
1312 2683 1430 2766 undrd
1444 2693 1640 2786 portando,
1661 2697 1700 2766 et
1722 2690 1827 2766 dicit:
1845 2713 1864 2764 e
1882 2699 1968 2766 notu
1993 2695 2006 2764 i

833 2833 931 2905 pron
959 2815 1104 2907 pudici,
1137 2809 1240 2906 idest,
1274 2817 1462 2887 senatores
1492 2811 1540 2886 de
1571 2809 1699 2886 ordine
1731 2810 1862 2885 illustri
1897 2812 2005 2888 buius

833 2934 943 3008 almae
966 2933 1107 3027 Romo,
1133 2931 1195 3008 ubi
1221 2931 1378 3028 imperat
1410 2931 1577 3028 princeps
1600 2929 1824 3028 iustissimus
1858 2937 1896 3006 et
1929 2933 2005 3008 ole-

834 3052 1100 3147 montissimns3
1125 3053 1226 3128 unde
1249 3051 1354 3129 dicit:
1375 3051 1414 3127 di
1438 3059 1556 3146 questo
1580 3054 1727 3146 leupario
1752 3054 1961 3144 ρὰιειιζςεὺηο
1987 3075 2006 3126 e
2067 3137 2070 3142 ¹

829 3177 904 3267 pio,
930 3173 1065 3248 scilicet
1090 3171 1174 3248 ooeti
1200 3171 1377 3270 empyrei,
1397 3172 1460 3248 ubi
1476 3172 1678 3270 justissime
1700 3179 1739 3246 el
1765 3171 1823 3268 pie
1841 3171 2006 3248 redditur

832 3292 969 3387 cuique
993 3291 1093 3388 quod
1116 3292 1300 3387 convenit,
1326 3292 1377 3368 ita
1401 3292 1502 3388 qnod
1522 3292 1662 3390 justitia
1689 3293 1849 3369 retertur
1866 3292 1912 3368 ad
1934 3293 2006 3368 sal·

832 3421 937 3490 ratos
964 3413 1119 3508 meritis,
1144 3413 1260 3509 pietas
1284 3413 1332 3489 ad
1357 3433 1493 3510 pueros
1518 3413 1740 3490 innocentes.
1766 3414 1810 3488 lit
1835 3413 1893 3488 bic
1919 3421 2003 3488 nota

829 3541 875 3609 nt
899 3533 1079 3630 intelligas
1104 3533 1179 3608 rim
1204 3533 1309 3609 istius
1333 3534 1502 3610 vocabuli
1527 3535 1776 3631 patriciorum,
1795 3535 1894 3630 quod
1912 3535 2004 3610 simu

829 3653 955 3730 scribit
979 3653 1080 3729 Titus
1106 3653 1230 3729 Livius
1254 3654 1348 3730 libro
1367 3655 1488 3751 primo
1509 3656 1557 3731 ab
1574 3656 1716 3753 origine
1732 3655 1846 3750 urbis,
1863 3655 2004 3730 Romu-

829 3775 901 3871 lus,
925 3773 1071 3851 condita
1096 3773 1192 3849 urbo
1217 3781 1286 3850 etc.
1301 3813 1351 3830 -
1367 3778 1452 3865 Orsa
1471 3777 1552 3850 duo.
1571 3775 1636 3850 llio
1654 3775 1773 3871 primo
1793 3775 2003 3850 bernardus

830 3895 1043 3972 denominat
1065 3894 1159 3970 duos
1184 3894 1412 3972 venerabiles
1438 3902 1561 3992 patros
1581 3895 1805 3992 conscriptos
1826 3895 1930 3970 istius
1945 3903 2004 3971 se·

831 4022 951 4110 natus,
972 4033 1067 4110 quos
1083 4014 1255 4092 describit
1271 4035 1294 4090 a
1310 4014 1493 4112 superiori
1516 4015 1786 4112 propinquitate
1810 4023 1849 4090 et
1874 4014 2002 4090 maiori

829 4135 1001 4213 felicitato
1024 4135 1121 4212 inter
1144 4136 1246 4232 alios,
1272 4135 1415 4212 dicens:
1446 4139 1532 4226 (lusi
1555 4139 1639 4230 dato,
1657 4135 1805 4230 scilicet,
1826 4135 1939 4210 ddum
1966 4143 2004 4210 et

829 4257 972 4351 Potum,
997 4257 1058 4330 circ
1080 4276 1213 4349 seqqoa
1239 4251 1335 4331 luasd
1356 4252 1418 4350 pol
1439 4257 1544 4351 felici,
1562 4255 1651 4352 quia
1676 4255 1757 4353 plus
1773 4255 1939 4332 aenbunt
1957 4254 2004 4330 do

829 4377 1069 4472 beatitudine,
1089 4397 1159 4470 per
1183 4397 1298 4450 essere
1317 4379 1609 4470 propinquamus·
1632 4379 1684 4452 ud
1701 4383 1871 4470 Aspasia,
1900 4374 2002 4468 idest,

828 4499 917 4596 quia
942 4503 1030 4573 sunt
1061 4495 1271 4572 vicinissimi
1305 4497 1428 4572 llariae
1442 4490 1480 4590 (⁴)
1506 4517 1593 4592 qum
1618 4505 1673 4574 est
1696 4499 1874 4595 Augusta,
1900 4495 2003 4587 idest,
2126 4523 2128 4528 ·

829 4619 1047 4717 imperatrix
1071 4618 1182 4694 buius
1205 4624 1357 4694 eterne
1380 4611 1519 4694 Romo.
1537 4617 1639 4695 Sicut
1663 4619 1762 4695 enim
1782 4607 2001 4710 Oclsdmffl

829 4758 1002 4814 sommus
1026 4741 1065 4814 et
1088 4737 1389 4834 preclarissimus
1413 4737 1615 4834 imperator
1631 4745 1784 4815 vocatus
1801 4744 1857 4814 nst
1874 4735 2003 4834 bugu-

890 4923 917 4986 (¹)
934 4923 965 4975 li.
982 4924 1083 4990 Virgini
1099 4924 1199 4986 uum,
1217 4937 1276 4990 qua
1290 4927 1331 4976 eal
1346 4923 1465 4987 Angusta
1480 4925 1541 4989 qnia
1557 4925 1721 4988 imperatrix.

891 4997 921 5064 l')
936 4999 968 5052 lt.
984 5000 1148 5053 Ocuvlnn
