4842 6642
800 806 939 862 cxnrus
965 807 1121 863 necinus
1144 810 1327 865 scurruus.
1576 799 1646 867 185

475 948 653 1046 ciaguidae
687 951 771 1026 tuce
804 952 957 1027 ardenti.
990 955 1034 1027 Et
1064 953 1168 1028 dicit:
1194 956 1254 1028 cde
1280 958 1365 1047 pria
1398 978 1487 1029 noea
1516 964 1647 1031 mutato

472 1071 538 1143 sito
565 1090 634 1163 per
666 1090 733 1161 me,
754 1072 840 1165 quia
872 1072 964 1147 sicut
988 1072 1126 1147 dictum
1161 1079 1217 1148 est
1250 1095 1376 1168 supra,
1406 1076 1469 1148 iux
1499 1077 1647 1152 Caecia-

470 1189 592 1286 guidae
618 1190 847 1265 descendite
873 1193 1002 1268 dextro
1026 1214 1142 1269 cornu
1161 1195 1281 1268 crucis
1306 1196 1353 1269 ad
1379 1196 1507 1291 pedem
1532 1205 1572 1270 ut
1590 1198 1644 1271 io·

471 1316 652 1403 queretur
677 1311 1025 1389 autori-Percidi
1052 1316 1118 1389 Hie
1142 1322 1252 1389 autor
1276 1316 1432 1390 ostendit
1457 1318 1645 1411 quomodo

472 1429 642 1503 habuerit
658 1430 840 1507 licentiam
859 1454 882 1506 a
899 1433 1064 1509 Beatrice
1090 1434 1317 1529 exprimendi
1342 1457 1453 1509 suum
1476 1436 1645 1529 dubium,

473 1552 616 1626 dicens:
653 1548 783 1627 Percde'
814 1558 886 1627 mia
917 1558 1051 1649 donno,
1080 1556 1227 1649 sedicet,
1259 1556 1417 1650 Beatrix,
1448 1562 1497 1629 mi
1529 1561 1646 1631 disse.-

474 1674 607 1747 munda
628 1677 715 1766 fuer
739 1678 776 1748 la
802 1696 930 1768 nempe
954 1678 1013 1749 del
1040 1684 1097 1751 tuo
1128 1680 1231 1771 doio,
1259 1678 1361 1773 idest,
1387 1678 1515 1754 emitte
1539 1682 1646 1754 tiern-

477 1816 575 1869 mam
602 1794 654 1866 tui
680 1795 839 1868 ardentis
864 1796 1052 1892 desiderii;
1073 1805 1110 1873 ct
1126 1798 1230 1872 dicit:
1251 1791 1282 1871 si
1301 1802 1415 1873 ct’ett
1426 1822 1519 1891 esee,
1541 1800 1643 1894 idest,

475 1922 583 1992 exeat
609 1917 716 2010 sorae,
741 1926 888 2008 repente
913 1920 997 1992 dene
1025 1922 1116 1992 della
1140 1923 1281 1992 interna
1305 1928 1457 2013 stampe,
1483 1920 1585 2013 idest,
1601 1927 1645 1993 ut

474 2037 533 2111 iila
550 2058 683 2133 rampe
702 2036 795 2111 bene
813 2039 995 2131 exprimat
1012 2046 1117 2111 extra
1135 2038 1347 2113 interiorem
1365 2040 1640 2134 conceptionem

471 2158 583 2231 animi
609 2180 632 2230 a
658 2179 732 2251 qua
759 2160 904 2233 recedit.
936 2158 1056 2232 Verba
1090 2158 1187 2231 enirn
1218 2165 1304 2231 suut
1335 2158 1439 2253 quasi
1472 2159 1643 2253 quaedam

472 2281 593 2354 claves
618 2279 731 2353 animi
751 2280 956 2375 aperientes
973 2287 1188 2373 conceptum
1211 2280 1323 2353 animi
1338 2273 1376 2373 (¹)
1394 2280 1643 2355 intrinsecum.

473 2401 515 2473 Et
533 2400 654 2474 subdit
671 2422 820 2475 causam
839 2421 956 2495 quare
974 2401 1061 2475 velit
1074 2401 1192 2495 ipsum
1212 2401 1422 2495 exprimere
1433 2394 1470 2494 ι’)
1489 2402 1642 2475 dubium

470 2542 581 2594 suum
616 2521 815 2596 excludens
846 2542 996 2596 causam
1032 2541 1104 2594 non
1138 2542 1277 2595 veram.
1310 2521 1401 2595 Dicit
1432 2543 1542 2619 ergo:
1571 2544 1644 2595 non

467 2638 595 2735 percite*
609 2649 732 2715 nostra
749 2663 962 2731 conoscenzn
987 2664 1106 2715 cresce
1127 2664 1195 2734 per
1220 2651 1277 2717 tuo
1298 2647 1461 2736 pariare,
1481 2664 1542 2715 mu
1554 2664 1642 2735 per·

464 2760 533 2838 cdd
557 2766 671 2837 ιάιιιι·
694 2784 719 2835 α
744 2766 803 2836 dir
826 2765 863 2835 ia
887 2771 967 2854 sete,
993 2763 1094 2856 idest,
1123 2770 1163 2836 ut
1188 2785 1377 2838 assuescas
1403 2763 1643 2859 propalationi

470 2884 668 2959 dubiorum
696 2892 860 2978 tuorum,
885 2876 916 2957 si
939 2887 999 2957 cde
1023 2888 1139 2957 tuom
1165 2888 1190 2957 n·
1214 2906 1342 2975 mesen,
1363 2886 1466 2977 idest,
1491 2884 1554 2959 det
1580 2884 1643 2958 tibi

469 3011 597 3100 poium
623 3004 671 3077 ad
696 3003 979 3099 extinguendam
1007 3004 1113 3077 sitim.
1141 3004 1186 3077 Et
1212 3013 1297 3079 nota
1322 3005 1421 3099 quod
1437 2996 1473 3096 (³)
1501 3011 1557 3079 est
1577 3024 1643 3077 vo·
1721 3004 1724 3009 ’

471 3126 643 3201 cabulum
671 3131 835 3219 tuscum3
862 3125 1008 3219 quando
1041 3126 1139 3198 enim
1167 3132 1293 3199 tuscus
1323 3127 1403 3199 ruit
1432 3126 1570 3199 dicere:
1596 3124 1643 3197 da

470 3247 607 3339 hibere,
634 3246 737 3320 dicit:
765 3247 886 3320 misce.
915 3247 957 3319 Et
984 3245 1041 3319 hic
1067 3254 1152 3319 note
1179 3247 1278 3339 quod
1308 3246 1478 3340 utramvis
1508 3252 1643 3319 nostrae

471 3368 702 3441 necessitates
727 3368 798 3441 sint
824 3373 919 3440 uotae
944 3367 1031 3458 Deo,
1059 3372 1183 3441 tamen
1209 3368 1355 3461 expedit
1374 3366 1472 3460 quod
1495 3365 1642 3460 proprio

467 3509 535 3564 ore
560 3498 741 3584 petamus,
768 3494 809 3561 ut
835 3494 957 3560 nostra
990 3486 1166 3561 subiectio
1195 3494 1390 3582 appareat,
1421 3486 1503 3560 ideo
1533 3491 1643 3559 autor

468 3610 556 3703 petit
569 3616 611 3681 ut
631 3608 807 3701 sequitur.
822 3648 871 3661 -
889 3612 919 3679 O
935 3628 1023 3679 coru
1050 3610 1185 3697 piantu.
1205 3607 1270 3679 Hic
1287 3614 1397 3679 autor
1415 3606 1514 3701 ponit
1532 3625 1639 3679 suam
1774 3622 1785 3633 ⁸

468 3729 672 3803 orationem
699 3728 744 3802 ad
770 3728 907 3801 dictum
935 3727 1113 3821 spiritum,
1139 3727 1176 3798 in
1211 3747 1285 3819 qua
1320 3725 1404 3799 iacit
1434 3725 1641 3818 exordium,

470 3848 716 3923 narrationem
743 3854 781 3921 et
806 3847 1027 3943 petitionem.
1055 3846 1179 3919 Primo
1204 3865 1296 3941 ergo
1330 3846 1415 3918 iacit
1446 3844 1641 3919 exordium

361 4058 369 4065 ,
469 3970 515 4043 ad
540 3969 783 4063 captationem
819 3967 1092 4059 benevolentia,
1119 3987 1183 4060 per
1217 3966 1316 4059 quod
1345 3966 1512 4056 ostendit,
1542 3964 1640 4057 qrrod

469 4088 529 4163 iiie
554 4088 700 4184 spiritus
726 4093 842 4182 potest
868 4108 954 4159 eum
984 4107 1071 4161 vere
1096 4086 1300 4161 certificare
1323 4087 1371 4160 de
1394 4085 1526 4159 suturis
1551 4105 1642 4159 con·

469 4208 702 4303 tingentibus,
716 4207 762 4281 de
783 4208 917 4302 quibus
933 4214 1042 4281 autor
1064 4208 1245 4302 petiturus
1262 4216 1337 4300 est3
1355 4214 1393 4281 et
1410 4208 1478 4280 hoc
1496 4226 1543 4280 ue
1559 4205 1641 4279 eius

468 4330 592 4424 petitio
618 4348 712 4401 vana
738 4328 915 4402 videatur.
943 4327 1035 4402 Dicit
1059 4348 1149 4423 ergo
1175 4328 1457 4404 sententialiter:
1475 4348 1499 4400 o
1516 4327 1641 4400 anima

468 4450 587 4543 beata,
613 4470 697 4543 quae
724 4448 772 4521 ita
798 4455 899 4521 certe
925 4447 1024 4522 vides
1056 4447 1091 4520 in
1125 4448 1201 4521 Deo
1234 4448 1357 4521 tunna
1384 4447 1641 4542 contingentia,

468 4570 562 4643 sicut
597 4576 698 4643 certe
733 4588 837 4641 mens
869 4569 1031 4641 humana
1066 4567 1145 4641 sine
1178 4568 1300 4660 aliqua
1332 4567 1643 4641 demonstratione

467 4689 596 4783 cernit,
623 4688 721 4783 quod
748 4689 784 4761 in
812 4709 886 4761 uno
912 4687 1096 4783 triangulo
1122 4708 1195 4761 non
1219 4696 1369 4781 possunt
1385 4708 1466 4762 esse
1482 4688 1557 4760 duo
1574 4709 1641 4762 an·

528 4946 556 5009 (¹)
573 4946 604 4997 Ε.
621 4946 698 5008 ipsius
714 4946 801 4996 enimi.
928 4948 955 5006 (Ἰ
972 4946 1002 4995 E.
1018 4958 1180 5008 expromere.
1307 4946 1333 5007 ι’)
1350 4946 1382 4995 Ε.
1397 4945 1469 5008 qnod
1484 4945 1535 4995 hoc
1550 4950 1598 4994 eet.
