4842 6642
834 813 906 884 lto
1225 828 1429 886 counvruss
1453 827 1618 884 rannnrsr

834 973 908 1049 vita
942 973 1042 1068 quod
1074 973 1122 1047 ab
1156 992 1200 1048 ea
1232 973 1443 1048 obtinebam
1478 991 1628 1047 omnem
1654 969 1810 1068 gratiam
1843 972 2007 1066 justam3

834 1102 972 1189 quanto
990 1094 1107 1192 magis
1124 1113 1222 1168 nunc
1247 1093 1285 1167 in
1311 1112 1425 1191 regno
1442 1093 1547 1169 eius?
1570 1093 1613 1167 Et
1634 1097 1689 1166 est
1712 1111 1848 1166 nomen
1873 1112 2007 1167 conve-

835 1218 937 1292 niens
963 1215 1035 1310 rei3
1061 1214 1193 1290 dicitur
1220 1215 1316 1289 enim
1344 1215 1565 1308 bernardus,
1591 1213 1693 1304 idest,
1719 1213 1815 1288 bene
1841 1213 2008 1288 redolens

836 1338 982 1433 nardus,
997 1357 1081 1432 quae
1101 1342 1157 1411 est
1173 1335 1285 1410 arbor
1302 1335 1515 1411 aromatica.
1531 1376 1580 1391 -
1596 1337 1714 1424 Quale.
1734 1334 1799 1409 llic
1815 1341 1926 1408 autor
1943 1334 2008 1410 de·

835 1459 959 1535 scribit
975 1479 1080 1533 suam
1099 1455 1360 1551 inspectionem
1379 1455 1416 1530 in
1434 1453 1663 1531 bernardum
1684 1473 1750 1548 per
1771 1474 1883 1528 unam
1906 1473 2009 1528 com-

835 1578 1064 1676 parationem
1092 1575 1321 1651 manilestam
1348 1575 1416 1650 illis
1449 1574 1622 1665 marimo,
1649 1573 1711 1669 qui
1746 1573 1887 1669 experti
1922 1579 2007 1648 sunt

806 1769 809 1774 .
836 1702 934 1775 bunc
958 1705 1082 1774 actum
1108 1697 1236 1771 llomoe
1262 1695 1416 1771 videndo
1442 1694 1643 1770 sudarium.
1671 1694 1757 1769 Vult
1787 1694 1886 1768 enim
1922 1693 2008 1769 bre-

836 1821 929 1896 viter
945 1820 1066 1896 dicere
1082 1818 1182 1913 quod
1199 1817 1245 1892 ad
1262 1815 1490 1892 caritativam
1517 1815 1793 1911 persuasionem
1817 1813 2007 1907 Bernardi,

836 1944 895 2018 vel
908 1941 1040 2016 melius
1053 1938 1269 2035 respiciebat
1282 1937 1472 2013 caritatem
1488 1937 1599 2033 ipsius
1612 1935 1801 2030 bernardi,
1815 1937 1874 2012 vel
1894 1936 2009 2031 respi-

835 2062 954 2138 ciebat
980 2055 1108 2136 laeiem
1132 2057 1308 2134 Bernardi
1326 2057 1400 2133 lire
1415 2078 1501 2133 cum
1521 2063 1620 2132 tanta
1637 2055 1880 2132 admiratione
1897 2062 1934 2131 et
1950 2055 2007 2132 di·

835 2183 1001 2276 lectione,
1014 2187 1152 2275 quanta
1168 2179 1279 2254 sclavi
1300 2177 1496 2275 respiciunt
1507 2177 1698 2258 sudarium
1718 2177 1865 2272 quando
1883 2183 2007 2252 osten-

835 2305 933 2380 ditur
957 2303 1084 2377 llomae
1110 2301 1146 2375 in
1171 2300 1324 2377 ecclesia
1341 2299 1436 2375 beati
1459 2298 1567 2374 Petri.
1589 2299 1693 2373 Nunc
1714 2317 1805 2394 ergo
1831 2305 2006 2374 construe

835 2425 977 2500 literam
1004 2424 1073 2497 sic:
1101 2425 1141 2495 lo
1166 2442 1230 2494 ero
1255 2422 1307 2494 tnl
1324 2421 1488 2492 mirando
1509 2423 1546 2494 lo
1565 2421 1685 2493 meane
1707 2409 1822 2508 carttd
1838 2421 1877 2492 di
1902 2420 2005 2508 notu,

835 2545 981 2638 scilicet,
1006 2542 1194 2636 Bernardi,
1215 2543 1275 2615 obe
1293 2544 1328 2615 'n
1354 2547 1471 2633 questo
1495 2541 1635 2632 monada
1654 2539 1801 2634 seilicet,
1820 2539 1946 2614 vivens
1969 2537 2005 2612 in

743 2745 747 2751 ,
834 2684 957 2757 carne,
982 2654 1084 2754 pou
1108 2664 1145 2736 di
1169 2662 1282 2753 quello
1303 2681 1404 2753 poce,
1426 2657 1527 2753 idest,
1547 2659 1784 2755 praegustavit
1808 2658 1855 2733 de
1880 2657 2007 2732 dulce-

835 2784 919 2858 dine
945 2783 1039 2857 illius
1062 2781 1200 2878 gloriae,
1226 2783 1514 2874 resumpturum
1539 2778 1799 2874 contemplatio
1823 2779 1921 2854 enim
1951 2785 2006 2852 est

836 2925 949 2980 verus
967 2903 1108 2997 modus,
1130 2922 1206 2997 quo
1231 2902 1342 2976 bomo
1359 2901 1518 2978 existens
1534 2899 1654 2976 adbuc
1672 2900 1709 2975 in
1728 2900 1867 2975 mundo
1885 2901 2006 2994 loqui-

837 3033 1001 3102 turcum
1020 3027 1107 3118 Deo,
1125 3031 1162 3100 et
1182 3023 1357 3120 praevidet
1379 3023 1586 3098 felicitatem
1606 3042 1720 3116 quam
1742 3028 1885 3117 sperat3
1906 3023 2008 3114 quola

836 3149 939 3237 colui,
963 3145 1091 3240 supple
1116 3153 1182 3237 est,
1207 3146 1267 3216 obe
1295 3144 1394 3237 [orsa
1422 3163 1530 3218 nenne
1560 3146 1598 3217 dt
1633 3145 1799 3237 Oroatia,
1835 3164 1920 3238 quae
1953 3149 2009 3219 est

836 3265 1022 3362 provincia
1047 3264 1084 3337 in
1109 3263 1273 3359 partibus
1297 3262 1509 3357 sclavonia,
1531 3265 1675 3338 caeder
1693 3267 1729 3338 ta
1756 3266 1923 3340 Veronico
1940 3283 2007 3337 no-

835 3395 926 3480 stra,
947 3385 1050 3479 idest,
1070 3384 1261 3460 sudarium
1288 3385 1365 3459 siva
1390 3385 1587 3482 imaginem
1605 3383 1816 3477 Salvatoris‚
1834 3404 1919 3479 quae
1938 3405 2008 3460 vo·

836 3511 942 3582 catur
959 3505 1137 3580 veronica
1157 3526 1179 3579 a
1197 3503 1269 3578 lilia
1287 3503 1510 3580 Constantini
1527 3510 1595 3578 etc.
1614 3505 1657 3578 Et
1677 3503 1781 3598 dicit;
1798 3505 1859 3580 cte
1877 3525 1951 3580 non
1975 3510 2006 3580 si

836 3629 951 3717 rozio,
977 3624 1124 3720 scilicet,
1150 3624 1289 3699 visione
1322 3623 1428 3718 illius,
1461 3643 1522 3697 mo
1555 3626 1628 3698 dtce
1664 3627 1723 3698 net
1753 3627 1908 3717 penum,
1934 3625 2007 3700 sci·

838 3747 931 3840 licet,
957 3746 994 3819 in
1020 3752 1144 3821 mente
1173 3765 1252 3839 sua,
1275 3741 1389 3837 fincte*
1419 3747 1453 3818 st
1483 3751 1637 3818 mostra.-
1662 3748 1793 3837 Sipnor
1818 3748 1888 3820 mio
1906 3742 2006 3834 ,sest

840 3869 966 3957 cristo,
992 3868 1061 3939 Dio
1093 3885 1230 3956 mace,
1262 3885 1306 3938 nr
1332 3867 1372 3960 su
1396 3856 1426 3939 sl
1448 3867 1540 3958 sotto
1565 3866 1601 3938 lo
1629 3865 1834 3941 rememora
1860 3873 2007 3942 ambo?

838 3985 941 4080 idest,
965 4007 1013 4060 an
1039 3984 1118 4059 talis
1142 3985 1210 4060 luit
1236 3985 1357 4083 imago
1382 3991 1420 4060 et
1445 3983 1555 4060 iacias
1581 3990 1729 4060 vestra?
1754 3985 1797 4060 lit
1823 3993 1879 4061 est
1903 4007 2006 4062 com·

838 4107 978 4205 paralio
995 4106 1141 4202 propria
1157 4106 1204 4182 de
1221 4105 1381 4204 imagine
1397 4105 1528 4183 Christi
1542 4101 1593 4200 (¹),
1611 4105 1717 4182 cuius
1733 4107 1873 4183 visione
1893 4107 2006 4181 homo

839 4229 1003 4323 repletur
1027 4226 1149 4302 latitia
1167 4233 1205 4302 et
1221 4234 1371 4322 stupore
1392 4226 1438 4301 ad
1458 4226 1587 4302 laniem
1607 4226 1798 4302 ardentem
1818 4223 2006 4318 Bernardi,

838 4369 912 4444 qua
937 4367 1012 4423 non
1037 4346 1238 4423 satiabatur
1263 4347 1363 4421 visus
1390 4345 1542 4421 autoris.
1556 4385 1606 4400 -
1622 4348 1781 4438 liptinot.
1807 4345 1872 4420 llic
1897 4352 2007 4422 autor

839 4469 944 4565 ponit
963 4467 1253 4545 exhortationem
1271 4467 1446 4544 bernardi
1473 4467 1519 4543 ad
1545 4487 1585 4544 se
1611 4472 1652 4542 ut
1677 4467 1794 4565 erigat
1816 4467 1936 4541 visum
1961 4466 2007 4541 ad

837 4587 1043 4686 superiora3
1069 4586 1167 4664 unde
1191 4587 1296 4663 dicit:
1317 4589 1409 4681 apti,
1425 4587 1561 4664 scilicet
1578 4587 1798 4682 bernardus,
1824 4579 2004 4682 aaronem,
2042 4590 2047 4598 '

727 4811 733 4820 ι
839 4712 977 4808 supple,
998 4711 1120 4787 dicere
1140 4709 1249 4784 mibi:
1276 4733 1297 4784 o
1319 4713 1458 4804 poliunt
1481 4711 1520 4783 di
1541 4712 1685 4802 prosto,
1712 4707 1814 4802 idest,
1832 4729 1856 4782 o
1873 4708 2006 4783 nantes

903 4969 930 5034 (¹)
947 4970 977 5021 li.
993 4969 1054 5021 lesu
1069 4970 1170 5022 Chrisll.
