4842 6642
803 846 873 912 520
1192 857 1397 914 contumuit
1421 857 1587 912 unumst
1657 870 1659 874 ·

799 1003 863 1078 ilic
888 1010 998 1078 autor
1024 1001 1279 1098 complectitur
1305 1008 1342 1078 et
1367 999 1643 1098 comprehendit
1668 999 1845 1096 quidquid
1861 1006 1918 1075 est
1934 999 1970 1073 in

800 1128 877 1196 toto
901 1121 1075 1197 universo
1100 1121 1171 1197 sub
1195 1122 1345 1197 nomine
1370 1121 1582 1198 substantie
1600 1129 1639 1196 et
1658 1121 1866 1215 accidentis,
1885 1119 1971 1215 quia

798 1261 910 1317 omne
935 1240 1034 1336 quod
1063 1247 1130 1334 est,
1154 1247 1221 1315 aut
1252 1247 1308 1316 est
1337 1241 1536 1319 substantia
1562 1250 1628 1318 ant
1659 1240 1847 1335 accidens3
1873 1239 1972 1315 unde

798 1361 937 1436 dietum
963 1368 1037 1437 est:
1064 1381 1233 1435 summus
1252 1360 1474 1438 Aristoteles.
1496 1361 1587 1436 Dicit
1605 1380 1713 1458 ergo:
1735 1367 1773 1435 et
1794 1379 1864 1457 ego
1883 1360 1971 1454 vidi,

799 1487 987 1557 sustonzio
999 1490 1033 1556 et
1049 1485 1235 1573 condente,
1249 1481 1450 1558 substantia
1467 1481 1671 1578 appellatur
1688 1480 1776 1556 illud
1794 1501 1859 1556 ens
1871 1480 1972 1575 quod

799 1621 921 1698 perse
938 1601 1109 1697 subsistit,
1128 1602 1222 1677 siout
1238 1603 1348 1697 Deus,
1364 1603 1530 1700 angelus,
1544 1603 1666 1696 bomo,
1684 1622 1814 1698 equus,
1833 1604 1969 1698 planta,

799 1724 907 1819 lapis3
933 1722 1101 1799 accidens
1125 1743 1217 1798 vero
1247 1723 1452 1819 appellatur
1484 1722 1572 1799 illud
1601 1723 1700 1819 quod
1731 1743 1796 1819 per
1827 1743 1867 1799 se
1896 1743 1971 1798 non

798 1843 971 1937 subsistit,
997 1843 1095 1918 unde
1120 1843 1320 1919 accidentia
1344 1864 1417 1920 non
1435 1844 1648 1940 subtantia,
1665 1843 1865 1920 sedsolum
1888 1865 1969 1920 esse

798 1963 961 2058 ipsorum
988 1969 1044 2038 est
1068 1962 1106 2036 in
1130 1961 1332 2038 substantia
1357 1962 1434 2038 sive
1459 1962 1497 2038 in
1529 1963 1705 2056 subiecto,
1731 1962 1823 2037 siout
1849 1981 1968 2056 umor,

721 2069 726 2080 ’
798 2083 911 2175 color,
945 2102 1074 2175 sonus;
1101 2101 1185 2176 quoe
1215 2088 1366 2177 possunt
1399 2082 1528 2158 adesse
1540 2075 1578 2175 (¹)
1608 2089 1646 2158 et
1673 2083 1802 2158 abesse
1833 2087 1968 2177 preter

797 2201 951 2277 subiecti
975 2201 1261 2297 corruptionem,
1287 2205 1388 2276 etur
1412 2209 1575 2293 casune,
1595 2202 1698 2297 idest,
1719 2201 1969 2298 operationem

798 2329 836 2398 et
860 2321 960 2397 dicit:
988 2325 1069 2420 untd-
1085 2325 1226 2414 conflati
1243 2324 1396 2415 insieme,
1426 2322 1531 2416 quasi
1547 2322 1654 2417 dicat,
1672 2323 1709 2397 in
1736 2344 1809 2399 una
1835 2341 1969 2415 mussa,

797 2443 891 2519 sicut
908 2443 1024 2518 multa
1043 2444 1190 2519 metalla
1211 2443 1294 2518 lusa
1312 2442 1349 2518 in
1367 2464 1497 2538 unum,
1517 2463 1563 2519 er
1582 2441 1717 2538 quibus
1736 2442 1868 2518 debeat
1888 2441 1967 2518 lieri

802 2569 962 2657 moneta,
979 2564 1039 2640 vel
1059 2585 1249 2658 campana,
1267 2564 1326 2640 vel
1351 2563 1451 2638 aliud
1476 2584 1559 2659 vas3
1585 2569 1622 2640 et
1646 2570 1701 2639 est
1719 2563 1968 2660 propriissime

801 2685 1025 2780 metaphora.
1041 2684 1107 2761 llel
1131 2684 1231 2760 dicas
1255 2687 1395 2778 consinii
1419 2704 1486 2780 per
1507 2683 1657 2760 modum
1679 2683 1968 2796 exemplarium:

800 2812 838 2881 et
862 2805 966 2880 dicit:
994 2826 1061 2898 per
1086 2807 1137 2879 tol
1159 2807 1264 2878 modo
1289 2806 1349 2878 obe
1377 2800 1432 2878 ctd
1462 2806 1561 2879 ct'io
1591 2806 1670 2878 dico
1694 2800 1716 2879 e*
1737 2825 1786 2878 uu
1810 2807 1970 2898 sempb'oe
2108 2831 2112 2842 ·

798 2928 901 3018 tome,
930 2924 1017 3018 quia
1044 2923 1179 3000 scilicet
1195 2922 1420 3020 comparatio
1440 2944 1514 2999 non
1534 2922 1631 2998 cadit
1656 2924 1693 2998 in
1718 2924 1806 3018 Deo,
1825 2925 1891 3020 qui
1915 2929 1973 2999 est

797 3067 914 3142 purus
930 3052 1036 3120 actus
1055 3051 1094 3120 et
1110 3044 1395 3140 simplicissimus
1411 3044 1626 3120 intellectus.
1645 3044 1689 3119 itt
1706 3044 1845 3121 subdit:
1863 3046 1970 3119 medo

797 3167 897 3240 ot'io
922 3168 994 3240 otdt
1017 3168 1054 3238 la
1076 3168 1198 3259 forma
1223 3167 1404 3240 moerent
1425 3167 1464 3238 di
1488 3171 1605 3257 questo
1629 3168 1739 3257 nodo,
1757 3165 1859 3259 idest,
1878 3164 1970 3262 liga-

799 3285 925 3381 minis3
951 3285 1057 3379 quasi
1082 3285 1190 3379 dicat,
1215 3285 1334 3361 ideam
1363 3285 1523 3361 universi
1549 3305 1633 3379 quae
1663 3293 1719 3361 est
1754 3285 1790 3359 in
1823 3292 1972 3382 pectore

798 3405 875 3499 Ilei,
896 3405 990 3481 siout
1016 3405 1223 3501 expositum
1249 3413 1305 3482 est
1329 3405 1509 3502 superiori
1534 3406 1694 3502 capitulo
1720 3406 1829 3480 buius
1854 3407 1969 3482 Para-

797 3524 883 3600 disi:
909 3532 947 3601 et
972 3525 1058 3602 dicit
1081 3525 1301 3602 dubitative:
1327 3527 1447 3616 medo,
1472 3525 1559 3620 quie
1587 3525 1696 3600 oculo
1722 3526 1868 3601 mortali
1895 3547 1968 3602 non

798 3646 1012 3723 conceditur
1036 3647 1117 3722 talis
1141 3646 1243 3722 visio.
1265 3647 1309 3721 ut
1321 3645 1481 3722 ostendit
1497 3645 1655 3739 qualiter
1672 3645 1810 3740 credat,
1827 3645 1969 3722 dicens:

796 3769 960 3860 perct'io
985 3772 1035 3843 mi
1057 3772 1153 3842 sento
1178 3769 1277 3842 eb'io
1301 3769 1395 3860 podo
1417 3762 1479 3860 piri
1503 3769 1541 3840 di
1565 3769 1683 3857 lorpo,
1705 3765 1807 3859 idest,
1835 3765 1970 3862 recipio

799 3886 995 3985 largiorem
1025 3887 1186 3964 laetitiam
1212 3888 1250 3962 in
1275 3887 1410 3981 auimo,
1428 3887 1574 3960 ubendo
1598 3894 1729 3978 questo
1755 3885 1858 3981 idest,
1885 3907 1970 3982 pro-

799 4007 954 4103 palando
967 4008 1063 4084 istud
1077 4008 1283 4102 modicum3
1302 4008 1362 4084 vel
1378 4006 1437 4082 dic
1454 4013 1492 4082 et
1510 4007 1660 4084 melius:
1679 4003 1807 4099 percle*
1825 4009 1971 4082 diceudo

799 4134 917 4218 questo
936 4124 1000 4220 pu
1024 4131 1063 4203 di
1086 4131 1205 4219 torno,
1230 4127 1332 4222 idest,
1359 4125 1544 4221 loquendo
1572 4132 1696 4202 tamen
1711 4117 1748 4218 (¹)
1780 4127 1831 4202 sic
1856 4128 1971 4226 large,

799 4265 874 4320 non
898 4245 1158 4343 obstringendo
1183 4264 1245 4321 me
1270 4245 1317 4321 nd
1342 4245 1503 4320 strictius
1526 4244 1639 4338 loqui,
1666 4244 1812 4342 gaudeo
1836 4245 1874 4321 in
1899 4265 1971 4340 me,

799 4365 904 4460 quasi
934 4366 1046 4442 dicat:
1080 4386 1154 4441 non
1182 4386 1332 4462 possum
1365 4385 1426 4440 me
1457 4365 1636 4441 reducere
1667 4366 1715 4439 ad
1744 4365 1971 4460 loquendum

799 4483 979 4580 strictius3
1008 4490 1045 4562 et
1079 4485 1147 4560 ista
1181 4491 1238 4560 est
1270 4484 1395 4560 verior
1432 4483 1552 4578 litera,
1587 4491 1625 4560 et
1659 4485 1777 4581 magis
1810 4485 1974 4562 adheret

800 4605 914 4680 menti
931 4603 1073 4680 autoris
1082 4595 1250 4698 (³).-Utt
1264 4612 1383 4697 puoto
1397 4603 1462 4680 ilic
1474 4611 1585 4680 autor
1601 4611 1753 4681 excusat
1770 4625 1810 4682 se
1827 4606 1875 4681 ab
1891 4625 1972 4680 am·

801 4725 905 4819 pliori
929 4723 1170 4820 descriptione
1194 4723 1305 4798 buius
1324 4723 1539 4798 universalis
1564 4723 1694 4798 iormae
1712 4725 1789 4800 sive
1806 4723 1917 4818 ideae3
1937 4730 1973 4800 et

863 4985 931 5050 (¹lS.
949 4988 1158 5039 metaneae.
1237 4983 1265 5049 (¹)
1282 4942 1440 5038 testantem.
1522 4985 1549 5049 (⁸)
1566 4985 1597 5037 E.
1611 4985 1711 5038 autoris
1725 4985 1913 5036 nostrl-Uo.
1974 4993 1982 5011 ·
