4842 6642
792 793 861 861 tel
1180 801 1385 876 mummuli
1409 803 1578 859 omnum

787 950 923 1030 scilieet
948 946 1097 1045 quando
1122 946 1219 1023 cadit
1243 947 1281 1021 in
1304 946 1454 1045 aliquod
1479 946 1722 1041 intortunium
1742 966 1830 1026 eum
1844 965 1964 1041 prava

788 1052 973 1164 societate,
984 1068 1072 1163 quia
1085 1068 1206 1143 statim
1222 1067 1386 1143 ereditur
1399 1068 1569 1143 conscius
1579 1068 1710 1164 culpe,
1724 1066 1852 1162 imme,
1864 1066 1965 1160 quod

788 1196 843 1267 est
867 1190 1030 1289 gravius,
1046 1208 1146 1285 saepe
1171 1194 1247 1261 tota
1266 1188 1374 1285 culpa
1401 1194 1642 1283 retorquetur
1661 1187 1700 1263 in
1718 1188 1857 1284 ipsum3
1874 1187 1964 1283 quia

789 1310 910 1389 statim
944 1309 1095 1384 dieitur:
1132 1308 1194 1382 ubi
1228 1314 1310 1383 erat
1337 1307 1532 1386 eonsilium
1565 1308 1690 1407 magni
1720 1313 1865 1405 meat
1896 1329 1965 1385 nec

789 1430 1019 1509 considerant
1044 1430 1254 1526 ignorantes
1278 1449 1391 1523 quam
1418 1428 1565 1503 difficile
1593 1435 1650 1504 est
1679 1448 1813 1529 regere
1837 1429 1964 1521 multi-

791 1553 953 1629 tudinem
993 1550 1200 1647 imperitam
1233 1556 1271 1625 et
1298 1548 1644 1645 indisciplinabilem.
1676 1550 1768 1625 Dicit
1797 1571 1908 1649 ergo:
1933 1557 1968 1627 s

789 1676 868 1766 puel
881 1675 942 1746 ote
952 1667 1016 1767 ptri
1032 1660 1230 1761 ttprnoerd
1249 1673 1281 1743 te
1298 1673 1421 1765 spelte,
1447 1676 1485 1745 et
1510 1669 1617 1745 saciet
1643 1676 1681 1745 te
1702 1670 1820 1767 magu
1844 1672 1962 1767 impa-

789 1793 940 1869 tientem
966 1792 1135 1885 fortunas,
1154 1783 1244 1865 sord
1268 1794 1306 1864 ta
1324 1792 1537 1883 oompopnia
1556 1793 1738 1883 mutuom
1758 1812 1779 1865 e
1796 1795 1964 1885 smmpto,

788 1914 951 2014 loquitur
976 1913 1022 1987 do
1048 1912 1213 2005 Circulis,
1229 1932 1296 1985 oon
1312 1914 1350 1985 lo
1371 1914 1456 2002 quot
1471 1918 1507 1985 tu
1522 1914 1652 1985 oodrot’
1665 1915 1703 1985 in
1719 1918 1841 2007 questu
1857 1916 1963 2004 odie,
1995 1982 1998 1985 ,

788 2034 924 2133 seilicet
948 2033 1045 2108 exilii
1070 2040 1108 2108 et
1134 2032 1302 2107 miseriae·
1328 2030 1383 2106 bd
1407 2032 1508 2126 quod
1532 2016 1736 2129 sciendum,
1765 2034 1868 2129 quod
1896 2035 1964 2109 dn·

791 2155 912 2231 minus
935 2152 1067 2228 Verius
1082 2146 1118 2245 (¹)
1144 2152 1191 2227 de
1215 2151 1352 2246 Circlis,
1377 2151 1424 2227 de
1455 2174 1532 2249 quo
1563 2152 1701 2227 dietum
1727 2160 1795 2249 est,
1821 2154 1888 2245 luit
1913 2155 1966 2246 ita

790 2284 996 2377 protervus,
1024 2274 1181 2349 rusticus
1206 2279 1244 2348 et
1268 2273 1423 2369 simper,
1455 2272 1555 2369 quod
1585 2273 1744 2350 instante
1775 2296 1868 2371 papa
1893 2277 1968 2351 Bo-

792 2396 933 2489 nifatio,
959 2394 1059 2491 quod
1093 2395 1169 2491 ipse
1201 2392 1339 2469 laceret
1370 2414 1500 2491 paoem
1535 2414 1623 2468 eum
1648 2393 1798 2470 domino
1823 2396 1966 2490 Curate,

794 2514 979 2611 respondit
1012 2521 1251 2611 arroganter:
1282 2514 1416 2589 Sancte
1447 2514 1567 2610 Pater,
1596 2514 1645 2591 ad
1677 2514 1767 2609 quid
1800 2514 1968 2606 detipetis

793 2656 854 2711 me
866 2636 949 2711 hie?
963 2656 1055 2731 rogo
1072 2656 1149 2730 vos,
1163 2634 1367 2730 permittite
1380 2654 1442 2709 me
1458 2634 1580 2709 redire
1596 2634 1634 2709 in
1654 2636 1812 2731 patriam
1830 2656 1965 2713 meam.

793 2755 859 2832 Cui
885 2754 1091 2831 Bonilacius
1113 2755 1325 2853 ,indignatus
1351 2756 1554 2850 respondit:
1574 2756 1617 2829 Et
1633 2756 1716 2851 quis
1741 2764 1779 2833 te
1802 2757 1967 2835 detinet?

795 2879 892 2955 unde
912 2878 989 2974 ipse
1007 2868 1165 2951 recessit.
1185 2875 1257 2949 Sed
1274 2876 1446 2952 dominus
1462 2877 1614 2951 (tursius
1631 2876 1800 2975 sagaoior
1818 2898 1968 2956 reman-

794 3000 839 3074 sit
864 2999 1017 3093 supplex
1043 3005 1081 3073 et
1106 2997 1407 3073 venerabundus:
1424 3018 1472 3072 ex
1493 3018 1570 3092 quo
1593 2997 1702 3073 datus
1720 3005 1778 3075 est
1792 2998 1886 3075 ordo
1901 2998 1968 3075 de-

794 3118 983 3207 structioni
1009 3118 1227 3213 Circlorum,
1252 3118 1347 3193 sicut
1366 3118 1445 3215 iam
1475 3116 1615 3193 dietum
1641 3122 1708 3194 est.
1735 3118 1838 3195 Unde
1861 3120 1967 3197 dicit:

793 3244 853 3315 cte
886 3246 971 3315 tuta
1003 3241 1161 3331 iopam,
1196 3238 1283 3333 quia
1319 3260 1392 3313 non
1428 3240 1716 3337 reoognosoebat
1747 3240 1968 3331 beneficium

794 3370 902 3435 tuum
928 3361 965 3435 in
990 3358 1215 3435 oonsulendo
1239 3365 1277 3434 et
1302 3358 1485 3456 vigilando
1503 3380 1573 3455 pre
1597 3360 1695 3434 bono
1718 3366 1818 3435 statu
1845 3360 1969 3456 reipu-

795 3482 898 3559 blicae
923 3481 1129 3575 Florentiae,
1154 3486 1241 3553 tutto
1272 3487 1382 3553 motta
1405 3483 1451 3555 ed
1473 3483 1602 3573 empto,
1627 3480 1739 3557 stulte
1765 3482 1969 3559 deserendo

795 3601 986 3677 consilium
1014 3608 1122 3675 tuum
1149 3607 1185 3675 et
1211 3600 1323 3695 impie
1347 3599 1533 3676 reddendo
1561 3602 1781 3698 supplicium
1811 3605 1879 3699 pr'o
1903 3603 1970 3677 be-

797 3721 936 3797 aeficio.
963 3721 1083 3818 Aliqui
1108 3722 1233 3798 dicunt
1267 3722 1367 3817 quod
1399 3722 1504 3796 multi
1534 3722 1802 3800 interficientur
1830 3744 1877 3799 ex
1902 3724 1969 3818 eis,

795 3843 859 3919 sed
884 3864 957 3917 non
982 3842 1167 3918 invenitur
1192 3864 1338 3919 rerum.
1365 3842 1409 3917 Et
1433 3842 1557 3917 subdit
1580 3845 1680 3937 quod
1699 3846 1772 3921 cito
1791 3853 1969 3941 sequent

796 3963 952 4039 vindicta
977 3964 1024 4039 de
1049 3966 1138 4057 b0c;
1165 3963 1264 4038 unde
1286 3962 1391 4038 dicit:
1410 3984 1470 4037 mo
1483 3984 1575 4055 poen
1591 3986 1776 4059 oppresso,
1792 3966 1882 4062 qttia
1898 3966 1970 4041 sei·

795 4086 878 4161 ticet
903 4083 1011 4161 tertio
1035 4104 1132 4159 anno
1158 4105 1181 4158 a
1207 4086 1474 4179 praesentialis
1493 4078 1631 4159 n’ourd
1651 4107 1759 4161 rosso
1774 4090 1812 4161 to
1827 4092 1969 4181 erupto,

796 4204 883 4300 quia
915 4204 1139 4297 destruetur,
1170 4211 1209 4278 et
1238 4205 1315 4279 luet
1346 4226 1473 4299 poenas
1502 4204 1642 4302 dignas,
1671 4227 1746 4281 non
1782 4214 1833 4301 tu,
1864 4209 1971 4302 quasi

795 4325 910 4401 dicat:
938 4325 1021 4399 licet
1046 4332 1087 4397 tu
1112 4324 1269 4420 pellaris,
1290 4324 1385 4399 sicut
1404 4324 1640 4421 jamdictum
1659 4332 1726 4421 est,
1745 4333 1876 4405 umen.
1891 4350 1972 4405 me-

796 4446 866 4521 lius
891 4450 928 4521 et
953 4444 1201 4520 honorabilius
1227 4446 1474 4541 pertransibis.
1488 4450 1600 4521 -Di
1625 4468 1703 4521 suu.
1733 4448 1799 4524 llio
1824 4450 1972 4527 moon-

795 4566 905 4664 guida
932 4566 1082 4641 damnat
1107 4566 1313 4642 fatuitatem
1337 4567 1555 4661 circionum,
1575 4574 1614 4643 et
1626 4569 1802 4664 justificat
1822 4572 1971 4649 eleetie-

798 4706 881 4761 nem
900 4686 1051 4782 autoris,
1069 4686 1213 4761 dicens:
1231 4690 1266 4761 ll
1278 4708 1343 4763 suo
1354 4709 1523 4781 proeesse
1536 4678 1625 4783 sard
1641 4692 1678 4763 ta
1694 4710 1836 4783 pratove
1853 4694 1892 4766 dt
1904 4712 1973 4767 suo

862 4948 891 5015 (¹)
906 4950 937 5002 Ε.
955 4948 1049 5002 Nerius
1064 4951 1096 5003 de
1111 4950 1230 5003 Cirenlis.
