4842 6642
843 842 919 911 384
1239 854 1441 911 counuruu
1466 853 1632 907 emaum

849 1000 1002 1097 limbum
1030 1000 1091 1073 ubi
1119 1007 1200 1074 erat
1215 998 1386 1096 Virgilius
1403 998 1500 1073 inter
1516 998 1614 1073 viros
1630 998 1802 1092 illustres,
1822 1007 1860 1075 et
1882 999 2026 1073 monuit

850 1139 938 1194 eum
965 1119 1019 1194 ire
1044 1119 1081 1192 in
1106 1139 1326 1193 succursum
1357 1118 1494 1211 Danbs,
1520 1118 1616 1192 sicut
1648 1119 1806 1214 positum
1844 1127 1882 1194 et
1913 1140 2027 1215 expo-

851 1240 960 1315 situm
993 1248 1049 1315 est
1079 1240 1242 1315 secundo
1273 1238 1432 1335 capitulo
1465 1238 1609 1313 interni.
1643 1240 1689 1314 ut
1718 1240 1840 1315 subdit
1871 1262 2027 1336 compu-

849 1361 1024 1435 tationem
1049 1380 1235 1435 annorum
1263 1360 1348 1434 vitae
1371 1380 1461 1434 suae.
1489 1360 1578 1463 Vide
1604 1380 1696 1456 crgo
1727 1360 1756 1435 si
1786 1361 1873 1435 anni
1898 1362 2025 1455 Adam,

849 1482 1007 1557 Lamech
1033 1488 1069 1557 et
1095 1481 1226 1556 talium
1252 1488 1338 1555 sunt
1362 1481 1449 1555 anni
1474 1482 1623 1575 solares,
1649 1482 1853 1557 secundum
1886 1483 2025 1557 Macro·

850 1602 952 1677 bium
982 1608 1020 1677 et
1048 1601 1309 1698 Augustinum.
1336 1603 1380 1675 Et
1409 1601 1468 1676 bic
1499 1609 1584 1676 nota
1614 1601 1714 1695 quud
1743 1603 1918 1677 vixerunt
1947 1609 2022 1677 tam

849 1724 924 1817 diu,
952 1730 987 1797 et
1013 1722 1112 1817 quod
1140 1721 1303 1817 loquitur
1328 1722 1375 1797 de
1401 1743 1625 1815 vernando,
1650 1722 1791 1798 dicens:
1816 1727 1932 1797 nvidi
1961 1726 2021 1816 tui,

851 1842 997 1936 scilicet,
1028 1844 1155 1937 solem,
1190 1849 1320 1945 tamar
1347 1863 1372 1914 n
1400 1846 1477 1916 tutti
1507 1848 1522 1916 t
1551 1847 1636 1917 tund
1663 1846 1756 1917 detto
1786 1864 1854 1918 rna
1880 1847 2022 1936 strada,
2176 1838 2187 1859 '

851 1963 954 2056 idest,
981 1982 1201 2057 percurrere
1226 1962 1350 2039 omnia
1375 1962 1568 2039 duodecim
1595 1962 1697 2059 signa
1727 1963 1865 2039 zodiaci
1894 1964 2024 2039 circuti

851 2084 1001 2178 obliqui,
1015 2084 1150 2177 dequo
1168 2083 1366 2179 saepissime
1382 2084 1516 2159 dicitur
1532 2085 1569 2157 in
1588 2084 1692 2176 libro,
1710 2093 1747 2160 et
1763 2085 1910 2181 proprie
1927 2085 2026 2159 Pur-

851 2204 982 2303 gatorii
1008 2204 1179 2300 capitulo,
1206 2203 1270 2277 ubi
1295 2204 1397 2279 dicit:
1423 2207 1483 2279 cin
1501 2228 1543 2278 se
1567 2208 1605 2279 tc
1627 2209 1754 2279 strada
1771 2210 1828 2280 lor
1842 2226 1914 2279 non
1929 2210 2026 2300 fosse

853 2332 947 2399 torta
971 2331 1157 2397 nocerento
1182 2330 1297 2397 trenta
1317 2326 1402 2417 fiete
1425 2333 1557 2398 mentre
1581 2328 1676 2399 cit'io
1697 2328 1823 2418 [nnnti
1846 2329 1885 2399 in
1910 2333 2024 2415 terra,

756 2544 759 2547 Ι
853 2445 955 2538 idest,
983 2444 1032 2518 sui
1061 2444 1161 2533 mibi,
1187 2444 1286 2538 quod
1310 2451 1365 2519 ert
1393 2444 1541 2521 dicere:
1573 2453 1610 2521 et
1638 2446 1712 2521 vixi
1739 2446 1776 2520 in
1800 2452 1900 2521 terra
1932 2466 2025 2522 nou-

851 2566 971 2662 gontis
1004 2564 1152 2661 triginta
1185 2564 1313 2658 annis;
1342 2566 1459 2639 etsie
1492 2567 1766 2661 computatione
1798 2565 1892 2642 iacta
1921 2567 2023 2657 cotii-

851 2693 994 2783 guntur
1018 2685 1104 2759 anni
1131 2690 1199 2760 etc.
1226 2686 1270 2759 Et
1290 2684 1349 2760 bic
1365 2693 1451 2761 nota
1471 2686 1570 2780 quod
1587 2687 1681 2762 bene
1697 2686 1813 2761 Adam
1830 2694 2021 2781 tamquam

850 2806 972 2881 senior
998 2806 1250 2903 interrogatur
1274 2815 1312 2881 et
1338 2806 1532 2901 respondet
1555 2805 1603 2881 de
1626 2807 1732 2880 annis
1764 2805 1900 2879 mundi.
1926 2806 2023 2881 Nota
2052 2791 2067 2847 ¹¹*

850 2926 960 3001 etiam
986 2926 1084 3019 quod
1113 2925 1250 3001 bebraei
1276 2926 1382 3001 aiitcr
1401 2931 1528 3001 tenent
1543 2926 1591 3001 dc
1610 2926 1715 3000 annis
1735 2932 1803 3001 etc.
1817 2965 1867 2979 -
1879 2931 1932 2999 Lu
1951 2930 2021 3001 tirr-

845 3068 931 3137 pua.
958 3046 1022 3121 Hic
1047 3046 1163 3120 Adam
1193 3046 1387 3142 respondet
1412 3052 1555 3140 quartae
1580 3047 1741 3142 petitioni
1771 3047 1817 3122 de
1849 3046 2021 3124 idiomate

849 3187 926 3262 quo
959 3187 1047 3247 usus
1080 3165 1158 3259 init,
1190 3166 1332 3242 dicens:
1363 3171 1415 3239 La
1443 3169 1566 3258 &pun
1593 3169 1693 3241 ct'io
1716 3170 1906 3261 partuifu
1935 3174 2019 3243 dcun

848 3294 984 3381 menta,
1009 3286 1112 3380 idest,
1137 3286 1175 3361 in
1201 3292 1319 3361 totum
1352 3286 1503 3383 perdita,
1528 3291 1677 3363 innanzi
1706 3291 1768 3362 cite
1796 3291 1833 3361 ia
1861 3298 1962 3379 pente
1984 3294 2023 3364 di

848 3407 1047 3481 -Nernbrotte
1072 3406 1166 3500 fosse
1190 3414 1321 3482 utnnta
1344 3410 1511 3502 altoprn
1542 3410 1823 3500 cummanum,
1848 3410 1940 3486 idest
1965 3412 2021 3485 in-

847 3528 1079 3620 terminabili,
1098 3530 1201 3622 quasi
1228 3528 1339 3603 dicat:
1361 3535 1448 3605 ante
1471 3530 1745 3606 aedificationem
1767 3532 1881 3605 turris
1898 3532 2020 3624 Babel,

846 3648 955 3723 cuius
979 3648 1180 3723 Nembrotb
1210 3648 1313 3747 gigas
1343 3650 1411 3725 tuit
1442 3657 1564 3744 autor,
1591 3650 1654 3725 ubi
1684 3652 1779 3727 facia
1809 3658 1865 3727 eet
1893 3651 2021 3726 divisio

850 3770 1059 3866 linguarum
1076 3770 1113 3843 in
1125 3768 1375 3845 contusionem
1390 3771 1583 3865 superbie,
1595 3772 1691 3846 sicut
1704 3772 1820 3867 patuit
1836 3772 1873 3845 in
1888 3773 2020 3848 luterni

850 3896 888 3967 et
912 3890 1119 3985 Purgatorii
1144 3890 1304 3966 canticis.
1329 3891 1374 3965 ut
1398 3891 1559 3987 assignat
1587 3913 1737 3967 causam
1763 3894 1820 3967 sui
1844 3894 1942 3987 dicti,
1965 3894 2021 3968 di·

850 4028 960 4085 cens:
986 4006 1048 4084 one*
1073 4014 1169 4085 nnlto
1202 4016 1314 4104 caeno
1342 4012 1701 4108 renuntiauerant,
1727 4014 1883 4088 bominis
1909 4014 2020 4090 ratio-

851 4129 1017 4223 nalis,fu
1046 4150 1182 4223 sumpno
1212 4135 1286 4205 mai
1313 4133 1485 4224 durabile,
1516 4154 1582 4225 per
1610 4135 1645 4206 to
1669 4136 1795 4227 piaccr
1823 4156 1931 4209 nnun
1953 4138 2020 4209 nde

848 4252 1060 4342 rinnooeitu,
1078 4250 1180 4345 idest,
1199 4259 1419 4346 renovatum
1438 4252 1551 4327 rerba
1568 4252 1666 4327 enim
1684 4259 1909 4329 renovantur
1925 4256 2020 4329 sicut

849 4369 932 4445 tolia
958 4370 1148 4466 arborum,
1171 4378 1211 4445 ut
1236 4373 1288 4445 ait
1311 4372 1484 4448 Horatius
1509 4374 1546 4446 in
1569 4394 1638 4449 sun
1654 4376 1806 4470 poetria,
1824 4374 1889 4449 ibi:
1910 4378 2018 4450 natta

847 4498 1075 4565 renascentur
1100 4498 1189 4584 etc.;
1216 4498 1254 4567 et
1276 4492 1380 4567 dicit:
1405 4495 1582 4585 renuardo
1605 4498 1633 4567 n
1654 4497 1750 4588 delo,
1776 4494 1863 4590 quia
1886 4495 2017 4590 placita

849 4608 1038 4684 bominum
1058 4631 1203 4707 semper
1220 4612 1360 4686 suntin
1378 4620 1495 4709 motu,
1511 4614 1616 4689 sicuti
1630 4615 1779 4708 coeium,
1794 4614 2018 4690 veldercen·

849 4727 941 4803 dunt
957 4730 1003 4803 ab
1021 4731 1215 4807 induendis
1231 4733 1327 4828 coeii,
1340 4739 1378 4808 et
1394 4733 1473 4809 iilos
1489 4741 1707 4829 sequuntur.
1721 4736 1765 4809 ut
1781 4736 1904 4811 subdit
1919 4736 2018 4831 quod
2082 4817 2087 4824 ,

851 4868 874 4922 a
893 4856 1031 4923 natura
1057 4851 1167 4926 bomo
1193 4853 1303 4927 babet
1327 4852 1427 4947 quud
1452 4855 1638 4949 loquatur,
1655 4855 1720 4930 sed
1739 4855 1839 4950 quud
1857 4855 1964 4934 aliter
1974 4864 2019 4931 -et

852 4967 969 5062 aliter,
995 4969 1065 5048 boc
1089 4971 1217 5049 estad
1241 4972 1425 5068 placitum.
1453 4974 1555 5053 Unde
1574 4976 1664 5063 dicit
1676 4980 1869 5064 enimcum
1881 4980 2019 5070 sunnin
