4842 6642
787 878 924 933 caurus
951 880 1141 935 vmnsmus
1165 881 1311 933 snmus.
1559 865 1630 934 373

460 1029 498 1097 et
522 1022 626 1097 dicit:
654 1027 692 1097 ut
714 1044 778 1097 suo
798 1028 953 1115 plorare,
982 1025 1129 1118 scilicet,
1156 1024 1267 1119 ipsius
1297 1023 1482 1116 Beatricis,
1508 1026 1569 1097 cte
1590 1028 1632 1117 su

459 1150 619 1218 ooucntu
636 1152 754 1237 questu
769 1150 877 1236 corte,
892 1144 979 1239 quia
997 1144 1116 1219 omnis
1133 1146 1263 1219 beatus
1281 1150 1515 1219 contentatur
1532 1151 1632 1219 sorte

459 1283 539 1359 sua,
553 1270 595 1337 ut
612 1264 743 1339 totiens
759 1264 896 1339 dictum
916 1273 981 1359 est,
996 1272 1029 1339 et
1044 1268 1151 1358 ababa
1167 1274 1199 1337 el
1218 1284 1355 1356 omega,
1377 1265 1479 1359 idest,
1496 1263 1632 1359 princi·

458 1384 560 1479 pium
587 1391 625 1460 et
646 1383 736 1478 linis,
762 1388 799 1458 di
823 1392 955 1477 quantu
979 1388 1145 1458 scritturu
1164 1388 1210 1457 ml
1232 1389 1329 1476 leppe
1344 1405 1507 1457 umoreo
1527 1388 1632 1458 liene-

457 1513 568 1587 mcnte
592 1526 614 1579 o
636 1510 754 1601 sortc;
779 1506 886 1600 quasi
917 1506 1031 1580 dicat:
1059 1505 1177 1580 omnis
1212 1506 1393 1600 scriptura
1428 1506 1540 1580 tacitis
1573 1506 1631 1580 vel

458 1624 623 1719 difficilis,
648 1645 733 1720 quae
759 1632 891 1700 tractat
914 1626 961 1700 de
986 1645 1116 1700 amore
1138 1630 1175 1701 et
1201 1626 1366 1717 caritate,
1385 1625 1631 1720 principaliter
1680 1679 1685 1689 ι

460 1748 620 1841 prmclpit
645 1746 743 1841 quod
769 1746 916 1841 diligam
941 1747 1071 1840 lleum,
1090 1746 1153 1839 qui
1180 1752 1236 1821 est
1261 1744 1478 1840 principium
1497 1752 1533 1821 et
1551 1744 1631 1819 linis

458 1868 624 1943 omnium
651 1887 790 1942 rerum.
804 1906 855 1921 -
871 1869 1002 1955 (tuella.
1023 1854 1087 1939 llic
1107 1872 1217 1940 autor
1235 1865 1336 1960 ponit
1355 1864 1465 1938 aliam
1486 1864 1631 1959 petitio·

459 2008 543 2063 nem
570 1988 758 2063 fortiorem
784 1986 956 2061 lobannis
981 1986 1078 2061 circa
1104 1984 1309 2077 caritatem,
1328 1984 1390 2077 qui
1417 1984 1516 2078 petit,
1542 1983 1629 2077 qnid

457 2109 615 2185 moverit
634 2129 721 2184 eum
746 2108 792 2183 ad
818 2108 1018 2183 amandum
1037 2106 1338 2202 principalissima
1355 2104 1445 2178 illud
1462 2104 1630 2178 bonum?

456 2228 501 2302 Et
517 2228 638 2324 primo
655 2228 871 2302 continuans
887 2228 983 2302 dicta
1000 2226 1172 2319 dicendiS,
1190 2225 1295 2300 dicit:
1322 2224 1442 2313 Oualla
1455 2228 1630 2299 rnedermu

455 2370 549 2442 uoce,
578 2348 723 2442 scilicet,
749 2348 933 2441 lobannis,
960 2350 1020 2421 cte
1053 2350 1098 2419 m’
1111 2367 1201 2418 auec
1233 2348 1318 2417 totto
1344 2365 1464 2437 paura
1489 2346 1547 2417 del
1569 2366 1630 2417 su·

456 2470 524 2543 bilo
549 2469 791 2561 abburbuptio,
817 2468 918 2563 idest,
936 2466 1183 2542 offuscationis
1206 2465 1415 2559 oculorum,
1443 2472 1484 2539 nt
1508 2466 1629 2560 patuit

456 2590 579 2687 paullo
611 2611 733 2686 supra,
760 2610 872 2662 uncor
897 2592 945 2663 mi
969 2592 1053 2662 mise
1076 2591 1114 2661 in
1139 2608 1241 2681 cura,
1271 2587 1373 2680 idest,
1400 2586 1435 2659 in
1467 2585 1630 2661 solicitu-

456 2710 592 2803 dinem,
617 2713 655 2783 dt
683 2713 891 2802 ruplonure,
919 2708 1083 2784 iaciendo
1115 2707 1202 2781 mibi
1233 2700 1423 2782 fortiorem
1454 2706 1628 2799 quaestio·

459 2852 554 2907 nem.
574 2832 617 2904 Et
634 2830 754 2905 subdit
771 2831 885 2924 ipsam
904 2829 1156 2923 questionem,
1171 2828 1314 2902 dicens:
1332 2830 1475 2901 edisse.-
1492 2836 1587 2901 cerlo
1605 2832 1631 2901 ti

456 2956 618 3026 cucumae
642 2954 824 3026 scliurure
841 2947 940 3044 apid
959 2958 1108 3041 angusto
1125 2952 1258 3040 captio,
1276 2949 1378 3043 idest,
1396 2949 1628 3024 adstrictum

456 3073 634 3167 cribrum,
658 3073 760 3167 idest,
790 3072 837 3147 ad
867 3071 1065 3147 arctiorem
1096 3071 1337 3165 quaestionem
1368 3075 1406 3145 et
1440 3070 1629 3145 excussio·

457 3214 564 3287 nem3
601 3200 638 3268 et
671 3214 758 3269 ecce
787 3192 1048 3287 questionem:
1083 3194 1178 3264 dicer
1214 3183 1385 3264 coamenti
1419 3193 1473 3269 cti
1503 3184 1629 3270 drizzd

457 3316 480 3385 l'
493 3334 580 3386 orco
611 3320 682 3406 tuo,
711 3312 812 3407 idest,
842 3331 1011 3387 amorem
1045 3318 1164 3403 tuum,
1197 3312 1255 3386 vel
1289 3311 1458 3408 sagittam
1489 3312 1629 3385 amoris

458 3433 533 3526 tui;
561 3432 658 3507 unde
687 3432 804 3506 amori
836 3432 947 3507 datur
980 3452 1090 3505 arcus
1121 3452 1209 3507 curn
1236 3433 1386 3528 sagittis,
1415 3453 1440 3503 u
1470 3436 1521 3505 tul
1549 3434 1629 3505 der-

454 3554 581 3647 ruptio,
610 3552 712 3646 idest,
744 3553 790 3626 ad
825 3553 897 3628 tale
926 3553 1085 3649 signum,
1118 3552 1220 3647 idest,
1255 3574 1445 3627 summum
1476 3554 1627 3628 bonnm.

455 3673 499 3747 Et
524 3674 582 3747 hic
608 3679 693 3747 nota
719 3672 818 3767 quod
845 3674 1059 3768 metaphora
1077 3683 1133 3749 est
1152 3672 1401 3767 propriissime
1425 3672 1471 3747 ad
1493 3694 1628 3769 propo-

456 3794 590 3869 situm:
617 3793 711 3868 sicut
736 3794 833 3868 enim
861 3793 965 3866 multi
992 3794 1223 3889 sagittatores
1258 3792 1410 3866 tendunt
1436 3793 1483 3867 ad
1509 3814 1626 3867 unum

455 3914 612 4011 signum,
639 3920 676 3988 et
701 3920 825 3988 tamen
850 3912 956 4007 pauci
982 3913 1165 4009 attingunt
1190 3912 1296 4005 illud;
1323 3912 1373 3987 ita
1406 3933 1534 3989 omnes
1561 3915 1629 3988 ho·

457 4034 572 4109 mines
596 4033 751 4108 tendunt
783 4033 828 4107 ad
862 4053 1053 4107 summum
1085 4033 1237 4129 bonum,
1271 4032 1335 4108 sed
1365 4034 1471 4128 pauci
1497 4054 1627 4109 conse·

456 4163 634 4249 qunntur,
653 4154 739 4248 quia
757 4154 934 4229 falluntur
949 4153 1102 4229 diversis
1116 4153 1181 4227 viis
1203 4161 1271 4229 etc.
1285 4160 1392 4227 —Et
1405 4158 1452 4227 io.
1471 4155 1535 4229 Hic
1558 4176 1628 4229 an·

455 4283 514 4351 tor
531 4275 725 4371 respondet
743 4276 936 4369 propositae
956 4274 1159 4370 quaestioni,
1181 4280 1218 4349 et
1235 4275 1397 4350 breviter
1413 4275 1510 4370 dicit,
1526 4276 1628 4370 quod

455 4398 530 4472 dno
556 4404 642 4471 sunt
669 4386 878 4487 marimel¹l
906 4394 1099 4491 dirigentia
1124 4414 1291 4469 amorem
1318 4417 1430 4469 suum
1462 4397 1499 4470 in
1524 4419 1628 4470 sum-

456 4538 561 4591 mum
587 4516 738 4609 bonum,
764 4514 899 4589 scilicet
918 4514 1150 4610 probationes
1172 4516 1360 4592 naturales
1385 4523 1423 4592 et
1447 4516 1628 4592 autorita-

455 4646 509 4713 tes
533 4643 756 4712 sanctorum.
783 4633 874 4709 llicit
899 4654 1009 4731 ergo:
1032 4640 1076 4707 Et
1090 4637 1138 4727 io,
1156 4636 1295 4729 supple,
1316 4636 1496 4732 respondi,
1514 4641 1628 4711 rotule
1701 4667 1705 4674 ·

455 4782 572 4852 umor,
589 4758 735 4850 scilicet,
753 4756 888 4831 summi
921 4756 1019 4849 boni,
1036 4760 1180 4829 conclea
1201 4760 1261 4830 clte
1283 4760 1321 4831 tn
1336 4779 1391 4830 mc
1406 4760 1624 4852 dimprmd,

517 5016 545 5081 (¹)
560 5016 591 5067 E.
608 5015 718 5067 maxime
734 5028 851 5068 amorem
867 5028 944 5067 snum
960 5015 986 5065 in
1002 5028 1135 5066 summum
1154 5016 1251 5068 bouum
1266 5017 1439 5081 impellentes,
1456 5018 1564 5070 scilieet.
