4842 6642
829 747 900 813 166
1220 753 1425 809 couenruu
1448 753 1616 808 rannursr
1705 833 1708 840 .

834 899 1046 994 notioribus,
1072 899 1166 974 sicut
1190 898 1297 972 docet
1323 898 1556 994 pbilosopbus
1572 895 1610 970 in
1628 893 1805 991 principio
1831 894 2005 990 Physioo·

830 1043 936 1115 rum,
963 1028 1000 1096 et
1025 1020 1144 1116 primo
1169 1017 1331 1096 notificat
1363 1019 1436 1095 1616
1470 1015 1687 1114 principium
1720 1015 1758 1090 in
1789 1015 2002 1108 universali,

828 1141 959 1218 deinde
983 1138 1169 1216 descendit
1193 1139 1240 1214 ad
1267 1137 1513 1234 particularia,
1533 1137 1628 1212 sicut
1646 1135 1880 1233 philosophus
1897 1135 2004 1211 docet

830 1261 980 1356 ibidem3
1006 1267 1044 1336 et
1068 1259 1130 1334 dat
1155 1259 1379 1354 exemplum,
1401 1258 1488 1353 quia
1514 1257 1633 1354 primo
1660 1256 1829 1332 videmus
1856 1275 1938 1331 rem
1967 1254 2003 1327 in

829 1382 992 1476 contuso,
1010 1381 1104 1456 sicut
1130 1401 1242 1454 unam
1271 1379 1429 1476 liguram
1454 1380 1600 1476 pictam,
1618 1375 1749 1454 deinde
1775 1377 1813 1452 in
1842 1375 2003 1472 particu-

830 1503 897 1577 lari
920 1503 1087 1578 videmus
1111 1501 1345 1594 lineamenta,
1364 1501 1516 1575 umbras
1533 1507 1570 1575 et
1586 1499 1782 1595 plicaturas
1803 1497 1933 1574 vestis:
1954 1496 2002 1572 ita

831 1623 877 1697 ad
903 1621 1128 1718 propositum
1154 1627 1264 1695 autor
1289 1625 1413 1696 noster
1430 1619 1592 1696 declarat
1608 1619 1742 1694 dictam
1761 1616 1921 1693 sormam
1941 1637 2003 1692 ro-

831 1741 983 1816 tundam
1010 1740 1047 1814 16
1073 1739 1281 1835 universali,
1302 1740 1366 1816 sed
1391 1740 1429 1814 in
1454 1739 1620 1834 sequenti
1641 1739 1800 1835 capitulo
1826 1737 1863 1811 in
1889 1736 2003 1834 parti·

831 1861 947 1936 culari
973 1867 1017 1935 61
1041 1866 1149 1956 patet.
1176 1859 1270 1934 Dicit
1295 1879 1386 1956 crgo
1411 1867 1580 1956 repetens
1611 1859 1698 1935 illud
1731 1858 1829 1955 quod
1863 1862 2003 1933 tactum

832 1986 912 2056 erat
936 1981 982 2055 de
1008 2000 1110 2054 rosa:
1129 1984 1289 2072 Dunque,
1306 1979 1403 2054 istud
1422 1979 1533 2076 igitur
1560 2002 1633 2056 non
1658 1985 1713 2056 est
1738 1980 1797 2055 bic
1821 1977 2000 2054 illativum

834 2102 892 2178 vel
926 2100 1190 2192 conclusivum,
1223 2099 1286 2174 sed
1317 2099 1621 2195 continuativum,
1653 2104 1689 2174 16
1719 2103 1850 2176 arilina
1885 2104 2002 2192 sunto,

832 2221 976 2314 scilicet,
1008 2219 1160 2294 burnani
1190 2219 1348 2315 generis,
1379 2222 1439 2296 ulte
1471 2224 1583 2296 Crtsto
1614 2223 1688 2316 seco
1720 2241 1828 2314 sputu
1859 2222 2005 2294 661666

831 2361 976 2433 scopae,
1005 2337 1107 2433 idest,
1134 2360 1246 2433 quam
1274 2339 1439 2416 Cbristus
1471 2341 1627 2417 redemit
1651 2361 1721 2416 suo
1745 2339 1937 2436 sauguine,
1968 2345 2006 2414 et

832 2460 897 2535 sic.
912 2458 1050 2536 dotavit
1082 2479 1166 2534 eam
1199 2459 1297 2534 dono
1330 2479 1408 2534 suae
1442 2459 1582 2556 gratiae,
1613 2464 1722 2536 misi
1755 2466 1937 2534 autumo
1960 2461 2006 2532 ,16

830 2583 952 2674 formu
975 2581 1014 2653 di
1036 2581 1192 2654 condedo
1215 2599 1327 2674 roso,·
1354 2601 1427 2655 non
1452 2580 1631 2678 intelligas
1666 2581 1764 2675 quod
1790 2580 1851 2654 illa
1879 2577 2006 2652 militia

833 2707 958 2776 sancta
974 2699 1126 2774 baberet
1140 2697 1423 2796 1666666666,Ι
1437 2699 1607 2794 quiahoc
1620 2707 1717 2776 esset
1729 2699 1875 2794 salsum,
1889 2699 1952 2774 sed
1966 2693 2003 2790 (¹)

835 2821 873 2894 in
896 2821 1036 2896 lumine
1061 2821 1122 2895 illo
1147 2820 1330 2915 circulari,
1347 2820 1484 2896 scilicet
1503 2822 1598 2897 coelo
1616 2843 1805 2919 empyreo,
1824 2822 1922 2917 quod
1943 2822 2008 2896 ba·

836 2941 899 3016 bet
922 2941 1080 3016 formam
1107 2963 1211 3036 rosae,
1239 2942 1288 3016 116
1314 2941 1414 3036 quod
1439 2942 1589 3018 illudio
1614 2949 1717 3018 notat
1741 2942 1790 3018 ibi
1815 2943 2008 3019 continen-

838 3062 925 3136 tiam
944 3062 1112 3156 localem,
1125 3062 1174 3136 ita
1192 3061 1291 3156 quod
1309 3064 1389 3137 vult
1401 3062 1536 3158 dicere,
1554 3062 1654 3157 quod
1666 3063 1727 3139 1116
1741 3062 1868 3137 militia
1885 3069 2008 3138 osten·

837 3183 947 3258 debat
972 3203 1013 3258 se
1046 3183 1204 3258 locatam
1233 3183 1328 3257 intra
1358 3183 1458 3256 illam
1491 3183 1681 3258 candidam
1715 3203 1848 3260 rosam.
1875 3183 1920 3258 Et
1951 3182 2008 3258 bic

837 3308 922 3376 nota
948 3301 1048 3396 quod
1064 3308 1174 3377 autor
1192 3301 1371 3377 subtiliter
1389 3301 1561 3399 figurarit
1587 3301 1798 3399 paradisum
1817 3303 1862 3390 in
1887 3303 2007 3378 torma

837 3442 941 3515 rosae,
963 3421 1050 3517 quia
1076 3421 1136 3496 1116
1160 3422 1226 3496 lux
1252 3421 1373 3496 diviua
1397 3443 1482 3517 quae
1508 3422 1593 3498 iacit
1617 3423 1738 3520 ipsum
1763 3424 1901 3498 coelum
1928 3443 2008 3500 eru·

837 3561 992 3637 pyreum
1019 3541 1182 3637 procedit
1205 3541 1254 3616 ab
1279 3542 1357 3637 ipso
1382 3549 1518 3637 puncto
1549 3543 1626 3618 Deo
1657 3544 1721 3637 qui
1747 3550 1803 3619 est
1828 3543 1946 3618 trinus
1972 3551 2010 3620 et

838 3679 945 3736 unus.
966 3661 1060 3738 Rosa
1081 3683 1256 3757 namque,
1274 3661 1368 3737 sicut
1392 3681 1458 3758 per
1475 3681 1515 3738 se
1532 3668 1642 3758 patet,
1663 3662 1773 3738 babet
1798 3663 1835 3736 in
1860 3681 1901 3737 se
1926 3662 2008 3758 tria,

837 3782 984 3876 scilicet,
1006 3782 1259 3876 substantiam,
1277 3783 1454 3876 colorem,
1472 3782 1645 3878 odorem;
1664 3787 1701 3858 61
1718 3789 1844 3858 tamen
1861 3789 1916 3860 est
1936 3803 2010 3859 uua

836 3921 919 3975 rosa
945 3907 983 3976 et
1007 3923 1080 3976 non
1106 3903 1230 3998 plures
1255 3901 1398 3996 divisae;
1424 3901 1475 3976 116
1501 3901 1642 3977 trinitas
1677 3901 1862 3978 individua
1897 3904 2010 3979 babet

837 4019 941 4095 inse
966 4027 1041 4096 tres
1066 4042 1252 4117 personas,
1279 4027 1317 4096 61
1342 4027 1466 4096 tamen
1490 4029 1547 4096 est
1572 4022 1694 4096 solum
1721 4041 1794 4096 666
1824 4023 1940 4098 deitas
1971 4023 2008 4098 16

836 4140 1009 4234 essentia,
1035 4160 1126 4238 ergo
1152 4142 1247 4217 bene
1270 4140 1340 4216 ista
1365 4141 1429 4215 lux
1455 4147 1606 4218 estune
1630 4148 1667 4216 61
1693 4140 1798 4217 16166.
1819 4143 1923 4219 Unde
1939 4164 2009 4219 au-

837 4269 895 4336 tor
926 4261 1048 4358 paullo
1073 4261 1167 4336 inira
1191 4261 1296 4336 dicit:
1324 4283 1346 4334 o
1377 4265 1473 4336 otuu
1502 4265 1586 4337 1666.
1609 4303 1659 4318 -
1677 4267 1740 4338 lla
1769 4266 1912 4338 taltro.
1945 4265 2010 4340 Η16

835 4388 945 4456 autor
980 4381 1149 4458 describit
1182 4388 1309 4457 actum
1346 4381 1423 4457 sive
1458 4382 1664 4458 exercitum
1693 4385 1940 4481 angelorum:
1974 4392 2012 4463 et

836 4501 993 4576 ostendit
1014 4521 1083 4598 per
1108 4523 1223 4578 unam
1249 4502 1563 4597 comparationem
1588 4505 1850 4599 pulcerrimam
1879 4510 1916 4581 et
1943 4527 2010 4583 no-

837 4621 1048 4697 bilissimam
1075 4628 1259 4719 sumptam
1286 4622 1334 4698 ab
1358 4621 1499 4718 apibus,
1526 4625 1714 4719 quomodo
1742 4627 1934 4723 capiebant
1964 4628 2011 4703 de

899 4883 930 4948 (¹)
946 4885 977 4935 E.
993 4884 1037 4935 sed
1053 4891 1110 4936 crat
1127 4886 1162 4936 16.
