<?xml version="1.0" encoding="UTF-8"?>
<!DOCTYPE html PUBLIC "-//W3C//DTD XHTML 1.0 Transitional//EN"
    "http://www.w3.org/TR/xhtml1/DTD/xhtml1-transitional.dtd">
<html xmlns="http://www.w3.org/1999/xhtml" xml:lang="en" lang="en">
 <head>
  <title>
</title>
<meta http-equiv="Content-Type" content="text/html;charset=utf-8" />
  <meta name='ocr-system' content='tesseract 3.04.00' />
  <meta name='ocr-capabilities' content='ocr_page ocr_carea ocr_par ocr_line ocrx_word'/>
</head>
<body>
  <div class='ocr_page' id='page_1' title='image "./comentumsuperda02benvgoog_0129.png"; bbox 0 0 4842 6642; ppageno 0'>
   <div class='ocr_carea' id='block_1_1' title="bbox 715 855 1564 931">
    <p class='ocr_par' dir='ltr' id='par_1_1' title="bbox 715 855 1564 931">
     <span class='ocr_line' id='line_1_1' title="bbox 715 855 1564 931; baseline 0.004 -16"><span class='ocrx_word' id='word_1_1' title='bbox 715 860 854 918; x_wconf 73' lang='lat' dir='ltr'>esurus</span> <span class='ocrx_word' id='word_1_2' title='bbox 879 863 1038 920; x_wconf 80' lang='lat' dir='ltr'>nncruus</span> <span class='ocrx_word' id='word_1_3' title='bbox 1063 864 1243 931; x_wconf 80' lang='lat' dir='ltr'>ounnuus.</span> <span class='ocrx_word' id='word_1_4' title='bbox 1495 855 1564 922; x_wconf 80' lang='lat'>117</span> 
     </span>
    </p>
   </div>
   <div class='ocr_carea' id='block_1_2' title="bbox 392 1005 1570 4830">
    <p class='ocr_par' dir='ltr' id='par_1_2' title="bbox 392 1005 1570 4830">
     <span class='ocr_line' id='line_1_2' title="bbox 394 1005 1567 1101; baseline 0.002 -21"><span class='ocrx_word' id='word_1_5' title='bbox 394 1005 475 1080; x_wconf 90' lang='lat' dir='ltr'>bilia</span> <span class='ocrx_word' id='word_1_6' title='bbox 493 1011 667 1101; x_wconf 88' lang='lat' dir='ltr'>poterunt</span> <span class='ocrx_word' id='word_1_7' title='bbox 689 1008 870 1084; x_wconf 90' lang='lat' dir='ltr'>sustinere</span> <span class='ocrx_word' id='word_1_8' title='bbox 892 1010 1175 1086; x_wconf 79' lang='lat' dir='ltr'><strong>immensitatem</strong></span> <span class='ocrx_word' id='word_1_9' title='bbox 1197 1017 1308 1084; x_wconf 77' lang='lat' dir='ltr'>tantm</span> <span class='ocrx_word' id='word_1_10' title='bbox 1334 1012 1448 1086; x_wconf 82' lang='lat' dir='ltr'>tucts‘r</span> <span class='ocrx_word' id='word_1_11' title='bbox 1473 1010 1567 1084; x_wconf 81' lang='lat' dir='ltr'>Dicit</span> 
     </span>
     <span class='ocr_line' id='line_1_3' title="bbox 392 1121 1563 1224; baseline 0.001 -22"><span class='ocrx_word' id='word_1_12' title='bbox 392 1146 497 1222; x_wconf 85' lang='lat' dir='ltr'>ergo:</span> <span class='ocrx_word' id='word_1_13' title='bbox 527 1122 581 1200; x_wconf 69' lang='lat' dir='ltr'>Ne*</span> <span class='ocrx_word' id='word_1_14' title='bbox 603 1133 702 1200; x_wconf 83' lang='lat' dir='ltr'>tanta</span> <span class='ocrx_word' id='word_1_15' title='bbox 726 1131 812 1214; x_wconf 84' lang='lat' dir='ltr'>lucc,</span> <span class='ocrx_word' id='word_1_16' title='bbox 835 1129 981 1222; x_wconf 89' lang='lat' dir='ltr'>scilicet,</span> <span class='ocrx_word' id='word_1_17' title='bbox 1009 1130 1183 1224; x_wconf 80' lang='lat' dir='ltr'>exterior,</span> <span class='ocrx_word' id='word_1_18' title='bbox 1207 1121 1316 1223; x_wconf 83' lang='lat' dir='ltr'>potrd</span> <span class='ocrx_word' id='word_1_19' title='bbox 1340 1135 1563 1224; x_wconf 76' lang='lat' dir='ltr'>offaticornc,</span> 
     </span>
     <span class='ocr_line' id='line_1_4' title="bbox 393 1245 1565 1346; baseline 0.004 -28"><span class='ocrx_word' id='word_1_20' title='bbox 393 1245 495 1338; x_wconf 86' lang='lat' dir='ltr'>idest,</span> <span class='ocrx_word' id='word_1_21' title='bbox 523 1247 654 1340; x_wconf 90' lang='lat' dir='ltr'>poterit</span> <span class='ocrx_word' id='word_1_22' title='bbox 681 1247 857 1342; x_wconf 92' lang='lat' dir='ltr'>impedire</span> <span class='ocrx_word' id='word_1_23' title='bbox 882 1269 949 1322; x_wconf 90' lang='lat' dir='ltr'>nos</span> <span class='ocrx_word' id='word_1_24' title='bbox 974 1250 1032 1325; x_wconf 85' lang='lat' dir='ltr'>vel</span> <span class='ocrx_word' id='word_1_25' title='bbox 1057 1271 1228 1346; x_wconf 85' lang='lat' dir='ltr'>gravare,</span> <span class='ocrx_word' id='word_1_26' title='bbox 1246 1247 1318 1343; x_wconf 68' lang='lat' dir='ltr'>ctrc‘,</span> <span class='ocrx_word' id='word_1_27' title='bbox 1339 1251 1440 1343; x_wconf 89' lang='lat' dir='ltr'>idest,</span> <span class='ocrx_word' id='word_1_28' title='bbox 1466 1250 1565 1344; x_wconf 88' lang='lat' dir='ltr'>quia,</span> 
     </span>
     <span class='ocr_line' id='line_1_5' title="bbox 392 1369 1566 1465; baseline 0.003 -25"><span class='ocrx_word' id='word_1_29' title='bbox 392 1369 441 1458; x_wconf 69' lang='lat' dir='ltr'>aa</span> <span class='ocrx_word' id='word_1_30' title='bbox 465 1371 596 1458; x_wconf 80' lang='lat' dir='ltr'>erponi</span> <span class='ocrx_word' id='word_1_31' title='bbox 619 1371 677 1442; x_wconf 87' lang='lat' dir='ltr'>dcl</span> <span class='ocrx_word' id='word_1_32' title='bbox 699 1390 821 1460; x_wconf 88' lang='lat' dir='ltr'>corpo,</span> <span class='ocrx_word' id='word_1_33' title='bbox 849 1391 934 1463; x_wconf 84' lang='lat' dir='ltr'>quae</span> <span class='ocrx_word' id='word_1_34' title='bbox 959 1377 1044 1444; x_wconf 91' lang='lat' dir='ltr'>sunt</span> <span class='ocrx_word' id='word_1_35' title='bbox 1069 1391 1168 1444; x_wconf 89' lang='lat' dir='ltr'>nunc</span> <span class='ocrx_word' id='word_1_36' title='bbox 1193 1371 1324 1446; x_wconf 83' lang='lat' dir='ltr'>debitia</span> <span class='ocrx_word' id='word_1_37' title='bbox 1345 1372 1439 1446; x_wconf 92' lang='lat' dir='ltr'>sicut</span> <span class='ocrx_word' id='word_1_38' title='bbox 1455 1371 1566 1465; x_wconf 87' lang='lat' dir='ltr'>oculi,</span> 
     </span>
     <span class='ocr_line' id='line_1_6' title="bbox 393 1481 1567 1583; baseline 0.004 -23"><span class='ocrx_word' id='word_1_39' title='bbox 393 1506 505 1561; x_wconf 81' lang='lat' dir='ltr'>aaron</span> <span class='ocrx_word' id='word_1_40' title='bbox 527 1490 615 1581; x_wconf 81' lang='lat' dir='ltr'>sorti</span> <span class='ocrx_word' id='word_1_41' title='bbox 639 1510 663 1561; x_wconf 84' lang='lat' dir='ltr'>a</span> <span class='ocrx_word' id='word_1_42' title='bbox 688 1494 772 1563; x_wconf 87' lang='lat' dir='ltr'>tutto</span> <span class='ocrx_word' id='word_1_43' title='bbox 796 1481 849 1564; x_wconf 75' lang='lat' dir='ltr'>ab</span> <span class='ocrx_word' id='word_1_44' title='bbox 874 1492 935 1564; x_wconf 85' lang='lat' dir='ltr'>cite</span> <span class='ocrx_word' id='word_1_45' title='bbox 955 1481 1063 1583; x_wconf 81' lang='lat' dir='ltr'>potrd</span> <span class='ocrx_word' id='word_1_46' title='bbox 1088 1494 1339 1564; x_wconf 74' lang='lat' dir='ltr'>cardama-</span> <span class='ocrx_word' id='word_1_47' title='bbox 1356 1498 1478 1564; x_wconf 83' lang='lat' dir='ltr'>Tanto.</span> <span class='ocrx_word' id='word_1_48' title='bbox 1500 1491 1567 1566; x_wconf 86' lang='lat' dir='ltr'>liic</span> 
     </span>
     <span class='ocr_line' id='line_1_7' title="bbox 394 1609 1566 1706; baseline 0.004 -26"><span class='ocrx_word' id='word_1_49' title='bbox 394 1612 502 1681; x_wconf 88' lang='lat' dir='ltr'>autor</span> <span class='ocrx_word' id='word_1_50' title='bbox 527 1609 684 1683; x_wconf 73' lang='lat' dir='ltr'>ostendit</span> <span class='ocrx_word' id='word_1_51' title='bbox 709 1609 808 1702; x_wconf 85' lang='lat' dir='ltr'>quod</span> <span class='ocrx_word' id='word_1_52' title='bbox 826 1611 1006 1686; x_wconf 91' lang='lat' dir='ltr'>solutione</span> <span class='ocrx_word' id='word_1_53' title='bbox 1023 1612 1115 1686; x_wconf 87' lang='lat' dir='ltr'>iacta</span> <span class='ocrx_word' id='word_1_54' title='bbox 1133 1612 1254 1684; x_wconf 87' lang='lat' dir='ltr'>statim</span> <span class='ocrx_word' id='word_1_55' title='bbox 1273 1633 1402 1687; x_wconf 92' lang='lat' dir='ltr'>omnes</span> <span class='ocrx_word' id='word_1_56' title='bbox 1426 1612 1474 1686; x_wconf 92' lang='lat' dir='ltr'>iiii</span> <span class='ocrx_word' id='word_1_57' title='bbox 1494 1611 1566 1706; x_wconf 90' lang='lat' dir='ltr'>spi·</span> 
     </span>
     <span class='ocr_line' id='line_1_8' title="bbox 396 1726 1566 1823; baseline 0.003 -23"><span class='ocrx_word' id='word_1_58' title='bbox 396 1726 487 1800; x_wconf 89' lang='lat' dir='ltr'>ritus</span> <span class='ocrx_word' id='word_1_59' title='bbox 507 1728 761 1803; x_wconf 86' lang='lat' dir='ltr'>clamaverunt</span> <span class='ocrx_word' id='word_1_60' title='bbox 785 1729 1045 1823; x_wconf 79' lang='lat' dir='ltr'>desideranter,</span> <span class='ocrx_word' id='word_1_61' title='bbox 1064 1752 1188 1822; x_wconf 66' lang='lat' dir='ltr'>amem·</span> <span class='ocrx_word' id='word_1_62' title='bbox 1207 1731 1305 1806; x_wconf 91' lang='lat' dir='ltr'>unde</span> <span class='ocrx_word' id='word_1_63' title='bbox 1325 1732 1427 1806; x_wconf 93' lang='lat' dir='ltr'>dicit:</span> <span class='ocrx_word' id='word_1_64' title='bbox 1446 1735 1566 1806; x_wconf 85' lang='lat' dir='ltr'>L&#39;uno</span> 
     </span>
     <span class='ocr_line' id='line_1_9' title="bbox 393 1847 1564 1944; baseline 0.004 -24"><span class='ocrx_word' id='word_1_65' title='bbox 393 1850 548 1920; x_wconf 85' lang='lat' dir='ltr'>et&#39;ottro</span> <span class='ocrx_word' id='word_1_66' title='bbox 560 1868 658 1941; x_wconf 87' lang='lat' dir='ltr'>coro,</span> <span class='ocrx_word' id='word_1_67' title='bbox 674 1847 776 1941; x_wconf 87' lang='lat' dir='ltr'>idest,</span> <span class='ocrx_word' id='word_1_68' title='bbox 791 1855 950 1944; x_wconf 85' lang='lat' dir='ltr'>utraque</span> <span class='ocrx_word' id='word_1_69' title='bbox 970 1851 1124 1926; x_wconf 89' lang='lat' dir='ltr'>societas</span> <span class='ocrx_word' id='word_1_70' title='bbox 1142 1851 1291 1924; x_wconf 92' lang='lat' dir='ltr'>iiiorum</span> <span class='ocrx_word' id='word_1_71' title='bbox 1313 1852 1473 1925; x_wconf 93' lang='lat' dir='ltr'>duorum</span> <span class='ocrx_word' id='word_1_72' title='bbox 1490 1851 1564 1926; x_wconf 92' lang='lat' dir='ltr'>cir·</span> 
     </span>
     <span class='ocr_line' id='line_1_10' title="bbox 394 1953 1566 2068; baseline 0.004 -28"><span class='ocrx_word' id='word_1_73' title='bbox 394 1967 576 2068; x_wconf 86' lang='lat' dir='ltr'>culorum,</span> <span class='ocrx_word' id='word_1_74' title='bbox 594 1971 643 2042; x_wconf 85' lang='lat' dir='ltr'>mi</span> <span class='ocrx_word' id='word_1_75' title='bbox 655 1989 789 2058; x_wconf 87' lang='lat' dir='ltr'>parocr</span> <span class='ocrx_word' id='word_1_76' title='bbox 806 1977 902 2042; x_wconf 84' lang='lat' dir='ltr'>tanto</span> <span class='ocrx_word' id='word_1_77' title='bbox 918 1971 1020 2044; x_wconf 81' lang='lat' dir='ltr'>subiti</span> <span class='ocrx_word' id='word_1_78' title='bbox 1035 1978 1069 2044; x_wconf 87' lang='lat' dir='ltr'>ct</span> <span class='ocrx_word' id='word_1_79' title='bbox 1083 1975 1227 2062; x_wconf 81' lang='lat' dir='ltr'>accorti,</span> <span class='ocrx_word' id='word_1_80' title='bbox 1245 1953 1381 2046; x_wconf 82' lang='lat' dir='ltr'>scilicet</span> <span class='ocrx_word' id='word_1_81' title='bbox 1397 1991 1444 2046; x_wconf 81' lang='lat' dir='ltr'>er</span> <span class='ocrx_word' id='word_1_82' title='bbox 1461 1972 1566 2047; x_wconf 86' lang='lat' dir='ltr'>dictis</span> 
     </span>
     <span class='ocr_line' id='line_1_11' title="bbox 393 2087 1566 2185; baseline 0.003 -24"><span class='ocrx_word' id='word_1_83' title='bbox 393 2107 459 2183; x_wconf 96' lang='lat' dir='ltr'>per</span> <span class='ocrx_word' id='word_1_84' title='bbox 484 2087 715 2183; x_wconf 82' lang='lat' dir='ltr'>solutionem,</span> <span class='ocrx_word' id='word_1_85' title='bbox 742 2088 828 2182; x_wconf 86' lang='lat' dir='ltr'>quia</span> <span class='ocrx_word' id='word_1_86' title='bbox 855 2090 976 2164; x_wconf 90' lang='lat' dir='ltr'>subito</span> <span class='ocrx_word' id='word_1_87' title='bbox 1008 2091 1086 2164; x_wconf 91' lang='lat' dir='ltr'>sine</span> <span class='ocrx_word' id='word_1_88' title='bbox 1118 2091 1391 2185; x_wconf 86' lang='lat' dir='ltr'>interpositione</span> <span class='ocrx_word' id='word_1_89' title='bbox 1414 2092 1566 2167; x_wconf 88' lang='lat' dir='ltr'>alterius</span> 
     </span>
     <span class='ocr_line' id='line_1_12' title="bbox 394 2209 1566 2307; baseline 0.003 -25"><span class='ocrx_word' id='word_1_90' title='bbox 394 2229 520 2301; x_wconf 78' lang='lat' dir='ltr'>morae,</span> <span class='ocrx_word' id='word_1_91' title='bbox 546 2229 570 2280; x_wconf 89' lang='grc' dir='ltr'><em>α</em></span> <span class='ocrx_word' id='word_1_92' title='bbox 595 2211 690 2282; x_wconf 75' lang='lat' dir='ltr'>daber</span> <span class='ocrx_word' id='word_1_93' title='bbox 718 2230 845 2300; x_wconf 70' lang='lat' dir='ltr'>onoma,</span> <span class='ocrx_word' id='word_1_94' title='bbox 863 2209 965 2302; x_wconf 78' lang='lat' dir='ltr'>idest,</span> <span class='ocrx_word' id='word_1_95' title='bbox 986 2231 1108 2303; x_wconf 92' lang='lat' dir='ltr'>amen,</span> <span class='ocrx_word' id='word_1_96' title='bbox 1135 2211 1171 2284; x_wconf 91' lang='lat' dir='ltr'>in</span> <span class='ocrx_word' id='word_1_97' title='bbox 1198 2211 1344 2307; x_wconf 84' lang='lat' dir='ltr'>signum</span> <span class='ocrx_word' id='word_1_98' title='bbox 1366 2212 1566 2286; x_wconf 84' lang='lat' dir='ltr'>confirma-</span> 
     </span>
     <span class='ocr_line' id='line_1_13' title="bbox 394 2329 1565 2426; baseline 0.003 -24"><span class='ocrx_word' id='word_1_99' title='bbox 394 2331 510 2403; x_wconf 92' lang='lat' dir='ltr'>tionis.</span> <span class='ocrx_word' id='word_1_100' title='bbox 538 2330 599 2403; x_wconf 82' lang='lat' dir='ltr'>Est</span> <span class='ocrx_word' id='word_1_101' title='bbox 624 2329 734 2424; x_wconf 90' lang='lat' dir='ltr'>enim,</span> <span class='ocrx_word' id='word_1_102' title='bbox 760 2351 875 2422; x_wconf 86' lang='lat' dir='ltr'>omen,</span> <span class='ocrx_word' id='word_1_103' title='bbox 902 2331 1010 2405; x_wconf 88' lang='lat' dir='ltr'>dictio</span> <span class='ocrx_word' id='word_1_104' title='bbox 1037 2332 1230 2425; x_wconf 88' lang='lat' dir='ltr'>baebraica,</span> <span class='ocrx_word' id='word_1_105' title='bbox 1257 2353 1342 2426; x_wconf 84' lang='lat' dir='ltr'>quae</span> <span class='ocrx_word' id='word_1_106' title='bbox 1367 2333 1565 2426; x_wconf 85' lang='lat' dir='ltr'>aliquando</span> 
     </span>
     <span class='ocr_line' id='line_1_14' title="bbox 393 2450 1566 2546; baseline 0.002 -22"><span class='ocrx_word' id='word_1_107' title='bbox 393 2456 448 2524; x_wconf 90' lang='lat' dir='ltr'>est</span> <span class='ocrx_word' id='word_1_108' title='bbox 473 2450 643 2544; x_wconf 88' lang='lat' dir='ltr'>verbum,</span> <span class='ocrx_word' id='word_1_109' title='bbox 669 2456 707 2524; x_wconf 92' lang='lat' dir='ltr'>et</span> <span class='ocrx_word' id='word_1_110' title='bbox 732 2456 876 2524; x_wconf 85' lang='lat' dir='ltr'>tantum</span> <span class='ocrx_word' id='word_1_111' title='bbox 906 2452 1001 2526; x_wconf 87' lang='lat' dir='ltr'>vaiet</span> <span class='ocrx_word' id='word_1_112' title='bbox 1022 2459 1201 2545; x_wconf 87' lang='lat' dir='ltr'>quantum</span> <span class='ocrx_word' id='word_1_113' title='bbox 1220 2453 1441 2546; x_wconf 60' lang='lat' dir='ltr'>stretton</span> <span class='ocrx_word' id='word_1_114' title='bbox 1459 2452 1566 2527; x_wconf 86' lang='lat' dir='ltr'>etsie</span> 
     </span>
     <span class='ocr_line' id='line_1_15' title="bbox 395 2571 1565 2666; baseline 0.002 -22"><span class='ocrx_word' id='word_1_115' title='bbox 395 2577 511 2664; x_wconf 87' lang='lat' dir='ltr'>potest</span> <span class='ocrx_word' id='word_1_116' title='bbox 536 2571 615 2666; x_wconf 87' lang='lat' dir='ltr'>capi</span> <span class='ocrx_word' id='word_1_117' title='bbox 642 2571 712 2664; x_wconf 91' lang='lat' dir='ltr'>bic,</span> <span class='ocrx_word' id='word_1_118' title='bbox 732 2571 818 2664; x_wconf 86' lang='lat' dir='ltr'>qnia</span> <span class='ocrx_word' id='word_1_119' title='bbox 836 2571 905 2645; x_wconf 84' lang='lat' dir='ltr'>ittae</span> <span class='ocrx_word' id='word_1_120' title='bbox 926 2571 1058 2644; x_wconf 88' lang='lat' dir='ltr'>animae</span> <span class='ocrx_word' id='word_1_121' title='bbox 1074 2572 1248 2646; x_wconf 89' lang='lat' dir='ltr'>dixerunt</span> <span class='ocrx_word' id='word_1_122' title='bbox 1270 2573 1342 2646; x_wconf 92' lang='lat' dir='ltr'>cito</span> <span class='ocrx_word' id='word_1_123' title='bbox 1355 2573 1401 2646; x_wconf 92' lang='lat' dir='ltr'>sit</span> <span class='ocrx_word' id='word_1_124' title='bbox 1420 2574 1477 2647; x_wconf 89' lang='lat' dir='ltr'>vei</span> <span class='ocrx_word' id='word_1_125' title='bbox 1501 2573 1565 2648; x_wconf 88' lang='lat' dir='ltr'>iiat</span> 
     </span>
     <span class='ocr_line' id='line_1_16' title="bbox 395 2685 1564 2796; baseline 0.002 -32"><span class='ocrx_word' id='word_1_126' title='bbox 395 2690 492 2785; x_wconf 87' lang='lat' dir='ltr'>quod</span> <span class='ocrx_word' id='word_1_127' title='bbox 506 2685 542 2781; x_wconf 81' lang='lat'>(¹)</span> <span class='ocrx_word' id='word_1_128' title='bbox 564 2698 602 2764; x_wconf 96' lang='lat' dir='ltr'>tu</span> <span class='ocrx_word' id='word_1_129' title='bbox 620 2691 718 2764; x_wconf 90' lang='lat' dir='ltr'>dicis.</span> <span class='ocrx_word' id='word_1_130' title='bbox 733 2690 935 2796; x_wconf 73' lang='lat' dir='ltr'>Aliquando</span> <span class='ocrx_word' id='word_1_131' title='bbox 952 2699 1008 2766; x_wconf 91' lang='lat' dir='ltr'>est</span> <span class='ocrx_word' id='word_1_132' title='bbox 1024 2691 1241 2766; x_wconf 81' lang='lat' dir='ltr'>adverbium</span> <span class='ocrx_word' id='word_1_133' title='bbox 1256 2693 1415 2786; x_wconf 88' lang='lat' dir='ltr'>optandi,</span> <span class='ocrx_word' id='word_1_134' title='bbox 1430 2699 1468 2767; x_wconf 90' lang='lat' dir='ltr'>et</span> <span class='ocrx_word' id='word_1_135' title='bbox 1481 2700 1564 2767; x_wconf 91' lang='lat' dir='ltr'>tan·</span> 
     </span>
     <span class='ocr_line' id='line_1_17' title="bbox 396 2809 1566 2907; baseline 0.003 -24"><span class='ocrx_word' id='word_1_136' title='bbox 396 2817 473 2883; x_wconf 89' lang='lat' dir='ltr'>tum</span> <span class='ocrx_word' id='word_1_137' title='bbox 502 2811 599 2884; x_wconf 87' lang='lat' dir='ltr'>valet</span> <span class='ocrx_word' id='word_1_138' title='bbox 624 2817 806 2903; x_wconf 82' lang='lat' dir='ltr'>quantum</span> <span class='ocrx_word' id='word_1_139' title='bbox 832 2809 994 2904; x_wconf 90' lang='lat' dir='ltr'>utinam;</span> <span class='ocrx_word' id='word_1_140' title='bbox 1021 2817 1057 2885; x_wconf 90' lang='lat' dir='ltr'>et</span> <span class='ocrx_word' id='word_1_141' title='bbox 1088 2811 1140 2886; x_wconf 89' lang='lat' dir='ltr'>sic</span> <span class='ocrx_word' id='word_1_142' title='bbox 1170 2811 1301 2886; x_wconf 86' lang='lat' dir='ltr'>meiius</span> <span class='ocrx_word' id='word_1_143' title='bbox 1327 2813 1470 2907; x_wconf 86' lang='lat' dir='ltr'>capitur</span> <span class='ocrx_word' id='word_1_144' title='bbox 1495 2814 1566 2907; x_wconf 92' lang='lat' dir='ltr'>bic,</span> 
     </span>
     <span class='ocr_line' id='line_1_18' title="bbox 397 2929 1568 3029; baseline 0.004 -28"><span class='ocrx_word' id='word_1_145' title='bbox 397 2937 438 3002; x_wconf 94' lang='lat' dir='ltr'>ut</span> <span class='ocrx_word' id='word_1_146' title='bbox 463 2929 596 3003; x_wconf 87' lang='lat' dir='ltr'>iudicat</span> <span class='ocrx_word' id='word_1_147' title='bbox 621 2929 726 3004; x_wconf 91' lang='lat' dir='ltr'>litera</span> <span class='ocrx_word' id='word_1_148' title='bbox 759 2949 933 3024; x_wconf 87' lang='lat' dir='ltr'>sequens:</span> <span class='ocrx_word' id='word_1_149' title='bbox 962 2931 1069 3004; x_wconf 91' lang='lat' dir='ltr'>tertio</span> <span class='ocrx_word' id='word_1_150' title='bbox 1104 2932 1214 3005; x_wconf 92' lang='lat' dir='ltr'>modo</span> <span class='ocrx_word' id='word_1_151' title='bbox 1247 2951 1359 3006; x_wconf 86' lang='lat' dir='ltr'>amen</span> <span class='ocrx_word' id='word_1_152' title='bbox 1390 2933 1568 3029; x_wconf 85' lang='lat' dir='ltr'>significat</span> 
     </span>
     <span class='ocr_line' id='line_1_19' title="bbox 395 3049 1568 3144; baseline 0.003 -21"><span class='ocrx_word' id='word_1_153' title='bbox 395 3049 685 3142; x_wconf 86' lang='lat' dir='ltr'>diuturnitatem,</span> <span class='ocrx_word' id='word_1_154' title='bbox 707 3056 744 3124; x_wconf 89' lang='lat' dir='ltr'>et</span> <span class='ocrx_word' id='word_1_155' title='bbox 770 3056 912 3124; x_wconf 89' lang='lat' dir='ltr'>tantum</span> <span class='ocrx_word' id='word_1_156' title='bbox 932 3050 1028 3125; x_wconf 88' lang='lat' dir='ltr'>vaiet</span> <span class='ocrx_word' id='word_1_157' title='bbox 1045 3057 1226 3144; x_wconf 81' lang='lat' dir='ltr'>qrrantum</span> <span class='ocrx_word' id='word_1_158' title='bbox 1244 3051 1492 3126; x_wconf 88' lang='lat' dir='ltr'>indesinenter</span> <span class='ocrx_word' id='word_1_159' title='bbox 1509 3053 1568 3126; x_wconf 88' lang='lat' dir='ltr'>vei</span> 
     </span>
     <span class='ocr_line' id='line_1_20' title="bbox 395 3169 1565 3267; baseline 0.004 -25"><span class='ocrx_word' id='word_1_160' title='bbox 395 3169 660 3264; x_wconf 66' lang='lat' dir='ltr'>indeficientem</span> <span class='ocrx_word' id='word_1_161' title='bbox 686 3177 724 3244; x_wconf 90' lang='lat' dir='ltr'>et</span> <span class='ocrx_word' id='word_1_162' title='bbox 749 3170 817 3244; x_wconf 91' lang='lat' dir='ltr'>isto</span> <span class='ocrx_word' id='word_1_163' title='bbox 844 3171 954 3245; x_wconf 90' lang='lat' dir='ltr'>modo</span> <span class='ocrx_word' id='word_1_164' title='bbox 972 3178 1090 3265; x_wconf 88' lang='lat' dir='ltr'>potest</span> <span class='ocrx_word' id='word_1_165' title='bbox 1107 3172 1218 3246; x_wconf 89' lang='lat' dir='ltr'>etiam</span> <span class='ocrx_word' id='word_1_166' title='bbox 1236 3173 1317 3267; x_wconf 85' lang='lat' dir='ltr'>capi</span> <span class='ocrx_word' id='word_1_167' title='bbox 1339 3174 1415 3267; x_wconf 83' lang='lat' dir='ltr'>bic3</span> <span class='ocrx_word' id='word_1_168' title='bbox 1436 3181 1477 3246; x_wconf 94' lang='lat' dir='ltr'>ut</span> <span class='ocrx_word' id='word_1_169' title='bbox 1493 3173 1565 3247; x_wconf 85' lang='lat' dir='ltr'>iiiae</span> 
     </span>
     <span class='ocr_line' id='line_1_21' title="bbox 395 3289 1567 3385; baseline 0.003 -22"><span class='ocrx_word' id='word_1_170' title='bbox 395 3290 527 3363; x_wconf 83' lang='lat' dir='ltr'>animae</span> <span class='ocrx_word' id='word_1_171' title='bbox 552 3289 690 3365; x_wconf 91' lang='lat' dir='ltr'>dicant:</span> <span class='ocrx_word' id='word_1_172' title='bbox 713 3291 800 3366; x_wconf 89' lang='lat' dir='ltr'>iilud</span> <span class='ocrx_word' id='word_1_173' title='bbox 826 3290 925 3385; x_wconf 89' lang='lat' dir='ltr'>quod</span> <span class='ocrx_word' id='word_1_174' title='bbox 951 3291 1038 3367; x_wconf 90' lang='lat' dir='ltr'>dicis</span> <span class='ocrx_word' id='word_1_175' title='bbox 1063 3293 1107 3366; x_wconf 92' lang='lat' dir='ltr'>sit</span> <span class='ocrx_word' id='word_1_176' title='bbox 1133 3293 1211 3368; x_wconf 89' lang='lat' dir='ltr'>sine</span> <span class='ocrx_word' id='word_1_177' title='bbox 1237 3292 1309 3367; x_wconf 85' lang='lat' dir='ltr'>dne</span> <span class='ocrx_word' id='word_1_178' title='bbox 1334 3294 1567 3369; x_wconf 87' lang='lat' dir='ltr'>aeternaiiter.</span> 
     </span>
     <span class='ocr_line' id='line_1_22' title="bbox 395 3409 1569 3506; baseline 0.003 -22"><span class='ocrx_word' id='word_1_179' title='bbox 395 3409 497 3484; x_wconf 92' lang='lat' dir='ltr'>Unde</span> <span class='ocrx_word' id='word_1_180' title='bbox 522 3409 630 3484; x_wconf 89' lang='lat' dir='ltr'>dicit:</span> <span class='ocrx_word' id='word_1_181' title='bbox 656 3413 716 3483; x_wconf 84' lang='lat' dir='ltr'>cde</span> <span class='ocrx_word' id='word_1_182' title='bbox 740 3411 804 3482; x_wconf 85' lang='lat' dir='ltr'>ben</span> <span class='ocrx_word' id='word_1_183' title='bbox 830 3419 986 3485; x_wconf 82' lang='lat' dir='ltr'>mostrar</span> <span class='ocrx_word' id='word_1_184' title='bbox 1010 3415 1100 3486; x_wconf 68' lang='lat' dir='ltr'>doio</span> <span class='ocrx_word' id='word_1_185' title='bbox 1129 3415 1167 3484; x_wconf 83' lang='lat' dir='ltr'>dt</span> <span class='ocrx_word' id='word_1_186' title='bbox 1194 3415 1295 3504; x_wconf 81' lang='lat' dir='ltr'>corpc‘</span> <span class='ocrx_word' id='word_1_187' title='bbox 1319 3416 1447 3506; x_wconf 78' lang='lat' dir='ltr'>morti,-</span> <span class='ocrx_word' id='word_1_188' title='bbox 1472 3413 1569 3490; x_wconf 89' lang='lat' dir='ltr'>desi·</span> 
     </span>
     <span class='ocr_line' id='line_1_23' title="bbox 395 3528 1568 3626; baseline 0.004 -23"><span class='ocrx_word' id='word_1_189' title='bbox 395 3528 525 3605; x_wconf 91' lang='lat' dir='ltr'>derant</span> <span class='ocrx_word' id='word_1_190' title='bbox 549 3531 646 3606; x_wconf 92' lang='lat' dir='ltr'>enim</span> <span class='ocrx_word' id='word_1_191' title='bbox 673 3531 931 3626; x_wconf 81' lang='lat' dir='ltr'>perfectionem</span> <span class='ocrx_word' id='word_1_192' title='bbox 960 3533 1114 3606; x_wconf 89' lang='lat' dir='ltr'>unionis.</span> <span class='ocrx_word' id='word_1_193' title='bbox 1134 3533 1177 3605; x_wconf 84' lang='lat' dir='ltr'>Et</span> <span class='ocrx_word' id='word_1_194' title='bbox 1194 3531 1316 3606; x_wconf 87' lang='lat' dir='ltr'>subdit</span> <span class='ocrx_word' id='word_1_195' title='bbox 1333 3553 1483 3607; x_wconf 92' lang='lat' dir='ltr'>causam</span> <span class='ocrx_word' id='word_1_196' title='bbox 1502 3534 1568 3608; x_wconf 92' lang='lat' dir='ltr'>de-</span> 
     </span>
     <span class='ocr_line' id='line_1_24' title="bbox 396 3651 1567 3746; baseline 0.001 -22"><span class='ocrx_word' id='word_1_197' title='bbox 396 3651 514 3725; x_wconf 91' lang='lat' dir='ltr'>siderii</span> <span class='ocrx_word' id='word_1_198' title='bbox 542 3672 687 3745; x_wconf 91' lang='lat' dir='ltr'>eorum,</span> <span class='ocrx_word' id='word_1_199' title='bbox 711 3651 853 3727; x_wconf 90' lang='lat' dir='ltr'>dicens:</span> <span class='ocrx_word' id='word_1_200' title='bbox 876 3656 975 3746; x_wconf 80' lang='lat' dir='ltr'>sorae</span> <span class='ocrx_word' id='word_1_201' title='bbox 990 3674 1062 3728; x_wconf 85' lang='lat' dir='ltr'>non</span> <span class='ocrx_word' id='word_1_202' title='bbox 1078 3673 1151 3745; x_wconf 88' lang='lat' dir='ltr'>pur</span> <span class='ocrx_word' id='word_1_203' title='bbox 1172 3675 1241 3746; x_wconf 85' lang='lat' dir='ltr'>per</span> <span class='ocrx_word' id='word_1_204' title='bbox 1257 3657 1348 3746; x_wconf 87' lang='lat' dir='ltr'>toro,</span> <span class='ocrx_word' id='word_1_205' title='bbox 1367 3652 1470 3746; x_wconf 79' lang='lat' dir='ltr'>idest,</span> <span class='ocrx_word' id='word_1_206' title='bbox 1493 3673 1567 3726; x_wconf 90' lang='lat' dir='ltr'>non</span> 
     </span>
     <span class='ocr_line' id='line_1_25' title="bbox 397 3772 1569 3869; baseline 0.002 -25"><span class='ocrx_word' id='word_1_207' title='bbox 397 3777 539 3845; x_wconf 86' lang='lat' dir='ltr'>tantum</span> <span class='ocrx_word' id='word_1_208' title='bbox 554 3772 763 3866; x_wconf 89' lang='lat' dir='ltr'>simpliciter</span> <span class='ocrx_word' id='word_1_209' title='bbox 775 3772 892 3869; x_wconf 85' lang='lat' dir='ltr'>gratia</span> <span class='ocrx_word' id='word_1_210' title='bbox 913 3773 1089 3868; x_wconf 91' lang='lat' dir='ltr'>ipsorum,</span> <span class='ocrx_word' id='word_1_211' title='bbox 1100 3793 1158 3844; x_wconf 88' lang='lat' dir='ltr'>mo</span> <span class='ocrx_word' id='word_1_212' title='bbox 1166 3794 1234 3864; x_wconf 84' lang='lat' dir='ltr'>per</span> <span class='ocrx_word' id='word_1_213' title='bbox 1246 3776 1277 3845; x_wconf 87' lang='lat' dir='ltr'>te</span> <span class='ocrx_word' id='word_1_214' title='bbox 1290 3794 1452 3866; x_wconf 76' lang='lat' dir='ltr'>mamma,</span> <span class='ocrx_word' id='word_1_215' title='bbox 1465 3773 1569 3868; x_wconf 88' lang='lat' dir='ltr'>idest,</span> 
     </span>
     <span class='ocr_line' id='line_1_26' title="bbox 397 3893 1569 3989; baseline 0 -21"><span class='ocrx_word' id='word_1_216' title='bbox 397 3893 590 3968; x_wconf 88' lang='lat' dir='ltr'>sedetiam</span> <span class='ocrx_word' id='word_1_217' title='bbox 615 3900 764 3989; x_wconf 90' lang='lat' dir='ltr'>propter</span> <span class='ocrx_word' id='word_1_218' title='bbox 786 3901 936 3986; x_wconf 87' lang='lat' dir='ltr'>matres,</span> <span class='ocrx_word' id='word_1_219' title='bbox 951 3915 1019 3986; x_wconf 85' lang='lat' dir='ltr'>per</span> <span class='ocrx_word' id='word_1_220' title='bbox 1044 3897 1069 3966; x_wconf 84' lang='lat' dir='ltr'>tt</span> <span class='ocrx_word' id='word_1_221' title='bbox 1089 3897 1211 3986; x_wconf 82' lang='lat' dir='ltr'>padri,</span> <span class='ocrx_word' id='word_1_222' title='bbox 1233 3893 1296 3987; x_wconf 85' lang='lat' dir='ltr'>qui</span> <span class='ocrx_word' id='word_1_223' title='bbox 1313 3893 1495 3969; x_wconf 89' lang='lat' dir='ltr'>dederunt</span> <span class='ocrx_word' id='word_1_224' title='bbox 1516 3894 1569 3970; x_wconf 87' lang='lat' dir='ltr'>eis</span> 
     </span>
     <span class='ocr_line' id='line_1_27' title="bbox 397 4013 1569 4109; baseline 0.003 -22"><span class='ocrx_word' id='word_1_225' title='bbox 397 4031 488 4106; x_wconf 89' lang='lat' dir='ltr'>esse,</span> <span class='ocrx_word' id='word_1_226' title='bbox 502 4027 596 4105; x_wconf 83' lang='lat' dir='ltr'>e&#39;pcr</span> <span class='ocrx_word' id='word_1_227' title='bbox 607 4016 658 4104; x_wconf 77' lang='lat' dir='ltr'>pli</span> <span class='ocrx_word' id='word_1_228' title='bbox 669 4017 754 4086; x_wconf 83' lang='lat' dir='ltr'>altri</span> <span class='ocrx_word' id='word_1_229' title='bbox 769 4016 828 4086; x_wconf 82' lang='lat' dir='ltr'>cite</span> <span class='ocrx_word' id='word_1_230' title='bbox 844 4017 907 4108; x_wconf 72' lang='lat' dir='ltr'>sur</span> <span class='ocrx_word' id='word_1_231' title='bbox 924 4016 1014 4107; x_wconf 86' lang='lat' dir='ltr'>cori,</span> <span class='ocrx_word' id='word_1_232' title='bbox 1036 4013 1138 4105; x_wconf 89' lang='lat' dir='ltr'>idest,</span> <span class='ocrx_word' id='word_1_233' title='bbox 1153 4033 1220 4107; x_wconf 92' lang='lat' dir='ltr'>pro</span> <span class='ocrx_word' id='word_1_234' title='bbox 1233 4015 1516 4109; x_wconf 83' lang='lat' dir='ltr'>consanguineis</span> <span class='ocrx_word' id='word_1_235' title='bbox 1531 4021 1569 4090; x_wconf 89' lang='lat' dir='ltr'>et</span> 
     </span>
     <span class='ocr_line' id='line_1_28' title="bbox 396 4131 1570 4228; baseline 0.003 -23"><span class='ocrx_word' id='word_1_236' title='bbox 396 4131 522 4207; x_wconf 86' lang='lat' dir='ltr'>amicis</span> <span class='ocrx_word' id='word_1_237' title='bbox 540 4152 633 4226; x_wconf 90' lang='lat' dir='ltr'>quos</span> <span class='ocrx_word' id='word_1_238' title='bbox 655 4132 862 4208; x_wconf 84' lang='lat' dir='ltr'>dilexerunt</span> <span class='ocrx_word' id='word_1_239' title='bbox 882 4133 919 4206; x_wconf 94' lang='lat' dir='ltr'>in</span> <span class='ocrx_word' id='word_1_240' title='bbox 938 4133 1030 4226; x_wconf 84' lang='lat' dir='ltr'>vita3</span> <span class='ocrx_word' id='word_1_241' title='bbox 1044 4132 1143 4207; x_wconf 89' lang='lat' dir='ltr'>unde</span> <span class='ocrx_word' id='word_1_242' title='bbox 1155 4131 1260 4206; x_wconf 85' lang='lat' dir='ltr'>dicit:</span> <span class='ocrx_word' id='word_1_243' title='bbox 1274 4136 1360 4205; x_wconf 83' lang='lat' dir='ltr'>anzi</span> <span class='ocrx_word' id='word_1_244' title='bbox 1376 4136 1436 4206; x_wconf 85' lang='lat' dir='ltr'>cite</span> <span class='ocrx_word' id='word_1_245' title='bbox 1451 4138 1570 4228; x_wconf 80' lang='lat' dir='ltr'>somer</span> 
     </span>
     <span class='ocr_line' id='line_1_29' title="bbox 396 4233 1569 4346; baseline 0.003 -22"><span class='ocrx_word' id='word_1_246' title='bbox 396 4233 601 4344; x_wconf 78' lang='lat' dir='ltr'>sempiterne</span> <span class='ocrx_word' id='word_1_247' title='bbox 612 4255 767 4345; x_wconf 71' lang='lat' dir='ltr'>tumme,</span> <span class='ocrx_word' id='word_1_248' title='bbox 786 4253 888 4346; x_wconf 88' lang='lat' dir='ltr'>idest,</span> <span class='ocrx_word' id='word_1_249' title='bbox 906 4260 1105 4346; x_wconf 88' lang='lat' dir='ltr'>antequam</span> <span class='ocrx_word' id='word_1_250' title='bbox 1123 4260 1245 4328; x_wconf 89' lang='lat' dir='ltr'>essent</span> <span class='ocrx_word' id='word_1_251' title='bbox 1261 4252 1569 4346; x_wconf 88' lang='lat' dir='ltr'>sempiternaliter</span> 
     </span>
     <span class='ocr_line' id='line_1_30' title="bbox 397 4364 1570 4466; baseline -0.001 -19"><span class='ocrx_word' id='word_1_252' title='bbox 397 4371 614 4447; x_wconf 83' lang='lat' dir='ltr'>beatificati:</span> <span class='ocrx_word' id='word_1_253' title='bbox 633 4371 713 4446; x_wconf 93' lang='lat' dir='ltr'>ideo</span> <span class='ocrx_word' id='word_1_254' title='bbox 730 4372 904 4466; x_wconf 90' lang='lat' dir='ltr'>optabant</span> <span class='ocrx_word' id='word_1_255' title='bbox 921 4373 1046 4447; x_wconf 86' lang='lat' dir='ltr'>videre</span> <span class='ocrx_word' id='word_1_256' title='bbox 1060 4364 1097 4464; x_wconf 80' lang='lat'>(²)</span> <span class='ocrx_word' id='word_1_257' title='bbox 1117 4372 1153 4445; x_wconf 96' lang='lat' dir='ltr'>in</span> <span class='ocrx_word' id='word_1_258' title='bbox 1170 4391 1283 4446; x_wconf 88' lang='lat' dir='ltr'>carne</span> <span class='ocrx_word' id='word_1_259' title='bbox 1300 4371 1379 4445; x_wconf 87' lang='lat' dir='ltr'>illos</span> <span class='ocrx_word' id='word_1_260' title='bbox 1396 4393 1489 4466; x_wconf 89' lang='lat' dir='ltr'>quos</span> <span class='ocrx_word' id='word_1_261' title='bbox 1514 4373 1570 4447; x_wconf 92' lang='lat' dir='ltr'>di·</span> 
     </span>
     <span class='ocr_line' id='line_1_31' title="bbox 397 4490 1569 4568; baseline 0.003 -4"><span class='ocrx_word' id='word_1_262' title='bbox 397 4490 562 4566; x_wconf 82' lang='lat' dir='ltr'>lexerant</span> <span class='ocrx_word' id='word_1_263' title='bbox 588 4493 624 4565; x_wconf 95' lang='lat' dir='ltr'>in</span> <span class='ocrx_word' id='word_1_264' title='bbox 649 4513 771 4568; x_wconf 88' lang='lat' dir='ltr'>carne.</span> <span class='ocrx_word' id='word_1_265' title='bbox 786 4499 893 4567; x_wconf 85' lang='lat' dir='ltr'>-Et</span> <span class='ocrx_word' id='word_1_266' title='bbox 915 4513 1003 4566; x_wconf 89' lang='lat' dir='ltr'>ccco.</span> <span class='ocrx_word' id='word_1_267' title='bbox 1031 4492 1095 4566; x_wconf 91' lang='lat' dir='ltr'>Hic</span> <span class='ocrx_word' id='word_1_268' title='bbox 1119 4497 1230 4566; x_wconf 91' lang='lat' dir='ltr'>autor</span> <span class='ocrx_word' id='word_1_269' title='bbox 1258 4491 1429 4566; x_wconf 87' lang='lat' dir='ltr'>describit</span> <span class='ocrx_word' id='word_1_270' title='bbox 1456 4515 1569 4568; x_wconf 93' lang='lat' dir='ltr'>unam</span> 
     </span>
     <span class='ocr_line' id='line_1_32' title="bbox 397 4611 1569 4706; baseline 0.003 -22"><span class='ocrx_word' id='word_1_271' title='bbox 397 4611 506 4684; x_wconf 89' lang='lat' dir='ltr'>aliam</span> <span class='ocrx_word' id='word_1_272' title='bbox 532 4631 707 4687; x_wconf 89' lang='lat' dir='ltr'>coronam</span> <span class='ocrx_word' id='word_1_273' title='bbox 734 4613 927 4686; x_wconf 87' lang='lat' dir='ltr'>beatorum</span> <span class='ocrx_word' id='word_1_274' title='bbox 953 4613 1158 4706; x_wconf 92' lang='lat' dir='ltr'>doctorum,</span> <span class='ocrx_word' id='word_1_275' title='bbox 1185 4631 1271 4706; x_wconf 85' lang='lat' dir='ltr'>quae</span> <span class='ocrx_word' id='word_1_276' title='bbox 1305 4614 1569 4705; x_wconf 84' lang='lat' dir='ltr'>superveniens</span> 
     </span>
     <span class='ocr_line' id='line_1_33' title="bbox 397 4730 1569 4830; baseline 0.003 -24"><span class='ocrx_word' id='word_1_277' title='bbox 397 4733 637 4808; x_wconf 88' lang='lat' dir='ltr'>circumdedit</span> <span class='ocrx_word' id='word_1_278' title='bbox 663 4734 740 4807; x_wconf 89' lang='lat' dir='ltr'>illas</span> <span class='ocrx_word' id='word_1_279' title='bbox 766 4733 858 4808; x_wconf 87' lang='lat' dir='ltr'>duas</span> <span class='ocrx_word' id='word_1_280' title='bbox 888 4733 1034 4828; x_wconf 90' lang='lat' dir='ltr'>primas.</span> <span class='ocrx_word' id='word_1_281' title='bbox 1068 4731 1121 4805; x_wconf 81' lang='lat' dir='ltr'>nd</span> <span class='ocrx_word' id='word_1_282' title='bbox 1155 4731 1262 4806; x_wconf 90' lang='lat' dir='ltr'>cuius</span> <span class='ocrx_word' id='word_1_283' title='bbox 1293 4730 1569 4830; x_wconf 84' lang='lat' dir='ltr'>intelligentiam</span> 
     </span>
    </p>
   </div>
   <div class='ocr_carea' id='block_1_3' title="bbox 461 4989 1100 5054">
    <p class='ocr_par' dir='ltr' id='par_1_3' title="bbox 461 4989 1100 5054">
     <span class='ocr_line' id='line_1_34' title="bbox 461 4989 1100 5054; baseline -0.022 -1"><span class='ocrx_word' id='word_1_284' title='bbox 461 4991 489 5054; x_wconf 74' lang='lat'>(¹)</span> <span class='ocrx_word' id='word_1_285' title='bbox 504 4989 530 5040; x_wconf 81' lang='lat' dir='ltr'>S·</span> <span class='ocrx_word' id='word_1_286' title='bbox 546 4991 571 5041; x_wconf 74' lang='lat' dir='ltr'>id</span> <span class='ocrx_word' id='word_1_287' title='bbox 588 4992 666 5054; x_wconf 78' lang='lat' dir='ltr'>quod·</span> <span class='ocrx_word' id='word_1_288' title='bbox 915 4992 942 5052; x_wconf 62' lang='grc' dir='ltr'>(Ἰ</span> <span class='ocrx_word' id='word_1_289' title='bbox 959 4991 990 5040; x_wconf 85' lang='grc' dir='ltr'>Ε.</span> <span class='ocrx_word' id='word_1_290' title='bbox 1007 4991 1100 5040; x_wconf 76' lang='lat' dir='ltr'>virere.</span> 
     </span>
    </p>
   </div>
   <div class='ocr_carea' id='block_1_4' title="bbox 0 0 2434 6642">
    <p class='ocr_par' dir='ltr' id='par_1_4' title="bbox 0 0 2434 6642">
     <span class='ocr_line' id='line_1_35' title="bbox 0 0 2434 6642; baseline 0 0"><span class='ocrx_word' id='word_1_291' title='bbox 0 0 2434 6642; x_wconf 95' lang='lat' dir='ltr'> </span> 
     </span>
    </p>
   </div>
  </div>
 </body>
</html>
