4842 6642
756 847 894 904 munus
918 850 1135 906 anroesruus
1160 848 1303 902 ramus.
1540 833 1609 902 473

442 1013 541 1067 ram:
570 999 603 1069 Ε
631 997 667 1068 io
692 997 966 1090 praeconiando,
994 995 1097 1090 idest,
1129 995 1263 1091 passim
1295 993 1546 1088 discurrendo,
1572 1015 1612 1067 su

437 1135 503 1206 per
527 1117 565 1187 tu
589 1117 672 1188 nica
697 1117 783 1206 tuce,
804 1136 887 1210 quae
913 1116 1156 1192 constituebat
1177 1115 1225 1190 ibi
1245 1135 1379 1208 rosam,
1398 1137 1547 1188 mnodo
1563 1119 1614 1207 qli

440 1235 547 1325 occdi,
573 1233 677 1329 idest,
702 1236 989 1329 speculationem
1021 1235 1319 1328 intellectualem,
1345 1255 1415 1328 per
1439 1237 1465 1308 ti
1488 1238 1609 1328 crudi,

440 1353 543 1449 idest,
569 1375 636 1450 per
661 1355 747 1432 lolia
772 1377 866 1432 rosae
891 1378 975 1452 quae
1000 1363 1086 1434 sunt
1111 1356 1216 1432 sedes
1240 1356 1469 1450 animarum3
1495 1365 1533 1432 et
1558 1356 1629 1431 di-·

441 1476 509 1550 cit:
535 1497 594 1550 mc
617 1499 673 1568 su,
698 1498 757 1550 mo
779 1473 853 1570 uiri,
871 1499 890 1551 a
909 1499 967 1552 mo
985 1481 1237 1565 ricccutundo,
1256 1483 1296 1550 ut
1314 1477 1478 1552 viderem
1497 1484 1610 1556 totam

441 1596 701 1672 continentiam
729 1597 816 1673 loci:
850 1605 888 1673 et
917 1600 986 1674 boc
1018 1599 1206 1692 faciebam,
1234 1600 1335 1690 quast
1359 1600 1527 1691 pmecrtn
1553 1599 1612 1670 cte

442 1719 614 1790 crimea
638 1720 697 1794 cet
720 1723 845 1811 empto
869 1721 926 1792 del
947 1739 1011 1792 cuc
1037 1726 1129 1810 octo,
1154 1717 1202 1793 ad
1226 1717 1326 1812 quod
1357 1725 1509 1792 voverat
1535 1718 1610 1810 ire;

443 1843 481 1912 et
504 1836 610 1911 dicit:
636 1859 656 1911 e
678 1859 786 1930 spero
808 1829 870 1930 yet
893 1841 1018 1930 ridde,
1035 1839 1182 1933 scilicet,
1199 1857 1287 1913 cum
1310 1837 1419 1912 luerit
1439 1858 1610 1914 reversus

442 1956 609 2052 domum,
626 1961 805 2034 connectio
823 1967 908 2034 seo.
926 1959 969 2033 et
986 1958 1044 2034 bic
1061 1965 1146 2034 nola
1163 1958 1263 2054 quod
1284 1959 1464 2056 optimum
1483 1981 1611 2035 crem·

441 2079 544 2174 plum
572 2085 690 2174 potest
707 2100 788 2155 esse
804 2080 852 2156 de
868 2079 1005 2174 templo
1022 2080 1225 2155 Jerusalem
1247 2080 1308 2153 ubi
1326 2084 1381 2156 est
1399 2081 1609 2175 sepulcrum

441 2198 586 2292 Christi,
618 2199 681 2294 qui
713 2199 760 2274 ibi
792 2199 859 2274 luit
890 2199 1140 2294 temporaliter
1166 2200 1203 2274 in
1229 2219 1352 2294 carne,
1379 2201 1476 2294 quod
1502 2201 1614 2276 habet

442 2318 576 2392 multas
602 2319 821 2413 mansiones,
846 2319 940 2393 sicut
957 2320 1105 2394 coeleste
1127 2319 1316 2414 templum,
1342 2319 1405 2392 ubi
1427 2317 1612 2396 aeternali·

441 2445 499 2513 ter
524 2437 614 2513 vivit
636 2438 813 2534 Christus,
845 2439 881 2514 in
911 2460 987 2535 quo
1016 2447 1102 2515 sunt
1128 2440 1254 2514 multae
1284 2440 1387 2516 sedes
1417 2440 1612 2535 sicutipse

442 2558 606 2634 Cbristus
620 2551 657 2652 (¹)
676 2559 836 2635 dicebat:
856 2563 894 2632 io
919 2563 1024 2634 dcam
1045 2563 1162 2654 putris
1185 2563 1253 2634 mc
1277 2565 1390 2636 multe
1414 2563 1613 2634 mansiones

443 2687 546 2774 omn
571 2685 608 2755 et
632 2679 684 2754 sic
710 2687 808 2775 patet
832 2680 1018 2775 quomodo
1031 2672 1069 2773 (¹)
1086 2681 1182 2756 dicta
1206 2681 1432 2777 comparatio
1449 2681 1611 2757 declarat

447 2799 672 2896 propositum
691 2799 865 2876 indebita
883 2800 1076 2899 ligura-
1097 2805 1240 2876 Vedeca.
1259 2802 1323 2878 llic
1344 2807 1455 2887 autor
1479 2801 1608 2876 ultimo
1646 2865 1650 2880 ,

443 2919 613 2996 describit
637 2921 726 3014 qnid
751 2920 882 2997 viderit
906 2921 944 2996 in
968 2921 1131 3019 generali
1156 2920 1194 2996 in
1219 2921 1315 2996 dicto
1337 2920 1484 3016 templo,
1503 2928 1540 2997 et
1556 2919 1611 2996 di-

443 3040 491 3116 cit
516 3040 614 3135 quod
641 3039 787 3116 ridebat
811 3041 977 3116 babitum
997 3041 1202 3116 beatorum.
1222 3041 1324 3117 Unde
1341 3041 1445 3117 dicit:
1476 3044 1609 3116 Vectem

445 3164 522 3254 mn,
560 3161 707 3255 scilicet,
742 3163 934 3257 bumancs,
963 3165 1079 3253 suedi,
1110 3160 1213 3256 idest,
1246 3163 1393 3257 suasivi,
1423 3185 1448 3238 u
1479 3153 1605 3256 cerild,

444 3281 531 3377 quia
556 3281 586 3356 si
611 3283 807 3358 coluerunt
832 3283 1021 3359 caritatem
1052 3283 1088 3357 in
1120 3289 1233 3378 terra,
1259 3291 1399 3379 quanto
1432 3285 1550 3382 magis
1575 3284 1612 3357 iu

328 3422 334 3431 ·
443 3404 539 3478 coelo
564 3402 627 3477 ubi
653 3409 708 3478 est
733 3423 822 3480 vera
847 3411 885 3478 et
909 3403 1070 3499 perlecta
1094 3403 1247 3498 caritas3
1274 3410 1311 3479 el
1330 3405 1435 3480 dicit:
1450 3407 1607 3500 froylazi,

442 3522 547 3616 idest,
572 3529 734 3617 ornatos,
753 3526 788 3598 d’
801 3527 909 3598 oltrui
933 3527 1035 3618 tunm,
1059 3522 1161 3616 idest,
1183 3522 1292 3598 radiis
1316 3523 1445 3628 divinis
1470 3525 1528 3600 vel
1554 3524 1613 3598 lu·

443 3643 603 3718 minibus
628 3643 817 3741 angelicis3
843 3651 881 3718 et
904 3644 1045 3719 dicimo
1069 3647 1127 3718 dal
1148 3663 1213 3716 sun
1237 3647 1321 3735 riso,
1346 3644 1447 3740 idest,
1467 3644 1611 3740 propria

442 3761 577 3858 laetitia,
602 3766 647 3839 ed
668 3769 731 3839 atti
760 3768 879 3839 ornati
906 3765 945 3839 di
973 3769 1053 3838 tute
1083 3767 1251 3838 cmstndi.
1279 3764 1479 3838 Honestum
1512 3764 1610 3838 enim

442 3881 604 3958 continet
627 3903 777 3958 omnem
802 3883 977 3960 virtutem
1004 3890 1041 3959 et
1070 3884 1283 3977 bonitatem,
1310 3883 1415 3958 cuius
1440 3883 1498 3958 isli
1530 3884 1612 3960 lue-

443 4009 530 4076 runt
555 4003 735 4080 bonestati
761 4008 798 4080 et
823 4004 942 4078 ornati
960 4011 1030 4079 etc.

515 4127 569 4196 Lo
589 4125 711 4216 formo
743 4127 899 4216 ueneat.
925 4125 996 4200 lsta
1025 4131 1080 4200 est
1108 4125 1216 4200 tertia
1241 4146 1325 4221 pars
1350 4125 1543 4223 generalia,
1575 4126 1612 4200 iu

442 4264 516 4337 qua
540 4251 651 4320 autor
675 4244 846 4322 describit
871 4267 989 4321 unum
1015 4253 1183 4322 sanctum
1201 4248 1363 4323 maxime
1384 4249 1612 4344 contempla·

443 4364 559 4440 tivum
587 4366 623 4440 in
650 4366 730 4443 eius
755 4368 933 4462 savorem,
950 4373 989 4443 et
1008 4388 1202 4444 ascensum
1229 4368 1403 4444 Bealricis
1420 4369 1466 4444 ad
1488 4369 1611 4444 sedem

441 4507 559 4561 suam.
587 4487 633 4560 Et
656 4487 776 4582 primo
801 4488 1019 4563 continuans
1043 4488 1139 4563 dicta
1165 4488 1324 4564 dicendis
1344 4489 1500 4564 ostendit
1521 4510 1614 4583 quo-

443 4607 554 4681 modo
578 4608 645 4682 sibi
671 4607 870 4684 intendenti
895 4609 941 4684 ad
974 4609 1142 4704 quedam
1173 4609 1426 4705 cognoscenda
1458 4615 1495 4684 et
1524 4629 1614 4684 con·

442 4727 599 4817 vertenti
624 4748 665 4803 se
688 4728 736 4802 ad
756 4728 960 4804 Beatricem
978 4728 1140 4803 occurrit
1161 4728 1280 4803 dictus
1297 4729 1614 4824 contemplativus.

504 4992 669 5055 (ili-1⁰⁸⁰·
685 4991 794 5044 (licem
1116 4993 1144 5055 (Ἰ
1160 4993 1192 5045 li·
1207 4995 1278 5058 qnod
1295 4994 1371 5046 dicla.
