4842 6642
926 779 972 845 tit
1318 791 1523 847 comunrurr
1548 791 1717 846 runuursr

923 937 999 1011 sitis
1035 958 1148 1034 supra
1179 957 1246 1033 per
1280 930 1406 1032 mesi
1440 939 1690 1030 ricuardundo
1725 941 1821 1012 netto
1853 941 1926 1012 tuce
1962 945 2098 1030 eterna,

922 1057 1058 1132 scilicet
1079 1057 1156 1151 Dei,
1182 1057 1219 1130 iu
1246 1079 1322 1153 quo
1348 1065 1538 1152 tamquam
1555 1057 1593 1131 iu
1609 1058 1760 1153 speculo
1783 1058 1883 1133 lucet
1905 1079 2018 1134 omno
2034 1080 2101 1134 ve·
2146 1133 2150 1138 ,

923 1199 1021 1272 rum,
1040 1171 1111 1252 cosi
1128 1181 1260 1252 com’t‘o
1274 1181 1480 1252 m'nccendo
1505 1181 1564 1253 del
1584 1198 1649 1250 suo
1672 1181 1816 1272 rodum,
1835 1178 1983 1273 scilicet,
2004 1201 2101 1276 prm·

922 1299 1029 1375 dictae
1047 1300 1138 1376 lucis
1154 1307 1373 1376 aeteruae.-
1386 1305 1436 1374 Tu
1452 1299 1578 1373 amoti.
1593 1299 1659 1374 Hic
1674 1290 1711 1391 (¹)
1725 1299 1884 1375 Thomas
1895 1300 1943 1376 do
1954 1301 2100 1395 Aquino

845 1500 848 1505 ,
924 1420 1096 1517 exprimit
1128 1421 1204 1516 ipsa
1236 1420 1348 1496 dubia
1379 1420 1532 1514 autoris,
1564 1420 1712 1517 diceus:
1751 1426 1801 1494 ru
1835 1421 1963 1514 duddii,
1995 1421 2099 1516 idest,

923 1539 1080 1635 dubitas,
1105 1549 1139 1614 et
1160 1543 1222 1614 dni
1247 1544 1357 1631 eoin,
1384 1541 1486 1633 idest,
1512 1547 1628 1636 opus,
1654 1543 1715 1613 cde
1744 1543 1777 1613 si
1804 1544 1959 1634 menna,
1995 1541 2098 1635 idest,

924 1661 1022 1757 quod
1049 1668 1238 1758 repetatur
1263 1668 1301 1736 et
1325 1662 1546 1755 declaretur,
1577 1664 1613 1734 in
1647 1652 1679 1734 si
1707 1669 1833 1754 opatu
1862 1683 1883 1735 e
1911 1654 1943 1735 si
1972 1665 2101 1736 denso

922 1784 1056 1874 linono,
1082 1781 1186 1876 idest,
1214 1783 1251 1856 in
1277 1789 1352 1856 tam
1384 1783 1484 1857 ciero
1509 1787 1548 1856 et
1571 1780 1705 1856 ditiuso
1733 1800 1917 1874 sermone,
1944 1784 1979 1855 io
2003 1783 2101 1855 dicer

922 1906 1005 1993 mio,
1032 1903 1134 1997 idest,
1160 1903 1346 1998 quoddam
1374 1902 1513 1977 dictum
1549 1923 1674 1978 meum
1708 1901 1881 1998 superius
1914 1903 2098 1997 positum3

921 2025 1021 2097 clt'ot
1040 2029 1097 2097 tuo
1114 2027 1223 2098 sentir
1237 2027 1270 2097 si
1284 2032 1418 2116 sterno,
1436 2023 1539 2116 idest,
1564 2028 1795 2118 praeparetur
1818 2029 1857 2097 et
1881 2022 2096 2116 ostendatur

924 2150 999 2218 tuae
1019 2145 1227 2240 cognitioni.
1242 2145 1285 2218 Et
1303 2165 1390 2220 ecce
1402 2145 1561 2219 dictum:
1574 2165 1639 2216 oue
1650 2147 1799 2218 dinanzi
1809 2145 1907 2236 dissi,
1925 2150 1965 2216 ut
1983 2143 2100 2238 patuit

923 2266 959 2341 iu
974 2265 1149 2362 principio
1162 2265 1308 2362 capituli
1323 2265 1573 2360 praeoedeuns,
1586 2265 1693 2338 doen
1704 2267 1922 2357 s’impinuno
1934 2285 1972 2337 se
1984 2267 2101 2337 nonsi

922 2389 1112 2479 annuncia,
1125 2392 1163 2460 et
1181 2385 1297 2482 tangit
1313 2384 1518 2461 secundum
1535 2383 1703 2478 dubium,
1717 2384 1858 2459 diceus:
1872 2375 1986 2460 edu
1995 2388 2100 2458 diost.-

921 2528 994 2581 non
1011 2527 1111 2581 surse
1127 2509 1155 2579 u
1168 2508 1344 2598 secundm
1360 2512 1398 2580 et
1418 2504 1514 2595 dicit,
1532 2526 1552 2578 e
1567 2506 1627 2597 uni
1650 2497 1673 2578 e*
1693 2525 1786 2598 nopo
1811 2507 1872 2578 cite
1896 2505 1961 2580 den
1985 2507 2018 2578 si
2041 2507 2100 2578 dt·

920 2631 1075 2720 stinunn,
1103 2626 1194 2701 idest
1219 2627 1377 2722 erpmit,
1396 2625 1496 2720 quod
1521 2625 1585 2702 iiat
1609 2625 1706 2700 bona
1732 2630 1771 2701 et
1795 2626 1895 2701 clara
1920 2625 2098 2702 distinctio

920 2747 967 2822 ad
997 2748 1093 2823 boue
1122 2746 1399 2844 intelligendum
1431 2746 1652 2821 solutionem
1678 2745 1860 2820 dictorum
1885 2745 2097 2820 dubiorum.

994 2872 1046 2941 La
1066 2871 1322 2961 provuidenzo.
1349 2867 1422 2940 lsta
1447 2873 1503 2942 est
1528 2865 1636 2941 tertia
1670 2886 1756 2962 pars
1786 2867 1970 2963 generatis
1984 2859 2035 2961 (¹),
2063 2866 2099 2940 iu

922 3009 997 3083 quo
1030 2988 1189 3061 Thomas
1219 2987 1266 3061 de
1290 2986 1447 3081 Aquino,
1474 3006 1629 3060 movens
1645 3007 1686 3061 se
1701 3007 1725 3075 a
1742 2986 1863 3084 louge,
1884 2987 2010 3062 votens
2026 2988 2100 3063 soi-

921 3127 1011 3182 vere
1028 3107 1190 3203 primurn
1208 3107 1376 3201 dubium,
1401 3106 1606 3203 digreditur
1624 3106 1672 3181 ad
1687 3097 1723 3199 (⁹)
1742 3105 2023 3182 describendum
2042 3109 2099 3182 vi·

922 3235 996 3302 tam
1024 3227 1121 3303 beati
1140 3227 1333 3321 Francisci,
1352 3227 1459 3302 cuius
1474 3227 1633 3326 cognitio
1651 3227 1736 3302 iacit
1751 3229 1797 3303 ad
1815 3217 2098 3304 declarationem

920 3347 1028 3444 primi
1045 3348 1158 3424 dubii.
1179 3349 1222 3422 Et
1238 3349 1359 3444 primo
1376 3346 1532 3424 ostendit
1549 3348 1780 3445 ingenerati,
1797 3349 1984 3444 quomodo
2000 3349 2100 3424 Deus

862 3479 865 3487 '
922 3469 1205 3545 misericorditer
1232 3467 1389 3564 providit
1419 3468 1583 3544 ecciesiae
1616 3489 1695 3544 suae
1719 3475 1854 3544 sanctae
1878 3468 1924 3543 de
1955 3470 2101 3544 duobus

919 3590 1143 3686 principibus
1168 3597 1206 3665 et
1232 3590 1428 3687 pugilibus,
1454 3590 1520 3685 qui
1545 3609 1613 3685 pro
1638 3589 1699 3664 itia
1732 3589 1872 3664 sortiter
1902 3597 2098 3666 certarent

918 3711 1022 3785 Unde
1041 3710 1148 3785 dicit:
1170 3715 1220 3782 Lu
1236 3713 1493 3803 prouuidenzu,
1511 3694 1660 3803 scilicet*¹
1677 3707 1810 3802 diviua,
1824 3711 1884 3782 cte
1901 3731 2063 3801 odonna
2075 3713 2102 3784 'i

919 3832 1050 3903 mondo
1066 3850 1132 3903 con
1150 3832 1229 3922 quet
1242 3832 1425 3922 condutio,
1442 3831 1545 3924 idest,
1564 3851 1608 3905 ea
1622 3819 1660 3922 (⁸)
1679 3829 1867 3925 sapientia,
1886 3851 1971 3925 quae
1987 3829 2099 3905 vincit

918 3970 1070 4025 omnem
1097 3950 1324 4024 intellectum
1350 3957 1543 4043 creatum3
1570 3950 1670 4025 uude
1693 3949 1803 4025 dicit:
1828 3953 1888 4024 net
1909 3953 2007 4043 quot,
2027 3949 2098 4024 sci-

918 4071 1002 4146 licet
1027 4069 1179 4145 consitio
1204 4077 1357 4165 auterno,
1383 4073 1469 4162 ocni
1494 4077 1626 4164 asperto
1650 4078 1783 4164 mento,
1807 4071 1908 4165 idest,
1926 4069 2097 4166 cognitio,

917 4187 1056 4265 duinto
1079 4193 1164 4284 prio
1189 4193 1250 4264 cite
1274 4193 1370 4264 undu
1396 4194 1435 4264 ul
1456 4194 1582 4286 fondo,
1600 4189 1702 4284 idest,
1723 4198 1923 4286 autequam
1943 4189 2099 4288 attingat

919 4311 965 4384 ad
990 4310 1276 4406 profunditatem
1303 4311 1402 4386 eius:
1425 4311 1512 4407 quia
1539 4311 1663 4385 nutius
1684 4311 1889 4387 intellectus
1909 4310 2098 4408 angelicus

920 4431 978 4506 vei
1006 4433 1190 4506 humanus
1216 4438 1334 4526 potest
1360 4433 1572 4529 pertingere
1595 4431 1643 4506 ad
1669 4433 1817 4507 totalem
1851 4431 2095 4528 cognitionem

981 4701 1008 4761 (¹)
1025 4699 1056 4750 E.
1072 4699 1123 4750 flio
1140 4699 1230 4751 buntur
1246 4701 1369 4754 Thomu.

980 4777 1008 4840 (¹)
1024 4775 1054 4828 Β.
1071 4777 1200 4840 generatis
1216 4779 1294 4829 nnius
1309 4779 1427 4843 capituti,
1443 4780 1471 4830 tn
1485 4791 1538 4843 qun
1555 4779 1784 4830 nasturtium.

978 4851 1006 4916 ζ’)
1024 4853 1053 4906 ii.
1069 4854 1101 4903 ad
1119 4855 1296 4918 scribendum,
1312 4863 1339 4907 et
1355 4859 1478 4906 nouutcr
1493 4857 1730 4908 commendandum
1746 4857 1835 4907 vitam.

979 4929 1008 4992 Ρ)
1023 4929 1052 5007 8.ι
1066 4928 1111 4979 iliu
1128 4931 1260 4994 sapientis.
