4842 6642
970 779 1020 846 90
1098 801 1103 811 ·
1361 787 1566 843 conminuit
1591 787 1758 842 amour

969 935 1108 1009 nachus
1124 933 1171 1010 de
1187 931 1421 1027 Normandia‚
1438 931 1570 1008 deinde
1590 932 1885 1026 archiepiscopus
1910 931 2139 1027 Conturbiae3

968 1077 1126 1152 magnus
1152 1063 1189 1130 et
1213 1055 1354 1130 subtilis
1378 1054 1509 1129 doctor
1531 1053 1569 1128 in
1596 1052 1789 1150 theologia,
1810 1052 1874 1146 qui
1891 1052 1977 1128 iecit
1992 1060 2139 1128 senten-

968 1177 1036 1252 tias
1060 1177 1277 1271 antiquas,c
1298 1177 1376 1268 quel
1391 1180 1543 1248 Donato.
1565 1175 1630 1248 llic
1654 1174 1723 1248 luit
1749 1194 1925 1248 romanus
1949 1193 2139 1269 gramma·

967 1299 1073 1393 tiene,
1091 1299 1154 1393 qui
1173 1298 1257 1374 lecit
1274 1297 1311 1370 in
1327 1296 1569 1394 grammatica
1590 1296 1772 1370 maiorem
1798 1301 1836 1369 et
1860 1294 2043 1370 minorem
2060 1293 2137 1368 edi·

968 1419 1127 1514 tionem;
1141 1440 1235 1514 quos
1246 1417 1359 1493 libros
1371 1417 1560 1515 Remigius
1571 1416 1701 1492 doctor
1717 1417 1980 1491 commentarit
1989 1440 1999 1511 3
2017 1415 2086 1490 luit
2100 1407 2136 1509 (⁴)

847 1601 849 1604 .
969 1541 1144 1636 magister
1168 1539 1264 1614 beati
1291 1539 1523 1635 Hieronymi:
1548 1546 1587 1614 et
1611 1537 1699 1632 quia
1715 1537 1783 1612 luit
1802 1537 2026 1634 generaliter
2043 1537 2138 1612 utilis

967 1659 1090 1755 pueris
1127 1659 1248 1755 primo
1283 1659 1554 1734 introducendis
1584 1658 1632 1732 ad
1664 1658 1844 1752 scientias,
1876 1658 1958 1733 ideo
1998 1658 2140 1752 reponit

967 1781 1085 1876 ipsum
1111 1781 1206 1854 inter
1232 1779 1330 1854 istos.
1357 1779 1459 1854 Unde
1483 1779 1589 1854 dicit:
1615 1781 1675 1852 che
1699 1771 1827 1871 opat,
1853 1779 1954 1872 idest,
1986 1777 2049 1873 qui
2084 1778 2140 1853 di-

966 1908 1099 1996 gnatus
1125 1905 1190 1993 est,
1213 1921 1327 1993 porrcr
1351 1921 1458 1973 mono
1484 1903 1558 1972 olla
1577 1903 1700 1994 prima
1725 1909 1816 1990 crte,
1841 1899 1987 1993 scilicet,
2014 1919 2141 1995 gram-

967 2021 1121 2095 maticae.
1135 2061 1186 2074 -
1197 2021 1345 2094 Rabona
1365 2017 1469 2111 dcci.
1487 2021 1553 2095 llic
1569 2019 1637 2094 luit
1652 2022 1781 2095 doctor
1797 2027 1836 2096 et
1854 2025 1980 2114 poeta;
1998 2019 2140 2115 scripsit

966 2141 1101 2215 librum
1127 2141 1267 2236 poetice
1291 2141 1399 2214 nimis
1422 2139 1671 2234 artificialiter,
1691 2132 1860 2234 qnare(¹)
1881 2160 1955 2214 non
1980 2141 2139 2215 multum

970 2263 1124 2356 utiliter;
1142 2261 1209 2336 luit
1234 2261 1409 2358 anglicus,
1432 2261 1546 2336 irater
1560 2252 1598 2354 (³)
1618 2262 1839 2336 venerabilis
1863 2260 1972 2336 Bedae
1995 2261 2043 2335 de
2068 2280 2140 2334 nna

967 2383 1052 2458 villa
1076 2381 1335 2479 hughe—E
1358 2385 1488 2455 lucenti.
1517 2383 1583 2457 llic
1614 2383 1747 2457 ultimo
1771 2381 1942 2457 describit
1969 2381 2138 2455 ultimum

967 2503 1155 2578 doctorem
1186 2501 1357 2576 secundm
1387 2522 1551 2597 coronae3
1584 2509 1623 2577 et
1653 2503 1713 2576 bic
1747 2502 1816 2575 luit
1841 2500 2003 2577 inachim
2028 2501 2141 2575 abbas

968 2622 1177 2698 monasterii
1204 2622 1386 2697 Florensis
1410 2622 1448 2695 in
1472 2622 1649 2697 Calabria.
1673 2621 1821 2717 Scripsit
1841 2622 1959 2696 multa
1983 2630 2021 2695 et
2046 2640 2140 2717 prae·

968 2744 1074 2840 cipue
1099 2765 1211 2838 super
1236 2745 1443 2839 prophetas,
1462 2726 1688 2819 'declarando
1705 2742 1914 2839 prophetias
1930 2749 1969 2818 et
1984 2749 2141 2818 ventura

968 2871 1146 2958 tempora.
1160 2864 1262 2938 Unde
1286 2864 1396 2938 dicit:
1422 2867 1600 2938 illuceret
1624 2867 1673 2938 dn
1699 2866 1772 2937 tcto
1787 2867 1816 2937 tt
1834 2866 2021 2938 dulcorem
2041 2863 2142 2938 abac

971 2985 1214 3076 diovcccht'rm,
1243 2987 1281 3057 dt
1308 2987 1432 3077 spirito
1453 2988 1625 3079 profetica
1651 2987 1783 3058 dotato.
1817 2984 1929 3059 llulla
1961 2984 2140 3078 siquidem

968 3103 1204 3197 prophetasse
1229 3123 1319 3178 rera
1343 3104 1491 3179 ridetur
1517 3105 1555 3178 in
1580 3104 1686 3199 libro,
1714 3125 1827 3200 quem
1853 3105 1986 3180 dicitnr
2016 3102 2142 3180 iecisse

967 3220 1015 3296 de
1027 3222 1266 3318 pontificibus,
1277 3224 1314 3297 in
1327 3245 1403 3319 quo
1416 3224 1592 3320 effigiavit
1605 3225 1822 3300 mirabiliter
1835 3231 2141 3318 unumquemque

968 3341 1005 3414 in
1030 3342 1173 3417 diversa
1189 3342 1310 3418 forma
1336 3350 1373 3418 et
1398 3345 1530 3441 ligura,
1558 3351 1598 3418 ut
1622 3365 1720 3440 saepe
1738 3345 1872 3420 notavi.
1887 3348 2007 3419 -Ad
2021 3349 2142 3436 toucy-

966 3466 1060 3554 hicr.
1080 3464 1146 3538 llic
1163 3464 1423 3540 bonaventura
1440 3466 1614 3540 claudens
1632 3467 1849 3562 capitulum,
1866 3466 2023 3541 ostendit
2051 3487 2144 3560 qua·

967 3583 1049 3657 liter
1074 3584 1185 3658 luerit
1211 3591 1334 3658 motus
1357 3584 1404 3660 ad
1429 3586 1787 3660 commendationem
1819 3585 2009 3660 Dominici.
2042 3585 2144 3660 Unde

967 3701 1072 3776 dicit:
1089 3706 1350 3796 L’t'oficmmcta
1365 3708 1516 3778 contestu
1534 3727 1554 3778 c
1569 3710 1596 3778 U
1610 3708 1759 3780 decreto
1776 3709 1887 3780 latino
1903 3709 1941 3781 dt
1953 3711 2018 3802 fra
2041 3712 2143 3780 Tom-

969 3843 1082 3917 muso,
1097 3823 1188 3897 idest
1205 3844 1340 3921 magna
1366 3826 1636 3900 commendatio
1662 3846 1776 3918 quarn
1807 3827 1890 3902 lecit
1915 3828 2074 3901 Thomas
2097 3826 2144 3900 de

969 3943 1114 4038 Aquino
1128 3945 1345 4039 eloquenter
1362 3953 1399 4020 et
1416 3946 1575 4021 discrete
1591 3952 1629 4020 et
1645 3946 1833 4021 curialiter
1849 3948 1895 4022 de
1909 3948 2016 4022 beato
2029 3946 2144 4020 Fran-

968 4063 1077 4157 cisco,
1102 4067 1152 4138 mi
1175 4085 1288 4138 ocosse
1312 4069 1363 4139 cd
1386 4069 1574 4158 inoeppinr
1597 4073 1737 4140 cotonto
1758 4069 1945 4158 pntndtno,
1970 4067 2072 4160 idest,
2098 4066 2145 4140 ad

967 4183 1203 4290 inridendum
1237 4186 1439 4281 Dominico‚
1472 4187 1533 4281 qui
1568 4185 1635 4259 luit
1669 4193 1745 4260 tam
1781 4186 1883 4261 tortis
1914 4188 2015 4285 pugil
2050 4187 2144 4281 tidei,

967 4306 1069 4402 idest,
1104 4308 1151 4382 ad
1186 4308 1417 4402 sequendum
1453 4327 1500 4383 ex
1534 4307 1771 4382 aemulatione
1802 4308 1946 4383 virtutis
1976 4309 2012 4382 in
2045 4309 2143 4382 bona

967 4410 1080 4522 parte.
1107 4429 1151 4501 Et
1176 4429 1299 4503 subdit
1322 4428 1562 4503 concludens:
1589 4452 1608 4502 c
1632 4449 1745 4500 nwsse
1774 4448 1869 4501 mccc
1898 4435 2020 4521 questo
2042 4447 2140 4500 corn-

832 4618 837 4628 ,
963 4549 1113 4638 papatu,
1141 4547 1241 4642 idest,
1267 4549 1411 4623 induxit
1444 4548 1556 4623 etiam
1588 4568 1719 4623 omnes
1755 4569 1848 4643 quos
1880 4557 1922 4623 tu
1954 4548 2072 4624 vidisti
2102 4555 2140 4622 et

969 4667 1150 4741 nominari
1176 4669 1344 4743 audivisti
1371 4669 1408 4742 in
1434 4669 1595 4744 secunda
1620 4689 1770 4744 corona.

1031 4841 1059 4905 (¹)
1075 4841 1107 4892 E.
1123 4843 1272 4894 ethlcluil.
1338 4843 1366 4906 (h
1381 4844 1412 4894 Β.
1428 4844 1704 4908 qunmnonrnnllnm.
1776 4845 1803 4908 (¹)
1819 4844 1851 4896 E.
1866 4850 1895 4895 et
1904 4857 2044 4909 germanum
2054 4841 2144 4893 inter.
