4842 6642
814 834 885 903 390
1204 846 1408 903 cousuruu
1432 845 1600 901 rsnnnrsr
1659 873 1661 877 ,

814 1013 879 1089 per
897 1013 1009 1067 unam
1027 991 1341 1088 comparationem
1354 1010 1593 1066 communem
1610 996 1648 1065 et
1668 990 1831 1083 claram3
1848 995 1886 1065 et
1901 987 1990 1064 dicit

813 1114 987 1208 breviter,
1005 1114 1103 1208 quod
1123 1112 1209 1187 vidit
1226 1111 1456 1188 totum-ittud
1472 1112 1608 1187 coelum
1629 1111 1708 1185 deri
1727 1109 1990 1205 rubicundum,

814 1236 905 1311 sicut
931 1242 1099 1309 nostrum
1117 1240 1269 1329 apparet
1293 1235 1331 1308 in
1357 1233 1510 1325 oriente,
1537 1234 1596 1308 vet
1616 1252 1751 1307 occasu
1776 1232 1871 1306 sotis.
1892 1232 1987 1307 Dicit

813 1378 923 1453 ergo:
957 1358 1028 1431 Vid'
1040 1360 1088 1448 io,
1106 1356 1200 1431 sicut
1217 1356 1438 1451 predixerat
1455 1355 1543 1429 mibi
1561 1356 1704 1449 Petrus,
1721 1357 1839 1429 uttora
1864 1361 1948 1427 mtto
1960 1356 1987 1427 ’t

812 1479 887 1567 ciet,
913 1476 1016 1571 idest,
1043 1482 1156 1551 totam
1178 1476 1276 1551 ittam
1298 1476 1440 1553 curiam
1466 1477 1667 1569 ooetestem,
1683 1496 1862 1569 ausperto,
1879 1474 1984 1569 idest,

686 1624 688 1633 ’
813 1598 1052 1692 maculatum,
1078 1601 1115 1672 di
1140 1601 1218 1690 quet
1241 1601 1371 1691 cotore,
1398 1598 1534 1673 scilicet
1571 1595 1701 1690 rubeo,
1727 1598 1787 1669 cte
1815 1596 1905 1669 nube
1928 1597 1987 1669 us·-

807 1720 915 1811 ptnye
935 1740 1003 1811 per
1028 1723 1062 1792 to
1086 1722 1158 1792 sote
1183 1740 1346 1811 evomo,
1372 1719 1459 1812 quia
1485 1718 1546 1793 iiio
1577 1717 1693 1792 rubor
1721 1724 1897 1792 causatur
1924 1738 1985 1792 ra-

812 1838 878 1915 diis
904 1840 1083 1914 solaribus
1110 1840 1432 1915 reverberantibus
1458 1839 1495 1913 in
1519 1858 1687 1934 vapores,
1711 1840 1761 1911 da
1785 1860 1868 1911 sera
1891 1860 1911 1911 e
1935 1840 1984 1913 du

812 1980 928 2051 mane,
954 1960 1101 2054 quando
1126 1960 1262 2035 scilicet
1291 1961 1346 2035 sot
1379 1960 1510 2035 occidit
1540 1968 1578 2035 et
1609 1959 1738 2033 oritur.
1753 1965 1849 2032 -Ε
1876 1978 1982 2034 come.

813 2082 878 2157 Hic
911 2088 1022 2157 autor
1055 2081 1226 2187 describit
1259 2081 1502 2155 mutationem
1537 2080 1670 2155 coloris
1706 2080 1880 2155 Beatricis
1918 2098 1985 2173 per

815 2223 926 2277 unam
954 2202 1141 2299 egregiam
1168 2209 1205 2277 et
1230 2204 1396 2297 pulcram
1418 2202 1742 2296 comparationem.
1762 2201 1806 2275 Et
1821 2200 1984 2276 breviter

813 2322 911 2416 dicit,
934 2322 1035 2416 quod
1052 2322 1199 2397 Beatrix
1218 2322 1311 2396 iacta
1329 2329 1385 2396 est
1402 2321 1518 2396 rubea
1543 2341 1620 2415 prae
1641 2320 1874 2414 verecundia,
1891 2320 1987 2395 sicut

813 2442 940 2536 pulcra
966 2446 1003 2516 et
1027 2441 1112 2514 alba
1137 2440 1285 2515 domina
1311 2441 1471 2516 efficitur
1495 2461 1593 2536 saepe
1624 2440 1740 2516 rubea
1769 2460 1846 2535 prae
1877 2460 1987 2515 vere-

813 2562 958 2637 cundia.
985 2561 1077 2637 Dicit
1102 2582 1213 2659 ergo:
1240 2568 1273 2635 Ε
1300 2564 1458 2636 Bouttos
1482 2554 1651 2635 basmutd
1674 2563 1891 2652 scotbiaozu,
1915 2560 1987 2635 sci·

813 2682 908 2776 licet,
935 2702 1131 2777 conspersa
1158 2682 1307 2777 rubore,
1326 2674 1397 2755 cosi
1421 2703 1518 2756 come
1541 2685 1662 2756 Mune
1685 2689 1809 2755 moesta
1824 2683 1885 2756 otte
1895 2703 1984 2775 per·

813 2823 930 2897 mane,
954 2803 1057 2898 idest,
1075 2809 1157 2897 stat,
1182 2806 1302 2877 είοιινα
1325 2806 1364 2879 di
1386 2800 1437 2894 se',
1462 2802 1565 2897 idest,
1591 2824 1664 2878 non
1690 2824 1825 2877 curans
1842 2803 1910 2877 sibi
1934 2804 1981 2879 de

812 2946 865 3020 se,
893 2924 980 3018 qnia
1006 2945 1080 2998 non
1106 2930 1161 2999 est
1186 2924 1253 2998 sibi
1280 2924 1423 2999 conscia
1457 2924 1612 2999 aticuios
1636 2925 1769 3019 cutpae3
1804 2931 1842 2999 et
1874 2923 1984 2999 dicit:

813 3066 919 3137 spur
942 3048 974 3118 ci
996 3049 1081 3138 sone
1100 3048 1222 3119 timido
1238 3048 1443 3119 accettando
1458 3066 1528 3139 per
1547 3048 1569 3118 t’
1579 3050 1687 3119 attrui
1700 3048 1877 3140 sattanza,
1895 3047 1982 3140 quia

813 3163 1086 3240 verecundatur
1110 3164 1156 3239 de
1180 3165 1300 3240 alieno
1322 3166 1417 3260 tatto,
1436 3186 1509 3240 non
1534 3165 1581 3241 de
1605 3187 1685 3241 suo.
1707 3166 1751 3240 Et
1773 3173 1860 3241 nota
1884 3186 1983 3263 quo-

814 3284 925 3359 modo
950 3286 1175 3379 comparatio
1201 3291 1257 3360 est
1281 3286 1529 3381 propriissima
1545 3286 1592 3360 de
1608 3286 1774 3361 Beatrica
1793 3286 1840 3359 ad
1866 3286 1986 3361 domi-

814 3428 900 3482 nam
925 3407 1091 3501 putcram
1118 3413 1155 3480 et
1185 3408 1393 3481 honestam:
1420 3405 1515 3481 sicut
1547 3407 1644 3481 enim
1675 3405 1872 3500 aliquando
1902 3406 1986 3480 talis

812 3526 959 3601 domina
985 3526 1259 3601 verecundatur
1284 3547 1358 3600 non
1383 3526 1431 3601 de
1461 3546 1531 3600 suo
1555 3525 1711 3619 deiectu,
1737 3525 1802 3599 sed
1831 3525 1985 3601 audiens

813 3646 956 3721 narrari
972 3639 1008 3740 (¹)
1036 3646 1219 3723 deiectum
1250 3646 1402 3722 atterius
1429 3646 1591 3721 mulieris
1619 3646 1667 3720 ab
1691 3646 1783 3741 ati03
1809 3646 1858 3721 ita
1886 3667 1986 3721 nnnc
2036 3668 2041 3675 ·

812 3767 957 3843 Beatrix
985 3767 1133 3843 erubuit
1159 3788 1232 3842 non
1257 3767 1304 3842 de
1328 3787 1397 3840 suo
1415 3766 1510 3861 talto,
1526 3764 1599 3841 sed
1621 3765 1705 3841 tatto
1723 3766 1888 3861 pastoris,
1907 3788 1985 3860 qno

812 3887 1003 3962 audiverat
1030 3887 1171 3962 narrari
1198 3910 1218 3961 a
1246 3888 1367 3962 Petro.
1393 3887 1437 3960 Et
1461 3885 1583 3960 subdit
1608 3885 1906 3975 obscurationem
1929 3888 1984 3961 ta·

812 4013 909 4082 ctam
945 4008 981 4079 in
1014 4008 1107 4081 coeto
1141 4027 1207 4102 per
1245 4004 1505 4101 pulcerrimum
1544 4006 1857 4101 comparationem
1897 4028 1982 4101 quae

811 4126 912 4201 omni
944 4126 1138 4201 christiano
1167 4127 1277 4202 debet
1310 4148 1391 4202 esse
1428 4133 1525 4220 nota,
1560 4126 1705 4201 dicens:
1737 4149 1757 4200 e
1788 4130 1840 4201 tot
1872 4130 1990 4201 ectum

811 4250 916 4321 credo
940 4248 1000 4320 otte
1024 4251 1060 4320 in
1086 4249 1171 4322 cteto
1193 4251 1267 4342 sue,
1284 4248 1430 4341 scilicet,
1449 4247 1533 4321 sotis
1558 4254 1596 4321 et
1620 4246 1779 4321 aliorum
1805 4247 1982 4342 siderum,

811 4370 953 4461 quondo
966 4360 1040 4460 pati
1065 4370 1101 4440 ta
1125 4389 1291 4461 ceconomo
1305 4388 1499 4462 poscente,
1516 4366 1619 4460 idest,
1637 4368 1674 4440 in
1691 4366 1861 4462 passione
1877 4369 1985 4443 Chri-

811 4488 855 4561 sti
870 4478 919 4581 (²).
947 4487 990 4561 Et
1015 4487 1072 4561 hic
1099 4495 1184 4563 nota
1210 4487 1310 4583 quod
1334 4494 1444 4564 autor
1478 4488 1612 4563 merito
1645 4488 1747 4584 tingit
1779 4489 1892 4563 tatem
1916 4489 1986 4563 ob·

810 4608 1069 4703 scurationem,
1089 4607 1175 4703 quia
1200 4608 1248 4683 de
1273 4609 1326 4683 rei
1345 4609 1501 4683 veritate
1518 4628 1631 4703 prava
1649 4609 1724 4684 vita
1743 4608 1982 4704 prelatorum

811 4727 905 4801 cedit
928 4726 974 4801 ad
988 4716 1024 4819 (³)
1053 4729 1313 4803 verecondiam
1340 4735 1377 4803 et
1403 4728 1638 4804 toedationem
1670 4728 1752 4803 tidei
1781 4729 1981 4824 catholica,

873 4914 900 4976 (¹)
915 4913 941 4964 S.
957 4892 1073 4965 narrare.
1323 4916 1351 4980 Ρ)
1367 4918 1398 4967 Ε.
1416 4918 1518 4969 bomini
1534 4918 1615 4969 nostri
1631 4918 1694 4969 lesu
1710 4918 1812 4970 Christi.

873 4987 899 5052 (⁸)
915 4988 941 5040 S.
957 4990 982 5040 tu
1000 4992 1189 5043 verecundiam.
