4842 6642
986 765 1055 830 104
1375 774 1579 830 connnrnn
1603 775 1768 828 rnnnnusr

982 942 1060 996 sam
1087 919 1181 995 sicut
1207 919 1370 1014 quotidie
1394 925 1523 1014 petunt
1552 927 1589 993 ct
1619 924 1746 1013 optent
1775 918 1843 993 viri
1876 917 2053 1011 studiosi;
2081 938 2155 992 nou

983 1041 1080 1117 enim
1102 1039 1228 1136 petivit
1244 1040 1634 1137 sapientiampropter
1659 1039 1754 1114 scire
1775 1038 2072 1135 metaphysicum,
2095 1040 2154 1113 vel

983 1161 1151 1259 logicam,
1174 1161 1231 1235 vel
1257 1162 1457 1257 physicam,
1475 1161 1534 1236 vel
1551 1161 1815 1257 geometrium3
1837 1160 1935 1236 unde
1952 1159 2053 1236 dicit:
2072 1163 2154 1233 Non

980 1305 1048 1376 per
1068 1303 1205 1375 sapere,
1225 1281 1364 1375 supple,
1390 1300 1464 1356 non
1488 1281 1615 1376 petivit
1640 1301 1801 1376 sensum,
1827 1301 1939 1355 causa
1965 1278 2157 1373 sciendi,ii

982 1423 1130 1476 numero
1154 1404 1191 1474 in
1216 1403 1276 1474 cie
1291 1422 1383 1474 enno
1408 1404 1434 1474 ii
1457 1409 1572 1474 motor
1593 1404 1631 1474 di
1650 1396 1792 1492 puussri,
1810 1400 1912 1494 idest,
1930 1421 2004 1475 non
2029 1399 2153 1494 petivit

984 1522 1078 1598 scire
1111 1528 1202 1616 quot
1234 1521 1306 1596 sint
1339 1521 1586 1618 intelligentiae
1619 1541 1778 1596 numero
1812 1528 2002 1596 moventes
2032 1521 2153 1612 orbes,

983 1642 1081 1737 quod
1106 1647 1244 1736 spectet
1269 1640 1315 1715 ad
1341 1640 1603 1736 philosophiam
1630 1642 1847 1716 naturalem.
1874 1641 1927 1716 Ad
1958 1641 2058 1735 quod
2087 1661 2155 1714 no·

986 1762 1137 1838 landum
1165 1761 1264 1856 quod
1289 1760 1512 1855 Aristoteles,
1539 1768 1581 1835 ut
1605 1769 1705 1856 patet
1730 1762 1823 1836 libro
1842 1761 1925 1837 coeli
1950 1769 1989 1836 et
2014 1761 2153 1852 mundi,

984 1883 1099 1958 voluit
1128 1883 1227 1978 quod
1258 1882 1515 1979 intelligentie,
1547 1882 1639 1957 idest
1668 1883 1802 1979 angeli,
1827 1889 1949 1958 essent
1978 1888 2033 1957 tot
2064 1888 2156 1977 quot

983 2011 1069 2078 sunt
1093 2003 1220 2096 orbcs;
1247 2001 1345 2076 unde
1362 2003 1482 2096 posuit
1499 2002 1598 2096 quod
1621 2011 1744 2077 essent
1762 2011 1845 2099 eto,
1866 2012 1904 2078 et
1920 2002 2037 2077 voluit
2056 2002 2155 2097 quod

986 2145 1059 2198 non
1084 2128 1205 2198 essent
1230 2123 1366 2219 plures,
1390 2143 1458 2196 nec
1477 2121 1786 2217 paucioresque
1807 2131 1889 2218 cto,
1913 2144 1936 2196 o
1959 2144 1997 2195 se
2020 2144 2156 2196 moene

985 2265 1052 2317 con
1069 2247 1284 2335 contingente
1300 2247 1373 2317 moi
1386 2247 1494 2338 senno
1512 2264 1660 2335 necesse,
1678 2243 1781 2335 idest,
1801 2263 1874 2317 non
1892 2242 2018 2337 petivit
2041 2263 2154 2316 causa

989 2366 1122 2440 sciendi
1136 2365 1165 2438 si
1179 2365 1216 2439 in
1233 2365 1444 2461 syllogismo
1461 2364 1580 2438 maior
1597 2364 1795 2460 propositio
1810 2365 1857 2438 sit
1872 2364 1921 2438 do
1936 2362 2153 2456 necessario,

986 2494 1024 2562 et
1040 2486 1161 2559 minor
1178 2485 1224 2560 de
1242 2484 1465 2581 contingenti
1482 2492 1660 2577 sequntur
1680 2485 1865 2559 conclusio
1882 2484 1929 2559 de
1947 2483 2154 2559 neoessurio

986 2605 1104 2681 uelde
1117 2603 1358 2701 contingenti:
1371 2610 1409 2679 et
1425 2605 1495 2678 hoc
1512 2611 1651 2700 spectat
1666 2606 1713 2679 ad
1727 2605 1895 2702 logicam.
1913 2605 1967 2680 Ad
1984 2604 2083 2698 quod
2099 2610 2154 2679 ost

985 2725 1185 2801 notandum
1213 2724 1312 2818 quod
1338 2724 1433 2799 sicut
1457 2724 1582 2800 scribit
1601 2726 1835 2822 philosophus
1852 2726 1945 2800 libro
1966 2724 2152 2821 priorum:

985 2869 1032 2922 ex
1053 2844 1197 2918 maiori
1230 2844 1277 2918 de
1308 2845 1513 2919 necessario
1544 2853 1583 2920 et
1614 2846 1745 2920 minori
1771 2847 1818 2921 cle
1848 2845 2070 2942 contingenti
2096 2865 2155 2919 se·

989 2968 1116 3062 quitur
1135 2963 1334 3058 conclusio,
1347 2965 1450 3040 verbi
1467 2966 1586 3061 gratia
1603 2974 1691 3041 etc:
1705 2987 1777 3040 non
1792 2969 1824 3040 si
1839 2974 1890 3040 cst
1903 2969 1993 3039 dore
2000 2969 2155 3058 primum

989 3094 1120 3161 motum
1151 3107 1236 3176 csse,
1262 3085 1353 3160 idest
1384 3093 1422 3160 et
1455 3107 1527 3160 non
1562 3086 1688 3180 petivit
1716 3107 1829 3162 cause
1853 3086 2001 3179 sciendi,
2027 3093 2154 3159 utrum

990 3215 1114 3282 motus
1138 3206 1249 3280 luerit
1272 3206 1320 3279 nb
1345 3210 1497 3300 aeterno,
1513 3227 1562 3280 an
1581 3206 1753 3281 hahuerit
1773 3207 2006 3302 principium;
2025 3215 2063 3281 ct
2086 3207 2156 3280 hoc

987 3332 1127 3422 spectat
1150 3326 1197 3401 ad
1222 3327 1425 3423 physicam:
1453 3326 1550 3401 unde
1582 3327 1676 3401 libro
1709 3327 1944 3424 physicorum
1978 3334 2157 3402 tractatur

985 3449 1032 3524 de
1061 3453 1178 3522 motu.
1210 3446 1264 3522 Au
1293 3447 1392 3541 quod
1427 3447 1628 3522 notandum
1660 3447 1760 3541 quod
1794 3448 2004 3524 Aristoteles
2037 3448 2157 3543 posuit

870 3565 876 3576 '
985 3576 1130 3645 motum
1157 3576 1351 3663 aeternum,
1365 3569 1463 3663 quod
1490 3569 1621 3664 probet
1645 3575 1714 3644 etc.
1741 3570 1913 3666 Theologi
1940 3575 2065 3645 tumen
2090 3591 2156 3664 po·

987 3697 1080 3764 nunt
1099 3688 1316 3784 principium
1343 3695 1466 3763 motus
1491 3694 1529 3763 et
1556 3689 1700 3783 mundi;
1726 3697 1764 3764 et
1789 3689 1840 3764 sic
1864 3697 1920 3764 est
1944 3689 2156 3783 tenendum·

988 3818 1031 3884 ut
1056 3817 1155 3884 tenet
1179 3831 1284 3884 sacru
1310 3808 1417 3904 lides;
1444 3809 1542 3883 uncle
1566 3809 1604 3882 in
1628 3809 1804 3905 principio
1828 3809 1978 3885 Genesis
2002 3810 2154 3885 dicitur:

987 3931 1227 4024 inprompto
1252 3934 1346 4003 Deru
1375 3931 1509 4003 creauit
1530 3933 1653 4003 culum
1682 3938 1715 4004 ec
1737 3937 1872 4004 terrum
1901 3939 1971 4006 etc.
2003 3952 2027 4003 o
2054 3951 2092 4003 se
2125 3935 2158 4004 si

985 4058 1088 4146 puoto
1109 4054 1173 4144 [ur
1198 4053 1376 4142 trionpolo
1400 4052 1459 4124 del
1480 4071 1603 4124 mezzo
1623 4053 1759 4126 cercitio
1782 4043 1813 4124 ci
1835 4054 1887 4124 cl’
1900 4073 1946 4125 un
1972 4060 2061 4127 relto
2084 4073 2157 4126 non

986 4193 1118 4263 coesse,
1144 4170 1245 4264 idest,
1271 4177 1309 4245 et
1334 4191 1408 4245 non
1433 4169 1558 4265 petivit
1581 4190 1695 4246 cause
1719 4171 1852 4246 sciendi
1878 4171 1909 4246 si
1925 4192 1973 4248 en
1993 4172 2159 4248 semicir-

985 4295 1072 4368 'culo
1097 4298 1216 4387 potest
1241 4292 1320 4366 lieri
1346 4292 1552 4388 triangulus
1566 4287 1603 4384 (¹)
1623 4313 1709 4367 cum
1727 4293 1872 4390 ungulo
1897 4299 2017 4388 rect03
2035 4301 2073 4368 et
2091 4295 2159 4368 lroc

989 4419 1127 4508 spectat
1158 4413 1204 4488 ad
1239 4413 1493 4509 geometriam.
1528 4413 1581 4486 Ad
1614 4412 1713 4507 quod
1739 4414 1939 4488 anundum
1975 4415 2161 4508 estquod

989 4533 1082 4608 sicut
1105 4533 1229 4609 scribit
1246 4533 1430 4609 Euclides:
1456 4533 1662 4629 triangulus
1691 4540 1746 4608 est
1773 4533 1892 4630 ligure
1917 4535 2057 4612 habens
2085 4543 2162 4612 tres

988 4655 1144 4750 angulos
1168 4654 1330 4748 aeqnales
1354 4654 1498 4729 duobus
1534 4655 1659 4730 rectis:
1690 4663 1814 4731 rectus
1843 4664 1969 4732 autem
1999 4659 2160 4755 ungulus

1051 4901 1079 4962 (¹)
1095 4900 1126 4950 ll.
1142 4900 1287 4965 triangulus
1301 4902 1357 4953 sino
1372 4903 1478 4968 ungulo.
