4842 6642
774 854 911 909 GANTUS
937 855 1127 910 vlousrussts
1151 854 1322 910 octavus.
1562 844 1633 909 407

461 1021 622 1097 quorum
649 998 780 1075 totiens
805 998 943 1073 dictum
969 1006 1039 1094 est3
1066 1008 1102 1074 et
1127 1000 1230 1075 dicit:
1260 1001 1351 1073 code
1378 1020 1483 1072 amor
1506 1004 1579 1094 fece
1597 1002 1635 1073 lu
1709 1025 1715 1040 ⁸

459 1124 570 1197 cordo
596 1143 621 1195 o
641 1124 838 1215 pigliormi,
864 1121 952 1216 quia
984 1120 1121 1196 scilicet
1154 1121 1252 1195 ocuii
1283 1120 1458 1198 Beatricis
1484 1121 1637 1195 iuerunt

459 1249 538 1319 rete
568 1242 667 1339 quod
701 1242 820 1338 primo
852 1241 1049 1338 captivavit
1074 1242 1200 1317 ocutos
1227 1247 1265 1317 et
1290 1247 1452 1315 mentem
1479 1242 1633 1336 autoris,

457 1365 551 1439 sicut
576 1362 775 1458 saepissime
800 1362 938 1437 dictum
965 1369 1030 1437 est.
1059 1362 1103 1435 Et
1128 1364 1198 1436 hoc
1224 1361 1304 1455 ieci,
1331 1353 1402 1434 cosi
1427 1382 1523 1434 come
1545 1365 1636 1435 colui

456 1488 517 1559 cite
547 1506 585 1558 sc
616 1486 796 1557 n'ullumo
821 1486 945 1575 distre,
978 1482 1081 1576 idest,
1108 1480 1336 1556 illuminatur
1370 1482 1518 1557 flamma
1553 1489 1633 1577 post

457 1615 617 1703 tergum,
656 1607 740 1678 cede
773 1607 919 1697 flammo
956 1606 995 1677 dt
1031 1606 1200 1697 dopptcro
1241 1607 1278 1677 io
1320 1606 1473 1696 specciio
1512 1607 1633 1697 primo

458 1730 518 1802 cite
542 1729 565 1801 ἴ
577 1726 680 1799 actia
705 1729 742 1798 iu
769 1728 856 1798 outo
883 1746 905 1797 o
929 1727 967 1797 iu
990 1727 1163 1817 pacoro,
1193 1723 1297 1819 idest,
1329 1722 1544 1820 priusquam
1579 1724 1632 1797 vi-

458 1846 542 1923 deat
576 1847 696 1940 oculo,
729 1846 787 1920 vel
821 1845 956 1941 cogitet
989 1844 1114 1919 videre
1147 1844 1183 1917 in
1217 1852 1341 1919 mente
1378 1845 1493 1940 ipsam
1529 1846 1633 1917 tiam-

460 1988 558 2042 mam
587 1986 728 2059 veram,
753 1965 860 2040 cuius
887 1966 1045 2040 formam
1072 1971 1109 2040 et
1141 1965 1341 2062 imaginem
1368 1963 1466 2039 videt
1492 1965 1632 2060 inipso

458 2091 616 2186 speculo.
643 2088 746 2162 Unde
771 2086 874 2161 dicit:
901 2110 919 2161 e
950 2090 981 2160 si
1009 2088 1145 2177 riooipc
1168 2108 1238 2179 per
1267 2089 1372 2160 ceder
1400 2107 1438 2159 se
1462 2089 1488 2160 ’l
1518 2093 1630 2175 aeuo,

457 2210 559 2305 idest,
585 2209 776 2305 specuium
803 2208 902 2303 quod
919 2214 1061 2283 constat
1086 2229 1131 2283 ex
1160 2208 1254 2281 vitro
1273 2215 1310 2282 ct
1331 2209 1495 2304 piumbo,
1513 2212 1538 2282 t·
1557 2212 1632 2283 dice

456 2334 483 2405 il
512 2351 609 2424 uere,
642 2336 679 2404 et
714 2330 850 2425 reperit
880 2328 930 2403 sic
965 2348 1064 2422 csse;
1099 2328 1197 2403 unde
1228 2328 1338 2402 dicit:
1371 2351 1390 2400 c
1422 2332 1505 2402 cede
1533 2332 1584 2402 cd'
1600 2333 1634 2403 al

429 2453 646 2525 ·s'accordo
687 2471 753 2523 coo
796 2470 886 2542 esso,
936 2449 1082 2543 scilicet,
1118 2448 1219 2543 quod
1258 2449 1395 2522 vitrum
1434 2450 1631 2523 concordat

456 2593 541 2648 cum
568 2592 670 2665 vero,
697 2571 783 2665 quia
814 2570 950 2645 scilicet
981 2570 1121 2645 idolum
1151 2590 1331 2665 apparens
1370 2571 1406 2644 in
1440 2572 1628 2666 speculum

456 2692 708 2767 conformatur
742 2698 777 2765 et
813 2690 983 2765 convenit
1010 2710 1096 2765 cum
1124 2710 1279 2765 revera
1307 2697 1411 2765 entra
1443 2691 1629 2786 existenti3

457 2812 556 2907 quod
583 2812 744 2887 declarat
771 2832 836 2906 per
868 2798 996 2905 simile,
1026 2810 1167 2885 dicens:
1199 2831 1294 2883 come
1328 2814 1440 2885 cordo
1469 2833 1535 2885 cort
1566 2834 1630 2886 suo

456 2938 580 3023 metro,
598 2930 700 3025 idest,
720 2930 812 3005 sicut
838 2930 976 3005 chorda
995 2930 1031 3003 in
1052 2928 1203 3025 cithara,
1223 2930 1279 3005 vei
1298 2930 1370 3004 aiio
1387 2931 1630 3006 instrumento

456 3052 612 3147 musico,
643 3052 840 3125 concordat
875 3068 962 3125 cum
996 3057 1107 3125 cantu
1139 3051 1204 3124 sibi
1236 3051 1552 3146 correspondente.
1587 3054 1631 3126 Et

455 3180 541 3248 nota
571 3171 669 3267 quod
702 3172 927 3267 comparatio
958 3178 1059 3248 recte
1088 3172 1244 3247 ostendit
1277 3172 1517 3266 propositum,
1543 3174 1629 3266 quia
1762 3208 1765 3213 ·

452 3294 566 3368 homo
592 3314 664 3367 non
691 3299 809 3389 potest
835 3292 1048 3367 immediate
1068 3292 1195 3368 videre
1212 3292 1344 3386 Deum,
1364 3292 1429 3365 uisi
1449 3293 1519 3366 sub
1536 3294 1629 3368 ima-

452 3412 538 3511 gine
564 3414 759 3509 respiciens
785 3412 912 3487 ocuios
937 3412 1124 3507 BeatriciS,
1144 3413 1235 3487 idest
1253 3432 1320 3507 per
1340 3413 1627 3508 speculationem

454 3540 490 3609 et
503 3533 847 3628 contemplationem
866 3554 981 3607 sacrae
996 3532 1188 3629 theologia
1202 3539 1392 3627 tamquam
1413 3553 1478 3627 per
1496 3553 1628 3628 specu·

452 3653 542 3727 lum.
569 3654 612 3727 Et
638 3652 757 3727 subdit
783 3653 931 3747 quando
957 3653 1008 3727 sic
1035 3653 1254 3747 retrospexit
1268 3647 1319 3747 (¹),
1337 3653 1479 3728 dicens:
1504 3657 1628 3746 porciu
1756 3695 1761 3703 ·

454 3776 514 3847 cire
550 3776 663 3866 quello
696 3776 756 3846 cive
793 3776 1013 3866 imparodico
1051 3776 1087 3846 la
1126 3776 1196 3846 mia
1235 3766 1356 3866 mente,
1395 3772 1498 3868 idest,
1534 3775 1627 3849 Bea-

455 3894 538 3987 trir,
573 3913 658 3987 quae
692 3893 776 3969 facit
812 3914 872 3968 me
906 3894 1145 3989 contempturi
1185 3895 1407 3989 paradisum,
1445 3916 1571 3988 operte
1603 3899 1631 3970 o

456 4034 553 4104 vero,
580 4012 680 4107 idest,
708 4012 877 4108 patefecit
908 4014 1112 4108 veritatem,
1142 4016 1306 4087 incontra
1337 4018 1411 4089 olio
1442 4019 1513 4089 cito
1543 4035 1628 4109 pre-

454 4141 561 4225 senta·
592 4134 737 4227 scilicet,
772 4134 985 4208 modernam
1024 4134 1205 4229 vitiosam,
1245 4139 1298 4209 de'
1318 4139 1437 4210 moeri
1471 4140 1625 4233 mortali,

455 4254 556 4348 idest,
583 4256 776 4329 hominum
802 4254 1069 4330 subiacentium
1099 4255 1242 4331 miserae
1258 4248 1295 4349 (²)
1319 4257 1517 4351 cupiditati,
1539 4279 1628 4333 cou—
1696 4248 1702 4257 ’

455 4382 512 4451 tra
525 4396 618 4470 quos
632 4376 777 4451 Beatrin
800 4377 952 4471 loquuta
972 4376 1039 4450 suit
1056 4396 1144 4452 vera
1164 4377 1199 4451 in
1218 4379 1438 4473 precedenti
1456 4379 1625 4473 capituto.

453 4502 549 4571 -E
570 4518 675 4571 come.
703 4498 768 4572 Hic
793 4503 902 4572 autor
928 4497 1106 4592 descripta
1126 4520 1193 4572 sua
1213 4499 1422 4594 reflexione,
1444 4520 1543 4575 nuuc
1563 4500 1628 4574 de-

453 4618 577 4694 scribit
604 4638 681 4693 rem
709 4638 836 4693 veram
864 4640 977 4711 qtram
1000 4618 1098 4711 vidit,
1117 4618 1224 4693 cuius
1250 4618 1409 4693 sormam
1431 4620 1573 4695 viderat
1590 4620 1627 4694 in

452 4740 566 4815 ocutis
592 4738 777 4831 Beatricis,
808 4737 955 4832 scilicet,
989 4745 1150 4814 mentem
1185 4739 1357 4814 divinam.
1391 4742 1433 4813 Et
1465 4741 1627 4815 breviter

515 5002 542 5065 (¹)
558 5000 589 5052 B.
606 5003 725 5065 respexit.
977 5000 1005 5066 ι’)
1022 5004 1053 5054 Ε.
1070 5004 1182 5055 miserie
1198 5012 1224 5056 et
1241 5006 1385 5069 cupiditati.
