4842 6642
805 845 944 900 caurus
969 847 1125 902 nncmus
1149 848 1317 914 Qumrus.
1578 838 1646 906 137

473 984 637 1059 humano
663 986 858 1062 intellectu.
887 991 930 1062 ttt
956 991 1013 1064 hic
1039 998 1125 1066 nota
1151 992 1249 1086 quod
1277 998 1388 1066 autor
1423 994 1531 1068 tacite
1566 994 1646 1068 vult

472 1104 561 1178 dare
586 1104 736 1203 intelligi
763 1108 861 1202 quod
887 1109 947 1184 ille
972 1110 1120 1206 spiritus
1146 1111 1240 1186 facta
1259 1112 1445 1186 mentione
1462 1111 1508 1188 de
1524 1113 1644 1208 gratia
1716 1119 1721 1128 “

472 1224 556 1298 data
582 1227 705 1300 autori
730 1235 768 1302 et
793 1218 839 1303 de'
864 1230 944 1304 eius
970 1230 1130 1305 adventu
1149 1231 1195 1304 ad
1214 1231 1363 1325 coelum,
1378 1231 1553 1324 loquutus
1575 1232 1643 1306 fuit

472 1345 543 1419 alte
568 1346 749 1422 disserens
773 1349 820 1423 de
844 1350 964 1425 divina
989 1351 1107 1447 gratia
1133 1371 1217 1446 quae
1248 1352 1467 1446 profundam
1501 1352 1646 1427 miseri-

472 1465 633 1540 cordiam
660 1468 867 1562 impartitur
892 1479 929 1544 et
955 1470 1110 1544 infundit
1136 1471 1357 1565 hominibus,
1383 1471 1495 1546 etita
1526 1472 1645 1546 subti—

472 1585 554 1659 liter
571 1591 609 1660 et
626 1587 817 1682 profunde,
843 1591 940 1683 quod
968 1611 1040 1664 non
1066 1591 1182 1684 potuit
1199 1591 1318 1686 ipsum
1337 1591 1557 1688 intelligere;
1579 1593 1644 1668 sed

473 1713 596 1802 postea
622 1707 845 1784 descendens
869 1710 917 1785 ab
942 1711 1002 1786 illo
1035 1732 1182 1785 summo
1217 1713 1364 1805 eloquio
1397 1713 1508 1808 coepit
1542 1712 1643 1807 loqui

475 1829 589 1924 magis
614 1829 729 1922 basse,
756 1830 804 1904 ita
831 1831 930 1925 quod
954 1839 1098 1928 poterat
1123 1833 1283 1930 intelligi.
1299 1839 1395 1906 -Ε
1415 1827 1557 1925 sequitu.
1577 1833 1643 1908 llic

471 1954 580 2022 autor
605 1949 760 2026 ostendit
786 1953 982 2045 quomodo,
1010 1953 1270 2049 regradatione
1299 1954 1392 2028 facta
1418 1954 1538 2048 primo
1562 1953 1641 2026 Tri-

404 2105 408 2112 ·
471 2067 583 2161 nitati,
601 2068 661 2143 illc
681 2071 827 2164 spiritus
853 2072 979 2146 fecerit
1005 2072 1207 2148 orationem
1236 2093 1343 2146 suam
1361 2073 1407 2145 ad
1425 2072 1545 2167 ipsum
1571 2093 1642 2147 au·

471 2196 588 2263 torem
602 2190 795 2266 osteudens
809 2192 1066 2287 perlectionem
1082 2193 1186 2266 illius.
1206 2193 1308 2266 Uude
1324 2192 1427 2266 dicit:
1446 2198 1479 2265 Ε
1493 2184 1637 2286 sequid,

471 2307 575 2403 idest,
588 2309 648 2384 ille
661 2311 808 2404 spiritus
825 2312 955 2386 deinde
968 2313 1144 2406 loquutus
1158 2313 1226 2386 fuit
1242 2312 1312 2386 sub
1329 2312 1398 2386 hac
1416 2312 1534 2386 forma
1556 2333 1642 2387 ver-

470 2429 616 2503 borum.
627 2428 681 2504 lu
694 2452 855 2525 quorum
868 2432 1067 2507 verborum
1084 2433 1466 2529 intelligentiam‚quia
1479 2455 1502 2508 a
1516 2434 1640 2507 multis

469 2557 554 2624 sunt
572 2552 668 2624 male
689 2552 880 2646 intellecta,
901 2559 956 2626 est
973 2554 1264 2648 praenotandum,
1291 2555 1391 2647 quod
1407 2554 1475 2628 iste
1492 2554 1640 2648 spiritus

470 2689 541 2743 non
569 2671 646 2743 vult
671 2672 770 2744 aliud
796 2672 918 2747 dicere
942 2674 1204 2748 sententialiter
1231 2674 1268 2746 in
1292 2673 1518 2767 eflectu,uisi
1536 2673 1637 2769 quod

469 2791 603 2866 flantes
635 2813 733 2866 nunc
765 2793 1028 2888 adimpleverat
1061 2794 1281 2869 desiderium
1313 2815 1422 2867 suum
1458 2795 1639 2868 veniendo

468 2912 514 2986 ad
539 2913 689 3007 coelum,
716 2914 800 3008 quia
828 2922 1085 3010 expectaverat
1110 2916 1170 2989 diu
1198 2921 1347 2989 etcum
1374 2935 1509 3011 magno
1543 2915 1640 2989 desi-

469 3032 572 3107 derio
598 3034 707 3107 istum
733 3033 932 3108 adventum
952 3056 1063 3129 quem
1082 3035 1300 3130 praeviderat
1325 3035 1363 3106 in
1387 3035 1537 3129 speculo
1554 3035 1640 3109 llei-

470 3153 562 3248 tans,
599 3154 634 3226 in
670 3175 744 3248 quo
777 3155 871 3229 beati
901 3155 1020 3229 vident
1047 3176 1135 3230 vera
1170 3163 1206 3230 et
1238 3156 1364 3229 futura
1397 3155 1513 3227 multa
1546 3155 1640 3230 sicut

468 3273 598 3348 totiens
616 3275 696 3368 jam
722 3275 838 3369 patuit
863 3283 900 3349 et
926 3275 1061 3370 patebit
1087 3275 1243 3364 inlibro
1270 3275 1348 3347 isto.
1376 3275 1479 3346 Nunc
1497 3273 1580 3348 vide
1596 3274 1641 3348 li·

468 3399 597 3486 teram,
636 3414 749 3486 quam
784 3393 869 3468 satis
903 3394 1086 3468 difficilem
1122 3400 1158 3468 et
1190 3393 1388 3466 obscuram
1421 3392 1568 3466 declara
1603 3399 1641 3467 et

465 3519 638 3587 construe
663 3513 738 3586 sic:
766 3516 921 3605 ofipffo,
950 3521 985 3586 tu
1010 3516 1069 3586 frui
1100 3515 1225 3605 soluto,
1253 3512 1356 3603 idest,
1387 3510 1639 3605 adimplevisti,

464 3641 570 3724 prato
594 3655 613 3706 c
637 3635 758 3706 mamre
782 3636 939 3725 dipiuno,
966 3633 1068 3726 idest,
1094 3633 1246 3728 longum
1273 3640 1309 3706 et
1334 3633 1461 3705 laetum
1496 3631 1640 3706 deside·

467 3755 563 3829 rium
591 3775 732 3849 meum,
758 3755 821 3848 qui
841 3755 902 3829 diu
922 3753 1125 3829 desideravi
1145 3753 1269 3828 videre
1287 3761 1325 3827 te
1342 3753 1411 3844 tric,
1429 3752 1524 3826 sicut
1546 3772 1640 3846 prae-

466 3875 629 3950 videram
657 3875 693 3948 in
718 3875 815 3967 Deo;
843 3873 940 3947 uude
965 3873 1067 3948 dicit:
1095 3872 1279 3967 ieiunium
1314 3872 1407 3965 dico,
1433 3878 1539 3944 dotto
1565 3874 1639 3962 lep·

464 3997 591 4086 pendo,
604 3994 740 4069 scilicet
757 4013 822 4088 per
840 4013 911 4085 me,
924 3995 981 4066 oet
998 4014 1127 4084 mayoc
1145 3995 1292 4084 volume,
1307 3991 1410 4084 idest,
1423 3991 1470 4065 de
1488 3989 1583 4064 libro
1596 3983 1635 4083 (¹)

464 4115 595 4190 divine
624 4115 887 4210 profunditatis,
913 4113 949 4186 in
974 4136 1049 4207 quo
1074 4133 1144 4209 ego
1170 4113 1332 4207 legeram
1353 4119 1389 4186 te
1405 4112 1480 4185 lruc
1504 4130 1635 4185 ascen-
1716 4110 1723 4129 ¹

464 4257 606 4310 surum.
632 4237 672 4309 ln
699 4234 758 4310 illo
788 4235 885 4309 enim
919 4233 1043 4308 omnia
1074 4233 1207 4327 scripta
1233 4239 1319 4305 sunt
1344 4230 1635 4325 immutabiliter3

466 4358 563 4432 unde
587 4357 694 4431 dicit:
722 4360 845 4428 lf'norr
869 4357 901 4426 si
925 4361 1019 4426 muto
1046 4356 1118 4426 moi
1146 4354 1271 4426 blanco
1301 4345 1346 4426 ne*
1377 4353 1504 4442 bruno,
1530 4354 1636 4445 quasi

463 4477 577 4550 dicat:
604 4475 642 4548 in
667 4481 745 4570 quo'
769 4495 959 4568 nunquam
985 4473 1025 4546 tit
1052 4473 1205 4548 mutatio
1232 4472 1290 4547 vel
1315 4472 1483 4548 alteratio
1499 4473 1636 4566 aliqua,

463 4595 549 4690 quia
579 4597 627 4670 ibi
665 4616 739 4668 non
770 4593 1005 4686 cancellatur,
1039 4612 1111 4667 non
1141 4591 1288 4668 additur
1325 4611 1393 4666 uec
1430 4591 1636 4666 detrahitur

462 4715 677 4810 quidquam,
702 4715 796 4788 sicut
820 4715 859 4786 in
884 4712 984 4786 libris
1010 4713 1221 4786 mortalium
1248 4712 1362 4807 plenis
1384 4712 1582 4787 mendaciis
1599 4721 1637 4788 et

444 5009 448 5018 ·
523 4974 551 5037 (¹)
567 4974 593 5024 S.
610 4975 678 5026 libro
694 4975 830 5039 protunda
847 4975 995 5036 diuinitatis,
1012 4975 1038 5024 in
1055 4988 1117 5038 quo.
