4842 6642
816 816 886 884 236
1210 827 1416 883 conuuruu
1440 829 1605 883 ruamur

817 983 896 1050 tum
923 975 1009 1071 quia
1035 975 1092 1049 isti
1118 975 1180 1070 qui
1207 974 1358 1049 luerunt
1378 975 1468 1071 justi
1493 974 1531 1049 in
1557 980 1658 1049 terra
1675 972 1808 1049 debent
1828 973 1922 1049 scire
1939 972 1988 1048 de
2116 1030 2122 1041 .

810 1095 949 1189 Justitia
974 1094 1115 1189 divina;
1141 1102 1220 1169 tum
1249 1096 1334 1190 quia
1361 1087 1471 1188 hicl¹l
1497 1095 1613 1191 tangit
1644 1095 1843 1170 Traianum
1870 1095 1988 1190 impe-

815 1222 990 1309 ratorem,
1016 1215 1078 1309 qui
1105 1222 1160 1290 est
1184 1213 1231 1289 de
1257 1236 1414 1289 numero
1444 1215 1625 1310 istorum;
1655 1222 1693 1290 et
1727 1215 1892 1289 similiter
1923 1215 1986 1289 Ri-

815 1338 950 1433 pbeum
977 1337 1173 1432 troianum,
1200 1336 1264 1431 qui
1290 1336 1401 1411 etiam
1426 1343 1482 1411 est
1502 1357 1549 1411 er
1570 1337 1645 1410 istis
1662 1337 1724 1432 qui
1742 1337 1893 1411 luerunt
1910 1337 1986 1411 vir-

816 1458 1008 1534 tuosissimi
1034 1465 1071 1533 et
1097 1458 1259 1533 manime
1279 1458 1469 1553 justissimi
1492 1459 1529 1531 in
1549 1458 1635 1552 rita,
1655 1465 1779 1532 tamen
1799 1458 1878 1532 sine
1902 1456 1984 1532 fide.

815 1580 919 1654 Nunc
943 1577 1071 1652 ordina
1096 1586 1133 1652 et
1159 1598 1303 1673 erpone
1320 1578 1464 1653 literam
1490 1578 1558 1652 sic:
1582 1583 1656 1651 Bon
1679 1600 1719 1651 so
1744 1581 1779 1650 io
1804 1581 1876 1669 clm,
1894 1599 1931 1651 se
1947 1581 1985 1651 la

815 1702 935 1773 diuino
959 1701 1121 1790 plustiztc
1143 1702 1183 1793 so
1210 1702 1304 1773 altro
1327 1719 1460 1789 recum,
1486 1698 1589 1789 idest,
1614 1698 1724 1773 aliam
1746 1719 1904 1795 speram,
1921 1720 1985 1772 suo

814 1824 968 1914 speccldo
984 1823 1022 1893 in
1038 1822 1135 1909 ciclo,
1150 1819 1253 1914 idest,
1266 1820 1295 1893 si
1309 1819 1428 1894 divina
1438 1820 1580 1914 justitia
1600 1820 1804 1923 manifestat
1815 1840 1856 1894 se
1869 1820 1904 1893 in
1919 1820 1986 1894 ali·

817 1962 891 2035 qua
905 1938 1056 2037 regione
1069 1938 1151 2013 coeli
1167 1939 1330 2013 maxime
1348 1940 1417 2013 boc
1433 1939 1518 2015 lacit
1534 1939 1571 2013 in
1591 1940 1742 2036 regione
1754 1931 1914 2034 tonse),
1926 1942 1987 2014 cite

815 2064 842 2133 il
857 2067 975 2133 oosbo
988 2080 1060 2132 non
1077 2062 1284 2151 l’opprcnde
1302 2080 1368 2132 con
1389 2062 1534 2150 velante,
1550 2059 1666 2134 immo
1684 2068 1811 2155 aperte
1823 2067 1861 2135 et
1874 2062 1985 2154 clare,

816 2181 903 2275 quia
929 2181 1070 2275 planeta
1098 2179 1195 2253 Jovis
1221 2186 1276 2253 est
1303 2180 1465 2254 maxime
1493 2179 1628 2275 justus,
1658 2188 1696 2254 et
1721 2200 1787 2253 vos
1813 2180 1898 2255 estis
1923 2178 1986 2254 lilii

816 2300 933 2393 Jovis;
947 2298 1050 2393 quasi
1065 2298 1175 2405 dicat:
1194 2319 1259 2372 vos
1278 2299 1418 2373 habetis
1436 2298 1545 2373 talem
1564 2298 1723 2395 gradum
1743 2300 1986 2395 beatitudinis,

817 2421 915 2516 quod
934 2422 1027 2495 bene
1052 2418 1254 2493 discernitis
1275 2420 1313 2491 in
1331 2420 1407 2493 Deo
1427 2420 1619 2494 veritatem
1633 2419 1795 2515 justitiae,
1813 2441 1897 2514 qoae
1918 2441 1985 2516 per

817 2541 983 2637 spiritum
1002 2540 1149 2614 beatum
1178 2539 1290 2634 possit
1316 2538 1549 2634 apprehendi.
1564 2544 1757 2631 -Sapete
1785 2540 1850 2614 llic
1875 2548 1984 2615 autor

817 2660 1094 2747 ostenditsuam
1113 2659 1351 2734 attentionem
1369 2649 1405 2750 (³)
1422 2667 1458 2733 et
1483 2659 1590 2733 tacite
1612 2659 1726 2757 tangit
1743 2662 1982 2754 qrraestionem

817 2784 993 2857 intentam
1009 2768 1058 2875 (⁴),
1073 2780 1213 2854 dicens:
1232 2784 1355 2872 sapere
1379 2802 1474 2852 come
1499 2788 1626 2853 attento
1647 2783 1682 2853 io
1706 2784 1986 2875 m'opporecctio

818 2906 868 2977 od
879 2905 1046 2992 ascoltor,
1061 2899 1147 2993 quia
1166 2900 1317 2974 tamdiu
1331 2901 1520 2995 expectavi
1536 2892 1815 2993 (⁵)solutionem.
1835 2903 1879 2975 Et
1898 2904 1987 2977 sub-

706 3048 712 3065 ·
818 3026 885 3099 dit:
902 3030 1018 3115 supete
1041 3023 1125 3113 quot
1148 3016 1169 3095 e*
1191 3023 1271 3113 quel
1285 3022 1409 3094 dubbio
1434 3023 1494 3093 cde
1519 3024 1563 3093 m'
1577 3016 1599 3095 c*
1614 3025 1736 3113 dpiun
1752 3031 1890 3096 cotonto
1908 3046 1986 3097 vec-

817 3148 905 3233 citio,
932 3150 973 3215 ut
993 3142 1071 3238 jam
1098 3140 1237 3214 dictum
1263 3147 1329 3235 est,
1352 3142 1457 3234 quasi
1482 3141 1597 3215 dicat:
1625 3164 1697 3217 non
1718 3143 1864 3237 expedit
1889 3144 1986 3237 quod

818 3264 1021 3359 exprimam
1040 3261 1154 3336 verbo
1179 3259 1443 3334 dubitationem
1467 3282 1579 3354 quam
1601 3260 1664 3335 diu
1688 3264 1828 3357 portavi
1850 3264 1887 3336 in
1907 3264 1999 3337 ani-.

819 3382 993 3478 mo‚quia
1012 3402 1076 3455 vos
1095 3380 1222 3455 videtis
1249 3381 1477 3455 voluntatem
1502 3401 1625 3455 meam
1651 3381 1758 3457 ineo
1784 3382 1848 3477 qui
1865 3384 1987 3459 omnia

818 3505 926 3599 videt,
952 3504 1045 3577 sicut
1070 3522 1140 3599 ego
1160 3502 1238 3596 iam
1266 3507 1441 3595 expertus
1467 3523 1551 3575 sum
1584 3501 1619 3575 in
1655 3503 1779 3577 multis
1806 3504 1988 3599 spiritibus

819 3624 1006 3725 beatis—
1023 3626 1121 3711 Quot.
1149 3621 1215 3695 llic
1239 3626 1349 3693 autor
1374 3619 1526 3694 intendit
1551 3621 1759 3697 describere
1785 3624 1990 3718 responsio-

820 3764 904 3819 nem
931 3741 1082 3836 aquilae3
1109 3748 1145 3815 et
1171 3740 1290 3836 primo
1315 3739 1486 3815 describit
1511 3741 1785 3835 apparationem
1806 3744 1917 3837 ipsius
1941 3743 1988 3837 ad

820 3863 1042 3964 loquendum
1070 3884 1135 3957 per
1170 3882 1283 3935 unam
1318 3860 1631 3955 comparationem
1665 3863 1804 3937 claram
1835 3870 1873 3937 et
1902 3885 2021 3959 pro·‚

819 3985 947 4080 priam.
981 3982 1115 4057 Ordine
1149 3983 1216 4056 sic.
1235 3982 1396 4055 literam:
1432 3984 1550 4054 Vt'd'io
1583 3985 1662 4075 quel
1687 4005 1806 4077 separo,
1841 3985 1988 4080 scilicet,

818 4104 993 4203 aquilam,
1027 4104 1077 4175 clt'
1091 4123 1155 4175 eru
1188 4109 1353 4192 comato,
1382 4100 1484 4194 idest,
1516 4101 1782 4198 coordinatum,
1819 4106 1858 4178 di
1888 4108 1990 4179 laude

818 4228 910 4299 delto
935 4227 1055 4298 divina
1080 4225 1224 4314 pruzia,
1251 4222 1352 4315 idest,
1382 4221 1623 4296 laudabilibus
1654 4224 1838 4318 spiritibus
1871 4227 1990 4323 gratia

818 4347 954 4439 divina,
990 4348 1106 4441 sarsi,
1132 4343 1240 4438 idest,
1275 4342 1383 4436 ellici,
1418 4346 1479 4436 tul,
1517 4344 1657 4439 supple,
1692 4349 1777 4436 qual
1810 4349 1838 4421 it
1870 4352 1991 4442 falcon

820 4470 869 4540 clt'
883 4470 1032 4540 ascendo
1067 4467 1123 4539 det
1146 4466 1314 4557 cappello,
1345 4464 1510 4536 detracto
1539 4484 1562 4537 a
1586 4464 1744 4539 domino·
1761 4486 1841 4560 suo,
1868 4488 1991 4541 muooe

881 4654 909 4719 (¹)
927 4656 957 4707 E.
975 4657 1033 4707 hoc.

879 4731 906 4793 ξ’)
925 4731 952 4782 S.
967 4732 1047 4792 lovis,
1066 4731 1134 4781 unde
1151 4731 1227 4781 dicit:
1244 4732 1287 4780 cbo
1302 4731 1323 4779 u
1338 4734 1429 4787 vostro,
1441 4729 1541 4779 scilicet
1551 4742 1662 4793 regnum
1673 4730 1752 4791 lovis,
1761 4743 1861 4780 uon.-
1869 4728 1900 4778 Ε.
1909 4728 1989 4789 toris,

818 4808 886 4859 undu
901 4808 977 4858 dicit:
994 4810 1038 4858 cbo
1048 4809 1067 4858 'l
1082 4814 1173 4865 vostro,
1190 4808 1290 4858 scilicet
1305 4820 1416 4871 regnum
1427 4806 1506 4867 loris,
1516 4821 1569 4857 non
1578 4807 1731 4871 l'oppmndc
1746 4820 1793 4857 con
1802 4807 1907 4863 catomo.
1924 4806 1989 4857 idest

818 4891 964 4949 repertura,
981 4884 1062 4935 immo
1078 4889 1176 4948 aperta.
1302 4881 1329 4946 (¹)
1346 4882 1376 4932 E.
1393 4884 1571 4933 intentionem.
1703 4882 1731 4945 (¹)
1747 4883 1778 4935 Ε.
1793 4883 1955 4933 intentatum.

881 4960 908 5023 (⁸)
925 4960 954 5010 E.
972 4961 1104 5024 expectavi
1120 4962 1206 5011 adbuc
1222 4959 1388 5011 solutionem.
