4842 6642
499 1289 668 1359 cauma
688 1289 880 1360 nncnrnc
902 1291 1074 1376 ramus,
1098 1295 1135 1359 a
1156 1313 1217 1378 qo
1237 1293 1306 1376 oo
1327 1297 1456 1358 maor
1480 1291 1618 1359 mono

625 1404 684 1472 rao
706 1403 860 1472 asam
878 1411 996 1472 mo
1017 1405 1184 1472 uuonan
1205 1404 1290 1472 naa
1310 1403 1489 1470 smnus.

552 1631 636 1802 0
656 1751 860 1804 tdslvlvsdvd
886 1749 975 1804 aaa
994 1731 1048 1804 de’
1062 1731 1214 1804 mulsit
1233 1729 1433 1822 Postquam
1450 1728 1488 1802 in
1505 1749 1647 1824 prece-

470 1851 569 1931 danti
586 1849 754 1946 proximo
779 1849 938 1946 capitulo
962 1854 1072 1924 antor
1097 1853 1222 1924 noster
1248 1847 1449 1922 introduxit
1465 1849 1644 1926 Thomam

469 1971 518 2054 da
551 1969 696 2066 Aquino
726 1969 789 2064 qui
815 1968 1019 2066 propalavit
1048 1967 1115 2042 sibi
1146 1988 1257 2042 unam
1288 1987 1464 2042 coronam
1499 1970 1647 2047 anima·

471 2111 558 2166 rum
578 2095 818 2186 apparentem
837 2089 1047 2184 incorpore
1072 2086 1177 2181 solis3
1198 2107 1297 2162 nnnc
1319 2093 1588 2182 consequenter
1607 2089 1646 2162 in

469 2212 540 2288 isto
564 2211 613 2288 Xl
637 2210 796 2307 capitulo
821 2209 959 2284 inducit
984 2207 1157 2284 eumdem
1178 2207 1370 2302 Thomam,
1395 2208 1459 2302 qui
1483 2209 1648 2286 declarat

471 2333 539 2410 sihi
565 2353 683 2408 unum
708 2330 863 2407 dubium
890 2337 1019 2406 natum
1045 2350 1090 2406 ex
1118 2349 1194 2404 unu
1220 2328 1318 2405 dicto
1346 2327 1463 2423 posito
1488 2329 1526 2404 in
1551 2350 1648 2424 prm

471 2452 614 2532 cedenti
648 2451 817 2548 capitulo.
856 2452 901 2526 Et
935 2456 1053 2526 totum
1092 2469 1254 2545 praesens
1289 2449 1490 2546 capitulum
1527 2457 1647 2546 potest

472 2694 591 2790 prima
615 2699 725 2768 autor
759 2692 922 2788 increpat
947 2697 984 2766 et
1008 2690 1158 2766 damnat
1187 2689 1329 2766 variam
1363 2690 1644 2786 occupationem

473 2813 665 2890 hominnm
689 2811 786 2888 circa
811 2811 955 2886 diversa
979 2810 1098 2886 studia
1120 2831 1192 2885 nnn
1214 2810 1261 2886 ad
1281 2810 1393 2886 finem
1412 2831 1511 2886 verre
1532 2810 1648 2887 ieliei·

472 2933 566 3010 tatis.
592 2933 632 3008 ln
657 2930 818 3008 emunda
844 2929 982 3006 inducit
1004 2928 1143 3005 dictum
1159 2925 1196 3022 (¹)
1224 2930 1401 3006 Thomam
1434 2930 1498 3024 qui
1530 2929 1646 3028 tangit

471 3054 548 3134 duo
576 3052 688 3128 dubia
719 3049 904 3126 moventia
932 3056 1092 3126 mentem
1118 3051 1272 3146 autoris,
1302 3051 1370 3124 ibi:
1398 3053 1464 3124 Pei
1488 3054 1548 3124 cte
1572 3052 1646 3124 eta-

471 3193 589 3248 sorrne
603 3171 645 3248 ln
662 3171 769 3246 tertia
782 3172 941 3246 Thomas
956 3189 1024 3267 pro
1040 3169 1222 3246 solutione
1235 3170 1341 3266 primi
1358 3170 1458 3246 dubii
1477 3170 1649 3246 describit

472 3299 510 3370 ct
539 3290 773 3367 commendat
812 3290 923 3366 vitam
958 3290 1054 3366 beati
1087 3290 1282 3385 Francisci‚
1313 3291 1384 3366 ibi:
1419 3296 1471 3366 Lo
1498 3295 1649 3385 prunol-

471 3416 597 3490 dorna.
624 3412 665 3486 ln
690 3417 823 3508 quarta
853 3417 889 3486 et
919 3410 1048 3486 ultima
1079 3411 1250 3486 describit
1284 3419 1322 3487 et
1353 3413 1504 3486 damnat
1534 3412 1647 3488 vitam

471 3555 627 3614 suornm
653 3532 811 3608 fratrum
841 3531 1124 3627 predicatorum
1161 3533 1426 3609 modernorum
1443 3525 1507 3625 (²):
1533 3541 1571 3610 at
1593 3533 1646 3608 sic

472 3653 578 3734 solvit
601 3652 764 3750 primum
790 3650 956 3745 dubium,
982 3650 1054 3726 ibi:
1083 3657 1199 3726 Pensa
1223 3656 1375 3728 ornum.
1402 3653 1455 3728 nd
1480 3653 1645 3749 primunr

472 3773 623 3852 veniens
644 3771 737 3866 vlico,
754 3771 854 3868 quod
878 3771 915 3844 in
941 3771 1059 3868 prima
1084 3779 1189 3867 parte
1213 3773 1378 3870 generali
1397 3780 1507 3848 autor
1524 3773 1646 3850 incre-

474 3903 536 3992 pat
569 3873 607 3970 et
638 3893 789 3970 damnat
822 3891 963 3968 variam
1002 3892 1280 3988 occupationem
1318 3894 1509 3969 hominnm
1548 3895 1646 3970 cirea

474 4015 619 4092 diversa
644 4013 775 4108 studia,
801 4034 874 4088 non
899 4012 947 4088 ad
972 4012 1083 4089 linem
1110 4034 1210 4090 verat
1242 4014 1431 4092 felicitatis.
1457 4017 1502 4090 Et
1526 4016 1647 4112 primo

474 4133 562 4210 lacit
584 4133 803 4210 invectivam
830 4140 957 4210 contra
975 4135 1142 4212 homines
1159 4134 1222 4230 qni
1240 4143 1317 4211 tam
1334 4136 1526 4212 dementer
1542 4157 1647 4232 qute-

476 4259 565 4334 runt
584 4252 790 4330 felicitatem
812 4253 1023 4330 interranis
1040 4260 1117 4330 toto
1133 4255 1253 4332 studio
1269 4263 1308 4332 et
1327 4255 1485 4353 ingenio,
1502 4256 1646 4332 dieenaz

480 4379 510 4448 0
528 4376 707 4448 cucuma
729 4393 818 4446 curu
841 4376 895 4446 dci
907 4377 1060 4468 mortali,
1081 4374 1184 4468 idest,
1210 4396 1235 4450 o
1259 4375 1387 4451 insana
1412 4383 1450 4450 et
1475 4377 1647 4472 insipiens

475 4491 664 4568 solicitudo
689 4492 893 4586 hominnm,
919 4501 1050 4592 quanto
1073 4515 1139 4568 ron
1163 4498 1308 4589 disetdct
1333 4499 1527 4591 edomant,
1555 4497 1648 4572 idest

474 4618 696 4712 argumenta
712 4637 722 4708 3
741 4612 791 4686 sic
816 4620 1024 4709 exponatur
1049 4614 1152 4711 large
1177 4636 1245 4709 pro
1270 4616 1392 4692 minus
1417 4617 1649 4714 intelligenti·

476 4732 557 4808 bus.
575 4733 638 4807 Est
654 4738 780 4808 autem
803 4734 1035 4831 syllogismus
1059 4735 1156 4830 apud
1181 4736 1318 4832 logicos
1342 4737 1460 4812 oratio
1478 4746 1649 4814 constans

537 4993 565 5056 n)
580 4991 606 5045 s,
622 4993 707 5057 iprum
724 4969 879 5048 nnonnms
1051 4998 1078 5058 t't
1094 4997 1124 5050 rr.
1142 4999 1451 5078 nordmannorum.

614 5099 639 5143 V.
1499 5111 1512 5150 4
