4842 6642
784 799 924 858 cunnus
949 803 1106 860 oremus
1130 805 1294 860 ruarmo.
1579 791 1627 861 93

453 945 556 1040 idest,
585 965 660 1020 non
691 945 853 1041 disparet
884 945 921 1020 in
954 947 1184 1022 revolutione
1215 967 1301 1042 sua3
1332 946 1503 1023 describit
1534 969 1625 1046 ergo

452 1088 571 1142 unum
589 1067 742 1142 brevem
761 1067 941 1142 circulum
960 1072 998 1142 et
1014 1087 1221 1162 numquam
1239 1067 1324 1142 lacit
1339 1087 1512 1143 occasum
1530 1071 1626 1146 sicut

451 1187 532 1262 aliae
558 1187 682 1263 stelle.
710 1188 858 1283 Deinde,
876 1191 1061 1280 tmntapini
1082 1191 1119 1263 ta
1135 1189 1253 1283 moro,
1274 1187 1376 1284 idest,
1394 1191 1516 1264 stellas
1532 1191 1626 1266 duas

453 1308 611 1384 maiores
636 1308 674 1382 in
698 1330 765 1385 ore
791 1309 941 1384 minoris
962 1329 1071 1403 ursae,
1088 1329 1173 1404 quae
1198 1309 1332 1383 minor
1347 1331 1434 1385 ursa
1453 1316 1508 1385 est
1529 1312 1624 1386 lacta

451 1429 676 1504 admodum
703 1450 831 1505 oornu.
858 1429 960 1506 Unde
985 1429 1087 1504 dicit:
1114 1432 1153 1503 di
1175 1433 1255 1523 quel
1276 1451 1388 1504 conto
1412 1433 1474 1504 cde
1503 1434 1536 1504 n·
1563 1451 1626 1506 coe

452 1552 580 1624 mocio
606 1553 643 1623 in
664 1558 789 1644 ponta,
810 1550 901 1626 idest
926 1550 963 1624 in
988 1552 1084 1646 polo,
1102 1551 1193 1624 dello
1217 1553 1316 1642 stolo,
1334 1550 1436 1646 idest,
1461 1551 1550 1626 axis.
1569 1551 1623 1626 Ad

453 1670 552 1764 quod
578 1670 780 1745 notandum
802 1670 902 1765 qrtod
917 1671 998 1745 axis
1021 1671 1104 1745 coeli
1122 1671 1327 1765 appellatur
1342 1664 1378 1762 (¹)
1398 1671 1493 1746 linea
1510 1679 1623 1766 recta,

453 1811 537 1886 qnae
558 1797 614 1866 est
629 1791 677 1866 ab
704 1813 778 1868 uno
802 1793 888 1887 polo
904 1790 951 1866 ad
968 1791 1082 1866 alium
1101 1793 1240 1888 polum,
1258 1792 1352 1866 sicut
1369 1799 1425 1868 eet
1440 1792 1479 1866 in
1499 1798 1625 1868 nostro

452 1896 567 1986 cu'rru
588 1911 768 1986 materiali
794 1911 854 1986 ille
879 1911 958 1986 axis
983 1911 1030 1988 ab
1057 1933 1131 1988 una
1157 1919 1238 1987 rota
1262 1912 1310 1987 ad
1334 1913 1461 2007 aliam3
1488 1920 1625 2008 puncta

452 2052 541 2130 ergo
567 2031 646 2106 aris
671 2031 755 2106 lacit
780 2033 906 2132 polum
924 2032 1020 2107 circa
1038 2053 1151 2126 quem
1172 2033 1373 2108 volvuntur
1390 2054 1479 2108 ursa
1504 2033 1625 2109 maior

452 2159 489 2228 et
513 2152 644 2226 minor.
672 2153 717 2227 Et
740 2153 849 2228 dicit:
876 2174 900 2226 a
924 2155 980 2227 cui
1004 2155 1041 2225 lu
1059 2155 1182 2245 prim
1201 2161 1284 2227 roto
1308 2173 1355 2226 oa
1379 2157 1570 2246 dintomto5
1587 2159 1626 2228 et

372 2252 375 2262 ’
451 2270 509 2346 hio
526 2278 612 2347 nota
633 2271 733 2366 quod
760 2272 855 2347 istud
881 2271 1128 2348 communiter
1153 2272 1360 2368 exponitur,
1385 2271 1483 2366 quod
1505 2272 1624 2368 prima

450 2397 532 2468 rota
548 2391 709 2488 praedicti
722 2413 857 2466 currus
870 2391 1021 2467 minoris
1039 2412 1135 2465 ursae
1154 2398 1326 2467 movetur
1338 2393 1436 2467 circa
1448 2397 1622 2487 punctam

451 2511 528 2588 sive
552 2513 690 2608 polum.
717 2512 840 2586 Potest
865 2517 989 2587 tamen
1014 2512 1180 2586 subtilius
1206 2512 1356 2608 intelligi
1381 2513 1480 2608 quod
1504 2513 1624 2608 prima

451 2639 545 2726 rota,
571 2632 662 2708 idest
693 2631 855 2727 primum
885 2631 1021 2708 mobile
1052 2632 1151 2726 quod
1181 2639 1354 2708 movetur
1385 2653 1497 2728 super
1530 2634 1624 2708 duas

451 2752 700 2830 extremitates
725 2751 823 2847 axis3
851 2758 888 2827 et
912 2752 997 2827 dicit
1022 2755 1092 2828 hoc
1116 2752 1162 2827 ad
1187 2753 1428 2828 differentiam
1457 2754 1529 2850 poli
1558 2773 1624 2829 zo·

450 2873 556 2968 diaci,
573 2873 637 2968 qui
661 2872 768 2948 distat
792 2873 841 2946 ab
865 2871 934 2946 isto
960 2892 1026 2968 per
1051 2873 1294 2971 quadraginta
1314 2873 1469 2971 gradus,
1490 2873 1622 2970 imagi·

451 3000 561 3068 uetur
585 2993 666 3067 dioo
692 2991 881 3088 predictas
901 3013 1031 3068 omnes
1047 2993 1169 3068 stellas
1186 3001 1407 3089 aggregatas
1428 2993 1465 3066 in
1491 3013 1622 3086 unum,

450 3135 537 3188 aver
559 3117 648 3208 sotto
673 3115 711 3186 di
733 3109 773 3186 sc*
799 3114 869 3186 duo
893 3116 992 3205 sequi
1018 3117 1055 3186 in
1084 3114 1182 3204 cleto,
1213 3113 1316 3207 idest,
1344 3114 1436 3188 duas
1467 3129 1624 3188 coronas

450 3233 550 3327 tales,
577 3232 716 3327 supple,
742 3234 838 3324 quat,
863 3230 1008 3326 scilieet,
1035 3253 1224 3328 coronam,
1247 3238 1320 3328 fece
1345 3237 1381 3307 lo
1402 3236 1562 3327 [tytiuota
1586 3234 1624 3307 di

449 3355 573 3447 Minoi,
601 3351 703 3446 idest,
728 3349 898 3445 Ariadna,
930 3355 1048 3426 atloru
1072 3355 1133 3427 cltc
1155 3347 1244 3428 senti
1265 3357 1294 3428 tt
1315 3357 1394 3446 pelo
1422 3357 1462 3428 di
1495 3362 1619 3446 mmo,

339 3565 350 3586 .
449 3472 540 3548 idest
555 3478 724 3567 tempore
742 3471 871 3545 mortis
888 3491 975 3545 suae.
994 3471 1047 3547 Ad
1065 3473 1164 3567 quod
1180 3480 1236 3548 est
1252 3473 1415 3548 breviter
1431 3448 1620 3548 s'ciendum

449 3594 548 3690 quod
573 3593 663 3666 durn
689 3591 851 3666 Theseus
876 3590 953 3667 dux
977 3592 1204 3670 Athenarum
1233 3598 1484 3669 reverteretur
1500 3592 1548 3666 ab
1564 3593 1621 3666 in-

449 3715 529 3790 sula
560 3714 668 3789 Creta
702 3711 846 3786 devicto
877 3711 1094 3808 Minotauro,
1120 3720 1157 3788 et
1181 3713 1334 3789 duceret
1366 3732 1494 3787 amum
1526 3712 1620 3788 duas

449 3834 538 3910 filias
564 3831 660 3930 regis
692 3831 829 3925 Minois,
861 3831 997 3907 scilicet
1029 3833 1222 3907 Phaedram
1260 3838 1298 3906 et
1333 3831 1544 3927 Ariadnam,
1577 3838 1619 3905 ut

449 3955 625 4049 scriptum
644 3959 699 4028 est
715 3953 752 4026 in
778 3952 935 4048 lnlerno,
956 3952 1150 4047 dereliquit
1168 3952 1378 4047 Ariadnam,
1396 3974 1511 4048 quam
1531 3973 1618 4048 pro-

450 4065 594 4166 misitl¹l
616 4093 750 4168 capere
770 4073 806 4147 in
832 4093 990 4148 uxorem
1009 4071 1180 4147 ininsula
1198 4072 1343 4148 deserta
1361 4073 1509 4148 nomine
1528 4073 1619 4149 Chio

449 4193 704 4288 dormientem,
739 4214 853 4288 quarn
886 4194 1052 4268 Bacchus
1085 4193 1283 4287 stupravit:
1317 4200 1355 4266 et
1385 4194 1445 4267 illa
1470 4200 1619 4268 mortua

449 4315 622 4390 translata
636 4320 692 4390 est
704 4313 741 4387 in
754 4314 890 4388 ooelum
909 4319 946 4388 et
962 4333 1138 4388 conversa
1153 4313 1189 4386 in
1202 4313 1514 4390 constellationem
1535 4333 1619 4408 quae

448 4435 581 4512 dicitur
605 4435 760 4511 Corona.
787 4435 830 4506 Et
855 4433 913 4507 hic
938 4440 1025 4509 nota
1051 4433 1150 4528 quod
1182 4433 1385 4508 secundum
1415 4433 1619 4530 astrologos

448 4557 602 4648 Corona,
620 4554 666 4630 do
688 4553 742 4628 rei
759 4551 925 4648 veritate,
942 4557 997 4627 est
1018 4573 1094 4626 una
1114 4552 1339 4627 constellatio
1359 4552 1455 4627 facta
1471 4573 1518 4628 ex
1536 4554 1621 4648 plu-

448 4675 550 4749 dhus
568 4673 677 4750 stellis
699 4673 736 4746 in
757 4672 906 4747 modum
925 4693 1072 4748 coronae
1090 4671 1167 4748 sive
1187 4672 1326 4766 circuli,
1343 4672 1438 4746 sicut
1454 4677 1553 4768 patet
1571 4671 1619 4747 ad

510 4929 538 4995 (ll
553 4930 584 4981 B.
600 4931 746 4996 appellatur
761 4889 806 4983 illa
822 4936 880 4983 rota
896 4945 954 4996 qua
969 4935 1017 4982 eat.
1141 4927 1170 4992 (¹)
1186 4928 1217 4979 lt.
1233 4928 1395 4992 promuerit.
