4842 6642
896 843 1035 897 caunos
1060 843 1262 898 mammos.
1572 828 1639 894 271

471 987 617 1081 scilicet,
644 989 755 1085 ipsius
781 988 924 1083 aquilae,
952 1011 973 1064 a
1000 989 1118 1082 simili,
1141 1011 1214 1082 pur
1238 1009 1333 1062 como
1358 989 1469 1060 datter
1488 989 1643 1078 d'ocold,

472 1109 556 1203 quia
582 1108 717 1182 similes
746 1108 937 1202 aequaliter
969 1110 1193 1184 clauduntur
1224 1108 1518 1203 deponuntur,
1551 1107 1645 1183 sieut

471 1228 606 1302 dicium
634 1234 690 1302 est
714 1227 761 1302 de
786 1229 855 1302 hoc
880 1250 1005 1324 supra,
1024 1237 1155 1303 mentre
1174 1230 1234 1301 ote
1253 1221 1376 1321 porto,
1395 1227 1498 1320 idest,
1525 1227 1646 1301 donec

473 1348 529 1422 illa
555 1349 677 1442 aquila
704 1349 856 1443 loquuta
883 1350 967 1443 lnit3
999 1358 1036 1426 et
1062 1352 1140 1426 haec
1165 1350 1236 1425 vidi
1263 1350 1384 1424 lacere
1410 1348 1524 1423 dictas
1550 1347 1645 1422 duas

473 1469 625 1561 animas,
642 1461 672 1542 si
696 1490 793 1542 conte
816 1471 908 1544 buon
932 1475 1090 1544 tttartstn
1104 1476 1147 1565 [α
1162 1474 1318 1562 seqnitur
1339 1473 1372 1544 to
1396 1473 1527 1561 quizzo
1552 1471 1645 1542 detto

473 1591 584 1662 corda
597 1571 628 1662 ¹u
644 1592 736 1666 ouon
752 1601 909 1681 cantore,
927 1593 1030 1686 quasi
1048 1593 1160 1666 dicat:
1179 1591 1274 1667 sicut
1292 1591 1409 1666 bonus
1436 1590 1645 1666 citharedus

473 1709 678 1784 conformat
703 1733 835 1786 sonum
862 1735 971 1787 snum
993 1713 1110 1808 perite
1134 1713 1257 1787 cantui
1284 1711 1369 1786 boni
1395 1711 1577 1786 cantoris:
1607 1720 1644 1785 et

472 1828 576 1903 dicit:
601 1834 639 1903 in
663 1834 723 1904 cte
748 1835 782 1905 to
806 1842 910 1907 conto
935 1837 1092 1925 acquum
1111 1829 1174 1926 pii
1198 1835 1410 1925 diuinum,
1437 1829 1523 1925 quin
1550 1832 1645 1906 sicut

474 1957 573 2045 patet
597 1952 811 2026 adsensum
831 1955 948 2050 magis
964 1953 1121 2029 delectat
1140 1953 1330 2028 audientes
1352 1961 1481 2027 cantus
1508 1953 1645 2026 mixtus

472 2091 558 2145 cum
576 2093 679 2164 sono,
699 2094 812 2166 qnam
839 2076 938 2148 solus
963 2083 1094 2149 cantus
1114 2082 1152 2150 et
1169 2075 1269 2148 solus
1294 2093 1406 2148 sonus
1431 2094 1497 2169 per
1523 2095 1573 2148 se.
1601 2075 1677 2147 Ιὲιχ

473 2191 521 2265 ita
537 2192 573 2265 in
586 2195 771 2289 proposito
784 2197 865 2289 plus
879 2197 1002 2292 gaudii
1025 2195 1220 2291 recipiebat
1237 2201 1346 2268 autor
1365 2215 1409 2269 ex
1429 2194 1644 2288 loquutione

475 2313 609 2406 aquilae
621 2315 757 2390 sociata
771 2336 856 2390 cum
872 2318 1124 2392 scintillatione
1138 2317 1282 2391 illarum
1298 2316 1519 2409 animarum,
1531 2337 1641 2409 quam

474 2431 617 2508 lecisset
630 2455 675 2510 ex
693 2437 906 2531 loquutione
920 2438 995 2513 sola
1014 2446 1052 2512 et
1064 2437 1317 2512 scintillatione
1334 2438 1431 2531 sola3
1446 2443 1482 2510 et
1495 2437 1546 2511 sio
1561 2457 1646 2531 pei·-

474 2552 634 2647 pendere
651 2563 753 2650 potes
773 2559 960 2650 quomodo
976 2559 1071 2632 diota
1092 2557 1319 2653 comparatio
1348 2563 1432 2651 apte
1452 2557 1644 2632 ancillatur

474 2675 558 2749 huic
584 2677 777 2771 proposito.
806 2679 883 2752 Deo
907 2679 1054 2775 gratias.
1081 2678 1209 2754 Amen.
