4842 6642
984 759 1054 828 132
1374 769 1579 826 curararum
1602 769 1771 825 ransom

982 917 1083 991 radii.
1111 917 1154 989 Et
1178 916 1341 991 declarat
1368 925 1620 990 transcursum
1648 915 1759 1011 ipsius
1784 914 1986 1010 splendoris
2020 937 2085 1012 per
2110 916 2161 991 si·

984 1036 1082 1130 mile,
1095 1035 1237 1112 dicens:
1255 1039 1315 1110 cte
1328 1057 1440 1130 poree
1454 1041 1560 1130 prom
1577 1039 1690 1110 dccco
1707 1039 1757 1109 ad
1772 1037 1965 1111 αἱαὸωινο.
1980 1037 2043 1112 l'st
2059 1037 2158 1112 euim

985 1158 1211 1232 alabastrum
1234 1176 1353 1252 genus
1380 1155 1577 1231 marmoris
1594 1155 1871 1252 lucidissimum,
1890 1178 1957 1253 per
1973 1157 2079 1232 cuius
2097 1178 2162 1230 su-

982 1277 1168 1374 perficiem
1196 1282 1346 1372 propter
1371 1276 1451 1350 eius
1475 1275 1735 1372 pinguedinem
1752 1275 1925 1352 discurrit
1942 1267 2047 1374 ignis,
2064 1276 2159 1351 sicut

980 1417 1091 1492 super
1120 1403 1287 1489 unctum,
1305 1395 1502 1470 ut-dictum
1529 1402 1584 1471 est
1608 1395 1656 1470 de
1680 1395 1830 1471 damma
1857 1403 1989 1472 urente
2015 1397 2157 1492 plantas

979 1517 1278 1610 simoniacorum,
1304 1515 1548 1590 decimonono
1580 1516 1738 1611 capitulo
1770 1517 1926 1611 lulerni3
1952 1517 2062 1592 etde
2086 1517 2156 1591 isto

979 1638 1097 1734 lapide
1123 1637 1272 1733 ponitur
1298 1635 1335 1710 iu
1359 1644 1552 1733 unguento
1577 1637 1676 1732 quod
1702 1637 1836 1712 dicitur
1852 1638 2090 1732 alabastrum,
2108 1639 2155 1714 de

980 1778 1055 1853 quo
1081 1759 1116 1838 in
1144 1757 1343 1853 Evangelio
1359 1750 1409 1849 (¹).
1435 1757 1480 1830 Et
1505 1757 1564 1832 hic
1594 1763 1679 1831 nota
1711 1758 1899 1851 quomodo
1927 1759 2156 1854 comparatio

977 1877 1148 1972 superius
1174 1877 1269 1951 lacta
1294 1883 1351 1951 est
1376 1877 1542 1971 propria3
1575 1876 1707 1971 primo,
1738 1878 1824 1972 quia
1853 1876 1978 1953 anima
2011 1879 2152 1953 elevata

977 2001 1014 2074 in
1041 1999 1177 2072 coelum
1205 1999 1329 2072 calore
1355 1997 1440 2072 solis
1460 1997 1612 2092 justitiae
1635 1997 1712 2092 liei,
1734 2005 1773 2072 et
1789 1999 1891 2074 stella
1917 2005 2155 2101 comparatur

977 2121 1051 2217 igni
1084 2120 1229 2194 elevato
1255 2118 1292 2191 in
1317 2119 1434 2192 altum
1467 2119 1591 2192 calore
1625 2117 1711 2192 solis
1744 2119 1958 2194 materialis:
1992 2127 2030 2195 et
2060 2119 2156 2194 sicut
2231 2197 2237 2211 ,

953 2240 1036 2316 'ille
1062 2239 1154 2337 ignis
1180 2245 1236 2314 est
1261 2259 1376 2333 vapor
1400 2257 1577 2313 accensus
1603 2239 1805 2334 splendens,
1831 2239 1881 2315 ita
1915 2241 1976 2315 ille
2007 2239 2154 2335 spiritus

975 2368 1056 2436 erat
1073 2360 1207 2434 ardens
1220 2366 1257 2434 et
1271 2360 1441 2452 rutilans;
1458 2365 1497 2433 et
1513 2359 1607 2434 sicut
1625 2360 1706 2435 talis
1722 2381 1838 2456 vapor
1848 2353 1885 2453 (²)
1906 2369 1948 2434 ut
1965 2361 2068 2438 stella
2089 2382 2152 2436 ca-

975 2481 1077 2576 dens,
1102 2488 1139 2554 et
1166 2487 1290 2555 tamen
1317 2500 1389 2553 non
1416 2487 1482 2573 est,
1504 2478 1555 2553 ita
1577 2480 1637 2555 ille
1653 2481 1801 2577 spiritus
1818 2481 1918 2557 risus
1935 2488 1990 2557 est
2008 2481 2152 2557 discur-

976 2621 1073 2695 rere,
1099 2608 1286 2675 ettamen
1313 2619 1386 2674 non
1412 2600 1491 2694 luit,
1520 2600 1635 2674 immo
1660 2601 1830 2696 splendor
1856 2603 1946 2676 eius.
1960 2595 2061 2676 -Si
2076 2605 2150 2694 pio.

974 2723 1039 2796 llic
1065 2729 1175 2796 autor
1201 2721 1359 2796 ostendit
1383 2742 1496 2815 quam
1514 2713 1551 2813 (³)
1578 2727 1769 2818 gratanter
1793 2722 1861 2796 iste
1877 2722 2024 2817 spiritus
2046 2741 2151 2798 rece-

974 2843 1069 2938 perit
1094 2863 1200 2918 errm:
1228 2848 1266 2918 et
1295 2843 1415 2938 primo
1446 2841 1602 2916 ostendit
1634 2842 1781 2936 qualern
1815 2863 1856 2918 se
1884 2843 2084 2920 ostenderit
2113 2847 2150 2919 in

974 2965 1099 3037 habitu
1129 2983 1194 3058 per
1227 2961 1499 3036 similitudinem
1532 2961 1925 3037 convenientissimam.
1957 2964 2011 3038 Ad
2043 2966 2150 3040 cuius

975 3083 1251 3180 intelligentiam
1279 3070 1387 3173 est(⁸l
1413 3080 1533 3177 primo
1559 3082 1773 3176 noandum,
1800 3083 1898 3177 quod
1924 3082 2019 3158 sicut
2039 3085 2151 3182 lingit

973 3205 1146 3301 Virgilius
1178 3204 1223 3276 Vl
1256 3201 1420 3296 Eneidos,
1452 3203 1581 3296 lineas,
1612 3210 1655 3276 ut
1687 3223 1785 3298 saepe
1816 3204 1955 3279 dictum
1985 3211 2051 3300 est,
2083 3207 2149 3283 de-

972 3325 1111 3400 scendit
1136 3325 1182 3398 ad
1209 3323 1393 3398 internum
1424 3323 1561 3416 vivens,
1592 3323 1687 3398 duce
1712 3323 1858 3420 Sybilla,
1884 3325 1979 3400 sicut
2002 3329 2145 3402 'tactum

972 3453 1026 3522 est
1051 3445 1215 3520 secundo
1244 3444 1404 3540 capitulo
1432 3443 1578 3538 Inferni,
1604 3451 1642 3519 et
1667 3447 1873 3542 Purgatmit
1900 3447 2072 3543 capitulo.
2100 3449 2144 3522 Et

852 3617 855 3622 ,
971 3589 1056 3642 cum
1084 3565 1309 3660 pervenisset
1332 3563 1379 3638 ad
1404 3585 1575 3659 campum
1603 3564 1764 3661 Elysium
1790 3584 1982 3640 amoenum
2018 3575 2055 3642 et
2090 3569 2146 3643 vi-

973 3695 1112 3762 rentem
1141 3687 1175 3759 in
1204 3707 1279 3781 quo
1304 3691 1401 3760 stant
1425 3685 1560 3758 animae
1584 3685 1781 3759 illustrium
1806 3686 1987 3780 virorum,
2009 3689 2145 3783 reperit

969 3809 1161 3883 Anchisem
1190 3814 1331 3902 patrem
1359 3826 1482 3899 suum,
1508 3805 1571 3897 qui
1597 3826 1683 3879 cum
1710 3827 1858 3880 summa
1875 3806 2064 3882 alacritate
2080 3829 2143 3883 ce-

969 3931 1019 4024 pit
1034 3921 1071 4021 (⁵)
1098 3949 1198 4002 eum.
1226 3925 1279 3999 ld
1308 3926 1451 4000 literam
1474 3925 1559 4000 dicit
1577 3945 1668 4022 ergo
1685 3934 1810 4001 autor:
1830 3929 2005 4001 L'omdro
2029 3930 2140 4002 d’dn·

968 4051 1070 4142 ctr'se,
1100 4047 1202 4139 idest,
1228 4046 1350 4120 anima
1378 4065 1462 4139 quae
1486 4046 1691 4141 appellatur
1716 4046 1850 4120 umbra
1875 4047 1974 4142 apud
1992 4047 2141 4142 lnieros,

970 4177 1010 4243 ut
1035 4167 1235 4262 sepissime
1253 4167 1371 4261 patuit
1396 4166 1433 4238 in
1457 4166 1604 4240 lulerno
1628 4172 1665 4241 et
1690 4166 1922 4264 Purgatorio,
1939 4169 1971 4242 si
1989 4163 2143 4261 pomeri

965 4292 1041 4382 pio,
1071 4287 1175 4380 idest,
1203 4294 1277 4360 tarn
1305 4285 1463 4382 benigna
1488 4307 1578 4384 erga
1603 4287 1742 4361 lineam
1759 4286 1874 4360 lilium
1893 4309 2015 4381 suum,
2034 4289 2139 4382 sicut,

905 4425 907 4432 ’
969 4410 1226 4504 ευρρΙθ,ἠιιηε
1245 4408 1312 4483 iste
1332 4406 1479 4502 spiritus
1498 4407 1582 4481 lecit
1598 4427 1688 4503 erga
1706 4428 1779 4502 me,
1799 4411 1942 4500 proedo
1957 4412 1986 4481 s'
1999 4431 2142 4483 accerse

968 4532 1025 4602 det
1045 4532 1156 4620 sipi-io,
1183 4528 1330 4622 scilicet,
1349 4528 1461 4621 Enea,
1478 4527 1621 4602 dicens:
1640 4527 1769 4604 venisti
1787 4528 1933 4604 taudem
1951 4530 1989 4603 in
2008 4529 2140 4626 Elysio,

1030 4762 1056 4823 (Ἰ
1075 4761 1103 4810 Ε.
1121 4761 1262 4824 Evangelio
1277 4762 1381 4825 qundo
1397 4762 1511 4812 dicitur:
1527 4760 1616 4811 attulit
1631 4759 1789 4811 ninimirum
1806 4761 1931 4824 unguenti
1946 4765 1997 4810 etc.
2008 4760 2043 4810 tu
2058 4760 2109 4811 lrlc.

1031 4837 1057 4896 ι’)
1077 4838 1104 4888 l'.
1124 4851 1204 4899 vapor
1222 4838 1324 4888 videtur
1339 4838 1423 4888 stella.
1597 4835 1625 4898 (⁸)
1641 4836 1671 4885 R
1687 4837 1757 4900 quod
1774 4837 1888 4901 praviter
1902 4839 1958 4887 iste.

1030 4913 1056 4976 ξ’)
1074 4915 1104 4964 Ε.
1120 4919 1160 4964 est
1177 4915 1382 4977 praenotandum.
1465 4939 1467 4942 ⁴
1596 4913 1624 4979 (¹)
1640 4913 1671 4964 E.
1687 4915 1797 4977 excepit.
