4842 6642
760 849 898 906 caurus
922 851 1113 906 vrnnsmna
1136 849 1333 906 smunnus.
1557 833 1627 902 3⁰³

458 1000 642 1074 bonorum
661 995 971 1072 monasteriorum
986 989 1037 1088 (¹).
1055 997 1159 1072 Unde
1175 995 1280 1071 dicit:
1299 999 1362 1069 llo
1377 1015 1489 1086 orave
1504 1011 1628 1084 mum,

457 1139 541 1214 qum
566 1123 693 1193 tamen
720 1115 878 1190 multum
904 1115 1056 1190 odendit
1081 1116 1212 1210 Deum,
1232 1121 1273 1190 ut
1299 1114 1494 1210 probatum
1513 1120 1569 1190 ert
1592 1114 1628 1188 in

457 1239 614 1331 lulerno,
639 1257 713 1310 aon
744 1240 778 1310 si
810 1237 902 1326 tolle,
935 1235 1089 1332 scilicet,
1114 1259 1139 1312 a
1162 1237 1400 1330 loenaratorc,
1425 1242 1522 1310 tuoto
1546 1255 1631 1309 coo·

457 1367 515 1434 tro
527 1361 553 1434 ’l
564 1361 689 1452 placer
700 1359 739 1431 di
752 1359 833 1448 Dio,
846 1356 950 1450 idest,
964 1376 1038 1432 non
1058 1364 1201 1432 tantum
1219 1356 1381 1452 displicet
1399 1357 1487 1452 lieo,
1500 1365 1631 1448 quomo

459 1481 539 1572 quel
557 1483 682 1573 sumo,
707 1477 809 1571 idest,
842 1477 1005 1554 redditus
1035 1485 1073 1552 et
1102 1477 1273 1552 introitus
1307 1476 1482 1571 ecclesie,
1508 1479 1567 1550 clu
1589 1481 1631 1573 so

458 1603 489 1674 il
504 1620 592 1674 cunr
607 1601 661 1674 dd
673 1601 812 1672 monaci
826 1590 857 1672 si
869 1601 967 1692 sollc,
984 1598 1072 1693 quia
1097 1599 1238 1673 lructus
1258 1596 1339 1673 talis
1356 1596 1451 1693 parit
1474 1596 1629 1673 dissolu·

462 1719 598 1795 tionem
626 1718 710 1793 ritae
727 1717 763 1791 in
781 1718 978 1794 monachis.
996 1719 1152 1793 lutrano
1170 1718 1280 1792 liuius
1296 1717 1379 1793 dicti
1401 1723 1630 1813 potestesse,

462 1840 549 1934 quia
577 1837 773 1914 usurarius
802 1845 858 1913 est
888 1839 1015 1935 legalis
1041 1838 1135 1914 latro
1160 1839 1363 1934 predicans
1389 1837 1488 1933 quod
1513 1838 1631 1914 inlen-

462 1959 529 2053 dit3
544 1959 607 2034 sed
625 1957 707 2033 talis
724 1960 925 2034 monachus
943 1960 1001 2036 vel
1019 1959 1212 2056 religiosus
1225 1951 1262 2052 (¹)
1281 1959 1475 2036 committit
1491 1960 1630 2034 lurtum

462 2085 695 2155 contractans
716 2099 796 2154 rem
816 2079 973 2156 alienam
993 2078 1106 2155 invito
1122 2080 1284 2172 domino,
1305 2079 1420 2154 immo
1440 2079 1634 2154 committit

462 2198 708 2294 sacrilegium,
727 2199 826 2293 qnod
843 2205 900 2274 est
917 2199 1058 2273 lurtum
1078 2219 1205 2275 rerum
1225 2219 1428 2294 sacrarum,
1447 2206 1489 2273 ul
1512 2201 1631 2275 statim

462 2325 563 2414 patet
575 2308 682 2411 θ).-
693 2314 769 2392 Cte'.
797 2317 862 2394 llic
878 2317 1095 2394 Benedictus
1112 2320 1242 2415 probat
1260 2319 1358 2413 qnod
1374 2319 1464 2395 dixit
1483 2320 1634 2414 ratione,

462 2439 550 2534 qnia
576 2439 712 2514 scilicet
746 2438 937 2535 religiosus
961 2447 999 2514 et
1024 2441 1194 2516 sacerdos
1228 2441 1279 2516 sic
1311 2441 1446 2516 iaciens
1477 2447 1532 2516 est
1563 2441 1633 2516 lna.

464 2559 568 2634 Unde
595 2559 704 2634 dicit:
742 2556 820 2652 Otc',
852 2566 1073 2652 cumamque
1106 2564 1143 2635 ln
1173 2563 1289 2635 clieso
1318 2563 1474 2652 acardo,
1505 2555 1525 2635 a*
1552 2565 1636 2634 tillo

466 2683 560 2754 dello
582 2687 683 2772 ocule
706 2681 768 2753 cte
777 2701 847 2773 per
862 2682 932 2754 Dio
949 2683 1133 2776 aimundo,
1153 2681 1259 2776 qnasi
1276 2681 1391 2756 dicat:
1408 2679 1496 2775 quid
1511 2670 1548 2773 (⁴)
1569 2701 1634 2756 sn-

468 2807 573 2895 perat
596 2801 644 2876 ab
668 2821 801 2876 eorum
827 2801 954 2876 vivore
978 2802 1101 2878 sobrio
1125 2810 1165 2878 et
1189 2807 1394 2898 temperato
1419 2809 1475 2878 ast
1498 2821 1634 2900 panne-

467 2941 572 3015 rnm;
597 2928 636 2996 et
658 2919 764 2996 dicit:
789 2943 863 2994 noo
886 2925 925 2996 di
943 2930 1094 3016 percute
1105 2949 1121 3017 ,·
1137 2929 1176 2998 et
1192 2923 1229 2997 in
1247 2925 1317 2998 hoc
1334 2928 1436 2998 notat
1455 2924 1637 3018 praelntos,

469 3041 531 3136 qui
554 3041 708 3116 nimium
726 3042 922 3118 carnaliter
938 3043 1151 3118 alliciuntur
1166 3043 1214 3118 ad
1231 3043 1522 3140 consanguineos
1539 3063 1636 3120 suos.

468 3161 514 3236 Et
536 3169 639 3236 certe
662 3161 700 3236 in
724 3162 795 3237 hoc
812 3181 886 3236 non
905 3162 1097 3237 imitantur
1114 3163 1311 3257 Christum,
1330 3163 1435 3238 cuius
1452 3168 1538 3237 sunt
1554 3183 1639 3240 snc-

399 3343 403 3348 .
467 3301 641 3358 cessores.
668 3281 832 3358 Christus
858 3281 956 3356 enim
990 3283 1132 3357 nullum
1163 3283 1291 3358 habuit
1320 3283 1634 3380 consanguineum

468 3421 580 3496 quem
607 3421 682 3476 non
701 3401 1047 3500 laceretsanctnm3
1069 3409 1107 3478 et
1128 3403 1294 3478 moderni
1313 3409 1476 3499 pastores
1495 3403 1636 3478 nullum

459 3523 608 3598 nliabent
630 3523 945 3620 consanguineum
971 3542 1084 3618 quem
1110 3544 1185 3598 non
1210 3523 1345 3599 iaciant
1369 3524 1529 3600 divitem.
1547 3524 1640 3600 Sunt

468 3642 566 3718 enim
598 3642 734 3718 similes
767 3642 954 3738 machinis,
986 3664 1072 3738 que
1097 3664 1230 3740 paruos
1268 3643 1406 3738 lapillos
1437 3644 1581 3740 jaciunt
1606 3665 1640 3718 ⁴a

469 3763 590 3860 longe,
605 3783 758 3860 magnos
772 3784 861 3840 vcro
879 3783 994 3860 prope
1009 3785 1069 3855 se;
1083 3763 1131 3838 ita
1149 3763 1289 3859 prelati
1307 3772 1506 3859 presentes
1526 3784 1640 3862 parva

470 3882 646 3959 beneficia
670 3883 759 3958 dant
783 3885 980 3979 extraneis,
1005 3905 1142 3982 magua
1167 3905 1258 3960 vero
1283 3885 1382 3979 snis;
1407 3893 1446 3961 ct
1469 3885 1573 3961 dicit:
1598 3882 1645 3961 oc*

469 4006 613 4078 d’nltro
630 4001 696 4098 pil
719 4005 846 4100 mtto,
873 4011 964 4101 outa
994 4005 1246 4102 meretricum,
1272 4026 1419 4101 canum,
1445 4007 1570 4083 avium
1604 4015 1643 4084 et

349 4124 352 4128 “
471 4124 656 4218 similium,
676 4147 761 4220 qne
778 4126 1011 4222 voluptuario
1027 4131 1280 4203 tenent-Lu
1297 4148 1415 4201 cante.
1437 4127 1502 4204 llic
1522 4130 1641 4204 Bena-

470 4243 589 4318 dictus
604 4265 653 4320 ex
669 4245 773 4320 dictis
789 4245 885 4323 elicit
902 4267 1016 4320 unam
1031 4246 1304 4322 conclusionem
1319 4247 1644 4345 generalemque

473 4363 683 4440 verificatur
717 4365 755 4439 in
788 4366 960 4440 omnibus
993 4367 1229 4459 religionibus
1261 4374 1300 4442 et
1331 4367 1470 4464 regulis
1504 4368 1645 4463 mundi,

472 4483 618 4579 scilicet,
632 4485 731 4579 quod
748 4485 883 4560 liabent
899 4486 1039 4561 bonrrm
1057 4485 1288 4582 principium,
1305 4486 1369 4562 sed
1388 4507 1459 4562 non
1476 4483 1539 4562 din
1557 4507 1643 4584 per·

473 4609 654 4679 severant.
674 4604 774 4681 Unde
790 4605 895 4680 dicit:
921 4609 974 4679 Lu
990 4627 1099 4679 corne
1114 4607 1168 4679 de'
1181 4609 1325 4680 nrorloli
1340 4603 1361 4681 c*
1379 4611 1475 4680 matr
1496 4608 1642 4700 blando,

474 4724 576 4817 idest,
603 4725 720 4800 mollis
744 4731 781 4802 et
804 4725 971 4819 delicata,
996 4727 1057 4800 cte
1071 4727 1164 4800 duno
1182 4729 1468 4802 comlocicmeato
1487 4749 1560 4802 ooo
1575 4729 1640 4802 dn-

533 4913 561 4973 l'l
577 4913 608 4964 n
623 4911 794 4965 mladannr
808 4918 837 4966 ot
851 4914 1081 4965 maturiorum.
1191 4915 1219 4976 (Ἴ
1235 4914 1267 4966 E.
1283 4913 1403 4967 clericas

536 4991 563 5052 (⁸)
579 4991 606 5044 S·
621 4990 725 5055 wollt·
1193 4992 1221 5054 (⁸)
1238 4991 1268 5043 E.
1284 4993 1409 5058 quidquid
1424 4997 1551 5056 muscast.
