4842 6642
807 899 946 955 caurus
971 898 1130 954 nmmus
1156 899 1301 952 annuus.
1591 885 1635 951 51

462 1047 694 1144 aphorismus
719 1045 965 1142 pulcerrimus
1003 1050 1059 1121 est
1095 1043 1185 1119 iste:
1221 1065 1285 1117 ors
1313 1047 1435 1137 longo,
1462 1046 1534 1117 otto
1559 1043 1638 1118 hre-

462 1173 527 1258 oh,
548 1169 721 1260 judicium
752 1168 897 1259 mipene,
923 1173 1052 1260 tempus
1077 1171 1228 1258 mutum,
1255 1166 1528 1257 exportarentum
1554 1185 1639 1238 vero

461 1291 601 1385 sallom
627 1295 664 1363 et
689 1286 745 1362 isti
771 1305 869 1382 saepe
893 1306 1025 1382 parum
1051 1290 1184 1360 curant
1209 1283 1256 1360 de
1281 1283 1450 1359 felicitate
1475 1303 1577 1378 vera,
1603 1294 1641 1361 et

464 1416 551 1486 sunt
577 1430 707 1505 parum
735 1408 906 1501 morales,
933 1414 1061 1483 contra
1095 1427 1188 1502 quos
1220 1406 1403 1480 lohannes
1433 1405 1641 1479 Messanen-

465 1530 514 1606 sis
541 1537 624 1623 etc,
647 1552 667 1603 c
691 1533 746 1604 chi
768 1531 1001 1622 russaticuoo
1017 1529 1189 1620 mpaoendo
1206 1527 1425 1616 sacerdocio,
1440 1523 1535 1600 sicut
1556 1546 1642 1620 pre-

467 1651 604 1749 sbyteri
630 1656 667 1726 et
696 1649 834 1744 praelati
861 1649 923 1745 qui
950 1654 1158 1744 sequuntur
1182 1647 1271 1743 iura
1295 1646 1495 1741 canonica3
1522 1652 1559 1723 et
1584 1646 1643 1721 isti

470 1777 642 1867 quaerunt
670 1790 803 1866 magna
820 1768 996 1844 beneficia
1022 1776 1059 1843 et
1084 1760 1349 1864 praehendas(¹)
1373 1773 1414 1841 ut
1430 1768 1555 1843 vivant
1576 1787 1643 1843 ex·

469 1892 589 1987 pensis
614 1890 806 1966 Crucifiri:
838 1895 875 1965 et
900 1889 1006 1964 multi
1032 1911 1079 1964 ex
1105 1888 1179 1963 istis
1205 1887 1368 1984 epicurei
1392 1894 1478 1962 sunt
1503 1889 1566 1985 qui
1591 1889 1643 1964 sic

469 2011 648 2087 aedificant
675 2016 714 2084 ut
739 2030 886 2106 semper
912 2009 1055 2104 victuri,
1074 2009 1125 2084 sic
1154 2008 1352 2104 epulantur
1378 2016 1419 2082 ut
1445 2029 1528 2084 oras
1561 2030 1643 2085 mo-

470 2131 587 2224 rituri,
607 2136 647 2204 ut
671 2131 722 2204 ait
746 2130 1012 2227 Hieronymus3
1039 2131 1136 2202 echi
1154 2150 1293 2221 regnor
1308 2151 1378 2224 per
1399 2133 1523 2225 (arza,
1549 2131 1645 2206 sicut

469 2251 614 2348 tyranni
648 2250 807 2345 violenti,
836 2250 898 2346 qui
933 2255 1105 2344 qrraerunt
1138 2233 1338 2345 potentiam
1372 2257 1409 2325 et
1438 2249 1644 2325 dominium

470 2372 647 2467 superhe;
673 2377 710 2445 et
735 2369 791 2444 isti
818 2390 892 2444 non
917 2371 1038 2444 solum
1069 2390 1142 2444 non
1172 2376 1346 2464 quaerunt
1375 2391 1504 2445 veram
1531 2370 1646 2446 felici·

471 2498 598 2585 tatem,
632 2491 694 2566 sed
728 2490 910 2586 superhiae
942 2489 1069 2586 spiritu
1105 2489 1217 2564 inflati
1252 2511 1326 2566 non
1359 2491 1516 2565 credunt
1549 2512 1647 2587 saepe

473 2611 653 2688 maiorem
678 2611 870 2686 dominum
891 2631 942 2705 se,
961 2617 1049 2705 puta
1068 2611 1205 2704 Deum3
1232 2617 1362 2685 contra
1387 2630 1481 2705 quos
1498 2611 1645 2686 Persius

473 2739 598 2829 poeta:
617 2736 755 2805 Summe
767 2751 901 2824 parem
918 2739 1001 2824 etc,
1014 2752 1033 2803 e
1041 2751 1108 2824 per
1120 2733 1264 2823 sofismi,
1281 2730 1375 2805 sicut
1392 2730 1459 2804 viri
1476 2731 1651 2828 religiosi,

475 2851 674 2947 philosophi
690 2841 727 2943 (²)
745 2857 783 2925 et
799 2850 946 2945 artistae‚
961 2871 1053 2944 quos
1069 2850 1267 2947 justissime
1286 2857 1325 2925 et
1342 2850 1573 2927 meritissime
1590 2852 1648 2926 in-

475 2978 601 3067 crepat
625 2978 745 3064 autor,
772 2970 858 3066 quia
884 2970 977 3044 sicut
1002 2969 1169 3045 videmus
1194 2969 1241 3045 de
1265 2971 1361 3044 lacto
1386 2970 1493 3046 hodie
1518 2993 1649 3050 omnes

475 3092 555 3166 lere
580 3090 647 3164 viri
673 3090 819 3164 litterati
841 3097 879 3164 et
895 3089 1080 3166 scientifici
1102 3097 1188 3164 sunt
1213 3091 1383 3186 sophistae
1400 3097 1438 3165 et
1454 3091 1649 3187 sophistice

475 3217 610 3307 agunt:
637 3215 674 3284 et
699 3208 799 3303 quod
825 3217 879 3284 est
903 3208 1107 3284 absurdum
1134 3209 1232 3283 dictu
1260 3210 1325 3306 ipsi
1351 3212 1510 3308 theologi
1538 3212 1653 3288 nostri

476 3328 644 3404 moderni
671 3329 899 3404 reduxerunt
924 3349 1069 3404 sacram
1096 3329 1318 3426 theologiam
1350 3331 1396 3406 ad
1430 3353 1562 3406 ranam
1589 3355 1652 3409 so·

476 3451 709 3548 phistariam;
735 3456 864 3525 contra
890 3471 983 3546 quos
1008 3457 1127 3546 potest
1152 3451 1222 3525 dici
1248 3451 1336 3525 iliud
1363 3452 1559 3528 Bernardi:
1587 3459 1654 3528 Vos

479 3579 592 3646 autem
616 3573 815 3644 sacerdotes
835 3574 963 3666 seorstts
988 3575 1100 3644 Deum
1121 3571 1281 3665 sahulem
1308 3575 1437 3646 mundi.
1465 3573 1527 3646 Est
1552 3573 1652 3648 enim

480 3690 663 3786 sophisma
689 3697 953 3788 argumentum
980 3710 1159 3786 apparens
1185 3696 1222 3765 et
1254 3711 1328 3765 non
1352 3693 1523 3788 existens,
1549 3715 1567 3766 e
1600 3696 1657 3768 citt

482 3813 626 3902 rotare,
652 3810 747 3886 sicut
771 3811 1002 3908 stipendiarii,
1035 3819 1072 3886 et
1104 3810 1160 3884 isti
1192 3810 1364 3886 videntur
1395 3811 1589 3888 felicissimi
1603 3803 1655 3908 (³),

482 3935 571 4029 quia
597 3932 760 4008 ferarum
794 3953 899 4007 more
925 3936 1109 4028 vagantur
1134 3937 1171 4006 et
1200 3931 1362 4029 gaudent
1384 3933 1483 4009 caede
1508 3941 1546 4010 et
1570 3955 1657 4008 san·

482 4053 608 4150 guine,
635 4058 671 4127 et
696 4073 763 4148 per
783 4072 1010 4147 consequens
1031 4051 1228 4127 destruunt
1248 4055 1408 4150 muitum
1425 4055 1656 4148 civilitatem3

438 4187 441 4196 '
485 4178 612 4248 contra
640 4191 733 4267 quos
758 4171 948 4246 Lucanus:
974 4175 1071 4246 nullo
1099 4175 1200 4266 fides,
1225 4176 1402 4266 pactusque
1421 4177 1506 4247 uiris
1523 4177 1582 4268 put
1596 4195 1659 4247 ca-

484 4299 563 4366 stro
586 4299 777 4387 sequuntur
797 4297 880 4386 etc,
897 4314 915 4365 e
932 4295 987 4366 cti
1010 4295 1091 4366 civit
1114 4295 1275 4386 nepozt'o,
1299 4295 1395 4368 sicut
1420 4301 1658 4389 mercatores,

486 4411 656 4506 artifices,
683 4412 745 4507 qui
772 4411 1007 4509 negotiantur
1031 4417 1070 4486 et
1094 4413 1225 4486 vivunt
1249 4412 1415 4507 civiliter,
1436 4412 1602 4489 ordinate
1623 4422 1660 4489 et

486 4533 609 4628 polite,
642 4539 680 4607 et
709 4533 768 4611 isti
800 4533 970 4609 videntur
1002 4533 1123 4607 minus
1154 4532 1343 4608 infeliciter
1375 4553 1490 4630 agere
1518 4514 1605 4608 cum
1622 4522 1658 4628 (¹)
1716 4538 1720 4545 ’

487 4675 619 4730 eorum
645 4659 743 4730 artes
768 4661 806 4730 et
830 4653 1087 4750 occupationes
1113 4660 1199 4727 sunt
1224 4654 1341 4749 plenae
1366 4653 1538 4729 maximis
1562 4654 1661 4729 curis

489 4781 526 4850 et
546 4775 873 4851 innumerabilibus
891 4774 1098 4849 fraudibus:
1119 4773 1217 4849 unde
1235 4775 1380 4850 videtur
1402 4775 1511 4851 hodie
1527 4796 1659 4851 verum

550 4959 578 5024 i¹i
595 4961 625 5011 Β·
641 4961 791 5024 pratens..
806 4963 912 5014 eximias
928 4967 967 5014 ul.
1153 4963 1180 5024 (¹)
1196 4964 1228 5014 E.
1245 4965 1397 5028 ww·

550 5037 626 5102 t'tss·
641 5051 657 5088 a
673 5043 696 5100 ι,
714 5039 891 5091 rnrerrourmr.
1154 5041 1180 5104 (ι)
1197 5042 1229 5092 s.
1244 5055 1260 5094 θ
1276 5047 1299 5105 4,
1317 5047 1412 5093 „m
