4842 6642
823 835 896 903 414
1217 844 1422 899 comburunt
1445 845 1614 899 rnndotst

822 989 1115 1085 praenotandum,
1129 987 1229 1085 quod
1241 995 1351 1064 autor
1370 991 1450 1064 vult
1466 990 1662 1065 ostendere
1680 990 1942 1065 sententialiter
1962 990 1999 1065 in

821 1109 969 1205 ellectu,
994 1110 1094 1205 quod
1122 1129 1256 1185 novem
1282 1109 1429 1185 ordines
1454 1110 1675 1206 angelorum
1701 1110 2003 1205 proportionatis·

823 1232 918 1307 sime
942 1230 1232 1327 correspondent
1267 1234 1402 1306 dorem
1433 1230 1549 1325 speris
1580 1231 1774 1325 coelorum,
1807 1237 1844 1307 et
1878 1238 1933 1306 est
1966 1231 2004 1305 in

777 1412 780 1421 .
821 1352 877 1427 eis
904 1371 1050 1426 summa
1069 1350 1326 1426 convenientia
1352 1350 1389 1424 in
1416 1358 1519 1425 motu
1539 1358 1577 1426 et
1596 1351 1819 1445 quantitate3
1837 1350 1888 1425 ita
1904 1351 2004 1444 quod

823 1472 1011 1567 quantitas
1037 1470 1216 1545 intensiva
1243 1470 1381 1545 ordinis
1405 1470 1514 1564 primi
1540 1471 1712 1545 convenit
1742 1490 1828 1547 cum
1855 1471 2003 1566 quanti·

823 1598 900 1667 tate
925 1590 1113 1666 extensiva
1139 1590 1250 1685 primi
1275 1591 1431 1685 mobilis,
1457 1596 1495 1666 et
1527 1591 1577 1667 ita
1607 1591 1654 1666 de
1686 1591 1854 1685 caeteris;
1881 1597 1919 1665 et
1943 1590 2002 1667 bio

825 1718 983 1807 ponatur
1009 1711 1100 1786 ordo
1126 1710 1347 1807 angelorum
1373 1732 1461 1785 oum
1486 1711 1615 1786 ordine
1636 1712 1818 1787 ooelorum
1836 1718 1905 1786 eto.
1924 1713 2001 1787 lloo

824 1838 1027 1928 praenotato
1060 1832 1283 1907 veniendum
1317 1839 1372 1906 est
1404 1831 1450 1907 ad
1485 1832 1642 1927 literam,
1675 1833 1711 1905 in
1744 1855 1818 1927 qua
1853 1833 1998 1909 Beatrix

825 1954 944 2049 primo
971 1953 1087 2049 tangit
1111 1951 1353 2045 quantitatem
1384 1972 1578 2047 sperarum
1611 1952 1830 2045 ooelestium,
1855 1952 2000 2029 dicens:

828 2077 869 2149 Lt'
884 2077 997 2148 cordi
1011 2077 1205 2167 corporali,
1227 2073 1375 2170 scilieet,
1400 2074 1567 2149 ooelestes
1591 2074 1761 2169 visibiles,
1787 2097 1876 2149 sono
1903 2078 2000 2168 ampl

826 2204 859 2269 et
885 2199 968 2288 ortt,
995 2195 1099 2291 idest,
1124 2195 1216 2291 tergi
1241 2202 1279 2269 et
1303 2194 1428 2290 stricti,
1456 2196 1581 2291 magni
1606 2202 1643 2271 et
1669 2196 1771 2291 parvi
1796 2196 2000 2271 secundum

827 2316 1116 2413 magnitudinem
1135 2323 1172 2391 et
1192 2315 1410 2411 parvitatem
1431 2315 1596 2409 virtutis3
1610 2316 1710 2391 unde
1728 2315 1831 2389 dicit:
1848 2318 2001 2391 secondo

824 2432 932 2529 opit
957 2439 1018 2510 e’l
1042 2457 1119 2509 mers
1144 2438 1237 2509 dello
1263 2440 1400 2527 virtute,
1425 2438 1485 2510 obe
1509 2440 1541 2509 si
1564 2438 1718 2510 dabtmrde
1744 2458 1811 2529 per
1836 2442 1915 2511 tutte
1944 2439 2002 2510 lor

821 2561 935 2651 parti,
965 2556 1067 2651 idest,
1093 2557 1298 2633 secundum
1325 2557 1424 2651 quod
1449 2563 1536 2631 sunt
1557 2577 1709 2652 capaces
1729 2557 1874 2630 virtutis
1890 2563 1928 2631 et
1944 2557 2001 2630 in·
2101 2568 2106 2573 ’

829 2678 989 2753 lluentiae
1014 2678 1109 2753 datae
1134 2678 1201 2753 sibi
1227 2678 1276 2753 ab
1301 2678 1548 2775 intelligentia.
1580 2679 1624 2752 Et
1655 2677 1777 2752 subdit
1806 2698 1925 2772 quare
1949 2678 2001 2754 sic

825 2798 983 2895 expedit,
1003 2798 1090 2892 quia
1104 2790 1141 2891 (¹)
1169 2798 1306 2873 scilicet
1330 2800 1474 2895 pariant
1499 2798 1685 2873 mirabiles
1708 2798 1880 2894 ellectus3
1903 2798 2003 2873 unde

825 2920 929 2995 dicit:
956 2924 1122 3013 mappior
1146 2910 1265 3014 tonet,
1294 2920 1396 3014 idest,
1423 2920 1541 2994 maior
1566 2920 1684 2994 virtus
1712 2919 1808 3013 omli,
1834 2922 1916 2992 vuol
1936 2923 2001 3013 sor

826 3044 991 3131 mappior
1025 3044 1147 3133 solute,
1187 3039 1290 3135 idest,
1323 3040 1566 3115 salubriorem
1603 3040 1796 3134 edeotum5
1829 3046 1867 3113 et
1903 3038 1997 3133 ideo,

826 3165 992 3253 mappior
1015 3164 1125 3235 salute
1150 3164 1315 3253 mappior
1338 3182 1449 3253 corpo
1472 3181 1571 3253 rope,
1588 3159 1692 3255 idest,
1709 3164 1866 3254 oocupat
1885 3164 1923 3233 et
1938 3178 2000 3233 re-

826 3282 939 3377 quirit
965 3281 1085 3357 maios
1110 3302 1256 3377 eorpus,
1279 3282 1337 3357 vel
1357 3301 1380 3356 e
1404 3300 1585 3356 converso
1599 3271 1636 3373 (²)
1656 3280 1775 3356 maius
1791 3300 1925 3374 eorpus
1943 3285 2000 3354 est

823 3424 939 3499 capax
967 3403 1117 3478 maioris
1142 3402 1279 3477 salutis
1307 3402 1352 3475 Et
1375 3400 1480 3476 dicit:
1499 3404 1526 3475 s'
1540 3404 1609 3494 epti
1634 3404 1680 3475 da
1706 3405 1737 3475 le
1758 3404 1858 3493 parti
1873 3402 2001 3491 aquat-

823 3531 933 3597 meata
957 3526 1135 3616 compluto.
1149 3528 1370 3614 -ounqae
1397 3521 1544 3597 Beatrix
1571 3521 1629 3597 bie
1658 3521 1744 3596 dicit
1776 3521 2001 3596 convenien-

823 3645 912 3721 tiam
938 3665 1132 3741 sperarum
1159 3643 1411 3740 angelicarum
1438 3642 1485 3717 ad
1510 3663 1637 3738 speras
1661 3643 1840 3736 eoelestes,
1858 3641 1998 3716 dicens:

823 3770 971 3858 oroque
982 3768 1103 3856 coetui,
1118 3764 1221 3859 idest,
1236 3764 1305 3839 ista
1317 3784 1414 3837 nona
1432 3782 1552 3857 spera,
1571 3783 1655 3857 quae
1669 3770 1724 3838 est
1737 3763 1900 3858 primum
1919 3782 2002 3837 mo-

824 3886 897 3962 bile
922 3894 960 3961 et
986 3886 1105 3963 maius
1131 3906 1266 3981 corpus
1289 3905 1484 3980 sperarum
1508 3884 1711 3980 mobilium,
1729 3888 1791 3959 cte
1807 3906 1897 3979 rope
1918 3892 2002 3959 tatto

824 4013 955 4099 quanto
989 4009 1096 4081 tutto
1130 4009 1293 4079 noiomo
1325 4026 1417 4099 seco,
1451 4005 1554 4100 idest,
1586 4005 1685 4099 quod
1724 4006 1834 4081 trabit
1868 4026 1998 4081 secum

824 4146 953 4203 omnes
968 4116 1005 4219 (³)
1032 4146 1157 4223 speras
1182 4130 1373 4201 contentas
1397 4126 1468 4201 sub
1489 4146 1547 4220 eo,
1565 4128 1794 4220 mm‘spoada
1810 4128 2000 4201 ulceratio

823 4248 884 4321 olla
902 4243 966 4341 piri
991 4268 1075 4325 amo
1099 4261 1118 4321 e
1141 4249 1200 4322 otte
1222 4242 1284 4339 pid
1308 4268 1405 4339 rope,
1431 4245 1535 4342 idest,
1561 4247 1680 4344 primo
1704 4246 1822 4323 ordini
1846 4248 1999 4344 angelo-

828 4386 926 4461 rum,
954 4367 1017 4462 qui
1043 4372 1099 4443 est
1123 4366 1362 4463 propinquior
1391 4368 1490 4461 lle03
1515 4368 1579 4462 qui
1610 4368 1702 4443 ordo
1726 4375 1783 4443 est
1812 4368 1932 4442 maior
1961 4366 1999 4442 in

827 4486 975 4583 virtute,
994 4488 1077 4563 licet
1098 4488 1266 4564 rideatur
1287 4488 1408 4563 minor
1433 4490 1469 4562 in
1495 4489 1725 4586 apparentia;
1743 4494 1781 4564 et
1799 4488 1849 4564 ita
1866 4494 1999 4565 octava

828 4627 935 4702 spera
961 4628 1046 4704 quae
1070 4615 1125 4684 est
1145 4610 1254 4704 juxta
1279 4628 1414 4684 nonam
1439 4610 1718 4705 gubernatura
1743 4609 1905 4685 secundo
1937 4630 2001 4684 or·

828 4727 914 4804 dine
938 4731 1170 4825 angelorum,
1188 4728 1324 4805 scilicet
1343 4730 1547 4826 cherubim,
1566 4731 1630 4825 qui
1655 4737 1741 4806 sunt
1759 4731 1870 4826 juxta
1894 4750 2000 4806 sera-

888 4996 963 5059 (¹213.
980 4996 1039 5061 quia
1055 4996 1168 5061 pariunt.
1324 4992 1352 5057 (¹)
1368 4994 1394 5046 S.
1409 5008 1425 5045 e
1441 5000 1541 5047 contra.
1696 4995 1724 5058 ι’)
1739 4994 1771 5047 B.
1788 4996 1928 5047 universas
