4842 6642
925 795 972 861 la
1314 804 1520 861 conunruu
1544 807 1713 861 rananrsr

920 948 1075 1044 tionum,
1105 953 1249 1024 adorno
1276 953 1304 1023 u
1329 957 1454 1025 nostro
1487 972 1586 1043 coro,
1619 950 1722 1044 idest,
1754 949 1904 1026 decorat
1933 957 2096 1024 nostram
2242 941 2252 953 '

918 1089 1096 1144 coronam
1115 1078 1152 1146 et
1168 1070 1379 1146 societatem
1393 1070 1602 1164 doctorum,
1616 1074 1696 1162 quet
1707 1073 1826 1144 Pietro
1840 1074 1882 1165 ph
1897 1072 1958 1144 cte
1970 1075 2097 1162 offerse

921 1211 945 1263 a
962 1199 1067 1265 scoto
1084 1195 1197 1266 odioso
1213 1213 1278 1265 suo
1295 1200 1422 1283 tcsoro,
1444 1191 1547 1285 idest,
1562 1212 1672 1266 suum
1691 1191 1891 1286 pretiosum
1911 1199 1949 1266 et
1965 1213 2095 1267 carum

921 1332 1025 1407 opus,
1051 1333 1118 1386 oon
1147 1316 1186 1385 lo
1209 1316 1400 1405 poneretis.
1426 1313 1504 1386 lloc
1529 1311 1612 1386 ideo
1637 1311 1734 1405 dicit,
1760 1312 1847 1405 quia
1873 1313 2005 1387 Petrus
2030 1313 2098 1387 isle

924 1431 1098 1527 magister
1121 1431 1386 1506 sententiarum
1405 1431 1442 1505 in
1460 1432 1654 1527 prohemio
1671 1432 1728 1505 sui
1754 1432 1835 1506 libri
1856 1430 1964 1506 offert
1984 1453 2095 1507 suum

921 1551 1069 1646 librum,
1095 1551 1189 1626 sicut
1221 1553 1447 1647 paupercula
1472 1551 1605 1625 obtulit
1643 1551 1730 1625 olim
1763 1551 1839 1625 duo
1872 1552 2025 1626 minuta.
2053 1552 2097 1625 Et

921 1679 1022 1746 certe
1047 1671 1140 1746 sicut
1165 1671 1226 1746 illa
1250 1671 1326 1746 duo
1353 1672 1493 1746 minuta
1520 1673 1673 1746 luerunt
1699 1671 1817 1768 magis
1841 1680 1991 1766 accepta
2017 1673 2095 1748 heo

920 1812 1032 1886 quam
1053 1813 1186 1889 magna
1213 1812 1370 1866 munera
1399 1792 1622 1886 multorum
1641 1792 1692 1866 ita
1709 1791 1808 1866 istud
1826 1813 1983 1888 parrum
2002 1813 2095 1888 opus

919 1911 986 1985 luit
1018 1913 1151 2006 carius,
1178 1934 1291 2007 quam
1319 1913 1483 1987 maxima
1513 1911 1700 1986 volumina
1736 1913 1952 1986 multorum.
1973 1954 2024 1968 -
2044 1919 2096 1988 lo

918 2037 1048 2128 pontu.
1074 2035 1140 2108 llic
1164 2034 1322 2109 Thomas
1347 2033 1519 2110 describit
1544 2034 1714 2128 quintum
1741 2033 1908 2130 spiritum
1927 2035 2097 2110 eminen-

918 2154 1098 2228 tissimum
1124 2153 1229 2229 dictae
1253 2173 1412 2248 ooronae,
1439 2154 1575 2229 scilicet
1600 2153 1848 2248 Salomonem,
1873 2154 2015 2230 dicens:
2044 2161 2095 2230 Lo

917 2277 1037 2366 quinto
1062 2277 1146 2366 loce,
1175 2274 1278 2368 idest,
1303 2275 1427 2349 anima
1453 2274 1712 2368 lucentissima,
1730 2277 1791 2349 che
1807 2271 1828 2349 e*
1842 2271 1904 2367 piri
1929 2279 2019 2350 bello
2036 2285 2096 2351 do

917 2402 989 2490 noi,
1016 2397 1157 2471 ratione
1183 2395 1333 2470 maioris
1358 2395 1555 2491 sapientire,
1580 2400 1681 2488 spira
1705 2398 1744 2469 di
1765 2399 1832 2470 tole
1851 2418 1969 2488 emor,
1987 2397 2091 2491 idest,

917 2517 1092 2611 spirituali
1117 2516 1237 2612 gratia
1263 2514 1339 2607 Dei,
1356 2519 1417 2589 cte
1441 2523 1524 2590 totto
1540 2518 1567 2588 't
1589 2519 1720 2590 mondo
1739 2537 1784 2588 oe
1798 2519 1897 2608 pola,
1915 2517 2018 2611 idest,
2035 2518 2092 2591 ai-

917 2637 1036 2732 iectat,
1063 2627 1099 2710 oi
1123 2632 1182 2726 piel
1207 2639 1245 2710 di
1267 2656 1376 2730 saper
1399 2639 1544 2726 novelle,
1562 2636 1699 2712 scilicet
1720 2643 1847 2710 utrum
1865 2637 1911 2712 sit
1928 2639 2091 2712 salvatus

917 2758 976 2832 vel
1002 2757 1216 2852 damnatus,
1242 2757 1411 2833 doctores
1436 2757 1534 2832 euim
1561 2757 1720 2832 multum
1746 2758 1953 2853 discrepant
1976 2758 2023 2834 (16
2048 2779 2095 2833 66

918 2879 955 2951 in
971 2878 1158 2952 sententiis
1176 2885 1213 2952 et
1229 2877 1461 2973 opinionibus
1478 2877 1564 2951 suis.
1584 2877 1636 2950 Ad
1654 2876 1755 2971 quod
1772 2877 1974 2952 notandum
1994 2878 2094 2972 quod

914 2997 1028 3092 aliqui
1052 2997 1221 3072 doctores
1246 3005 1387 3092 ponunt
1407 2997 1641 3071 Salomonem
1660 2991 1805 3072 salvom
1824 3005 1893 3073 etc.
1912 2999 1956 3072 El
1972 2998 2094 3072 subdit

916 3112 1053 3212 quiad)
1081 3118 1148 3191 iste
1173 3117 1322 3213 spiritus
1355 3116 1400 3191 sit
1431 3119 1594 3212 pulcrior
1624 3128 1662 3196 et
1691 3119 1911 3194 eminentior
1936 3118 2093 3213 caeteris,

914 3237 1060 3314 dicens:
1092 3241 1125 3310 (ι’
1150 3232 1181 3312 si
1206 3241 1391 3332 profonda
1413 3258 1551 3328 severe,
1581 3236 1683 3326 idest,
1710 3244 1785 3311 tarn
1819 3238 2001 3333 profunda
2030 3259 2094 3314 sa-

914 3359 1061 3454 pientia,
1085 3361 1127 3452 su
1153 3378 1268 3432 masso
1292 3361 1459 3433 noitello
1487 3366 1611 3448 mente,
1637 3358 1742 3450 idest,
1767 3359 1970 3434 excellente
1994 3359 2089 3434 illius

914 3479 1131 3574 Salomonis,
1152 3483 1213 3554 obe
1232 3500 1256 3551 o
1277 3483 1383 3553 vedcr
1402 3485 1512 3569 moto,
1532 3479 1623 3554 idest
1643 3485 1783 3553 mutam
1802 3479 2085 3574 profunditatem

913 3601 1111 3696 sepianum,
1133 3621 1206 3674 ooo
1230 3621 1331 3674 surse
1354 3604 1383 3674 il
1404 3603 1568 3690 secondo,
1587 3600 1673 3693 quia
1699 3599 1836 3674 scilicet
1861 3622 1935 3674 non
1961 3599 2088 3675 babuit

914 3741 1060 3816 parem,
1092 3720 1270 3816 intelligas
1302 3719 1400 3794 inter
1440 3739 1564 3814 rech,
1604 3726 1646 3792 ut
1682 3718 1931 3793 declarabitur
1970 3719 2089 3812 inira;

914 3847 952 3918 et
976 3840 1084 3914 dicit:
1110 3861 1147 3914 se
1163 3842 1189 3914 't
1213 3861 1298 3914 oero
1321 3837 1342 3914 e*
1365 3861 1463 3930 vero,
1489 3840 1518 3913 si
1544 3860 1611 3934 pro
1637 3840 1735 3934 quia,
1766 3839 1853 3933 quia
1884 3840 1982 3914 licus
2015 3859 2089 3913 nou

914 3961 1104 4055 mentitur,
1130 3960 1193 4054 qui
1223 3960 1291 4034 sibi
1315 3958 1406 4033 dixit
1435 3958 1523 4032 illud
1549 3959 1648 4052 quod
1680 3957 1824 4032 dicotur
1854 3959 1891 4032 in
1921 3960 2000 4033 Xlll
2026 3981 2089 4034 ca-

913 4081 1037 4176 pitulo.
1064 4121 1113 4134 -
1131 4087 1319 4174 appresso.
1350 4079 1416 4153 Hic
1448 4079 1607 4153 Thomas
1631 4079 1802 4154 describit
1831 4079 1945 4153 alium
1981 4080 2087 4176 spiri-

912 4211 1004 4296 tum,
1040 4202 1176 4277 scilicet
1207 4201 1421 4298 Dionysium
1457 4200 1729 4296 Areopagitam,
1757 4201 1804 4275 (16
1836 4221 1911 4293 quo
1943 4201 2087 4276 dicetur

911 4321 1074 4397 interiori
1113 4322 1283 4418 capitulo.
1322 4321 1394 4396 lsbe
1433 4321 1499 4395 luit
1536 4341 1698 4416 graecuS,
1738 4341 1896 4418 magnus
1930 4321 2089 4416 philoso-

911 4443 1006 4538 phus
1038 4443 1180 4538 primo;
1209 4450 1334 4538 postca
1364 4463 1522 4538 magnus
1537 4433 1575 4532 (²)
1602 4441 1732 4516 doctor
1764 4449 1843 4537 post
1876 4440 2088 4516 conversio·

910 4581 996 4637 nem
1015 4583 1141 4657 suam;
1160 4562 1224 4657 qui
1246 4562 1330 4638 iecit
1346 4561 1460 4636 libros
1481 4560 1691 4636 utilissimos
1707 4553 1744 4654 (³)
1767 4560 1850 4635 fidei
1867 4561 2085 4654 christiana,

907 4682 1044 4757 scilicet
1074 4683 1209 4757 librum
1244 4684 1291 4759 de
1322 4682 1463 4758 coelesti
1494 4681 1711 4775 hierarchia,
1741 4682 1788 4756 de
1816 4681 1982 4778 angelica
2009 4683 2088 4756 hic-

971 4945 1000 5009 l¹l
1017 4945 1143 5010 uquoa.
1330 4943 1559 5007 cremamus
1747 4944 1774 5007 (¹)
1791 4945 1971 4996 suornm
