4842 6642
822 855 959 911 cunnus
984 857 1141 913 uncinus
1167 859 1312 914 suanus.
1581 846 1647 915 181

479 1002 598 1077 loedus
625 1000 856 1077 mactabatur
876 1002 1246 1097 tamquamvictima,
1268 1008 1309 1078 ut
1325 1023 1423 1099 soepe
1439 1010 1538 1099 patet
1554 1003 1652 1098 apud

459 1108 598 1197 'Titum
626 1122 782 1217 Livium,
800 1142 823 1193 a
843 1125 958 1214 quello
977 1127 1095 1215 pietro
1111 1143 1239 1217 soemo,
1259 1122 1363 1218 idest,
1382 1131 1512 1198 statuae
1529 1123 1653 1199 Martis

478 1264 563 1338 quae
598 1250 679 1317 erat
711 1242 918 1337 aliqualiter
952 1243 1078 1338 inacta,
1108 1246 1168 1318 cbo
1193 1246 1339 1335 quordo
1363 1248 1389 1318 ’l
1413 1252 1532 1338 ponte,
1565 1244 1652 1338 quia

478 1369 559 1438 erat
583 1363 698 1457 posito
725 1363 760 1435 in
786 1362 962 1459 principio
986 1364 1105 1459 pontis
1132 1365 1285 1458 Veteris,
1318 1371 1361 1438 ut
1392 1385 1490 1460 saepe
1513 1364 1651 1440 dictum

477 1490 542 1559 est
569 1485 613 1557 ut
638 1482 739 1558 dicit:
765 1486 858 1559 netto
881 1504 947 1558 suo
967 1506 1058 1577 poce
1079 1493 1271 1578 postremo,
1299 1486 1385 1580 quia
1410 1486 1547 1559 scilicet
1578 1504 1653 1558 non

479 1611 557 1680 erat
582 1604 740 1700 amplius
765 1603 890 1679 lutura
916 1626 985 1700 pax
1013 1606 1050 1679 in
1075 1605 1333 1680 Florentia-
1349 1610 1422 1679 Gon
1442 1613 1566 1697 queste.
1586 1604 1650 1677 llic

480 1725 718 1823 Cacciaguida
744 1725 927 1800 concludit
946 1746 1052 1801 suam
1076 1727 1324 1801 narrationem
1343 1732 1382 1801 et
1397 1726 1533 1801 claudit
1553 1724 1654 1819 capi-

481 1849 613 1941 tulum,
638 1846 778 1921 dicens:
814 1849 884 1919 Vtar
896 1850 931 1919 io
957 1851 1134 1921 Florenzo
1159 1868 1226 1921 con
1250 1855 1365 1940 queste
1379 1850 1487 1939 penti,
1506 1846 1652 1939 scilicet,

480 1968 648 2065 superius
680 1968 905 2042 enumeratis
936 1968 1096 2061 lamilii53
1122 1974 1160 2042 et
1194 1970 1298 2043 dicit:
1324 1992 1344 2042 e
1366 1990 1433 2041 con
1466 1972 1557 2041 altre
1588 1987 1654 2040 coa

479 2112 564 2181 osse,
590 2089 676 2183 quia
703 2087 786 2163 iecit
811 2095 921 2163 autor
946 2089 1066 2162 solum
1093 2088 1318 2163 mentionem
1345 2088 1391 2163 de
1421 2085 1652 2181 quibusdam,

478 2211 524 2286 de
549 2210 683 2305 quibus
709 2208 844 2304 placuit
861 2209 983 2284 lacere
1000 2208 1150 2304 lamam,
1168 2210 1255 2305 quia
1274 2210 1360 2283 visae
1378 2216 1463 2283 sunt
1484 2200 1551 2281 sibi
1573 2226 1653 2281 me·

480 2329 741 2406 morabiliores.
755 2330 801 2402 Et
813 2329 914 2403 dicit:
927 2322 1007 2403 iusi
1020 2334 1110 2426 sotto
1126 2333 1262 2423 rtposo,
1279 2330 1383 2423 idest,
1400 2330 1437 2401 in
1455 2335 1530 2402 tam
1550 2335 1651 2402 tran-

479 2453 589 2547 quillo
615 2458 652 2526 et
677 2450 826 2546 pacifico
852 2458 961 2546 statu,
979 2454 1039 2525 cte
1064 2472 1135 2525 noa
1161 2473 1251 2523 coeo
1273 2454 1419 2542 capione
1438 2454 1529 2523 orode
1544 2452 1652 2541 piosa

477 2594 586 2665 pesse,
612 2572 714 2667 idest,
742 2571 838 2665 quod
867 2592 938 2647 non
966 2573 1123 2646 babebat
1149 2571 1342 2647 materiam
1364 2573 1541 2668 plorandi,
1559 2572 1653 2645 sicut

481 2714 588 2768 nunc.
615 2692 659 2765 Et
684 2692 824 2765 subdit:
851 2716 869 2766 e
896 2694 1010 2765 nicto
1043 2695 1070 2765 tt
1099 2695 1209 2785 popol
1239 2714 1316 2783 suo,
1342 2692 1489 2786 scilicet,
1518 2693 1653 2767 lloren-

482 2814 611 2906 tinum,
628 2814 797 2905 ptortoso,
816 2812 963 2907 scilicet,
981 2811 1122 2887 artibus
1140 2814 1238 2908 pacis
1263 2820 1301 2887 et
1326 2812 1426 2887 belli:
1446 2819 1534 2886 tunc
1553 2810 1652 2885 enim

481 2934 659 3029 gerebant
684 2933 778 3008 bella
804 2938 932 3007 contra
959 2934 1091 3027 hostes,
1109 2954 1155 3006 ex
1174 2934 1309 3027 quibus
1329 2933 1650 3026 consequebantur

482 3072 579 3149 saepe
604 3054 792 3128 victoriam
820 3054 1030 3150 gloriosam,
1049 3076 1122 3128 non
1144 3062 1273 3129 contro
1298 3055 1407 3148 cives,
1425 3075 1471 3129 ex
1491 3075 1652 3147 quorum

482 3172 632 3248 victoria
658 3194 732 3248 non
757 3173 867 3248 datur
898 3175 1163 3269 triumphose
1191 3178 1317 3267 plasto,
1344 3175 1430 3269 quia
1460 3182 1549 3248 tunc
1580 3194 1653 3248 non

484 3295 685 3389 usurpabat
710 3294 843 3369 iniuste
862 3294 950 3390 jura
985 3293 1203 3391 vicinorum,
1234 3296 1328 3369 sicut
1360 3317 1459 3369 nunc
1489 3294 1590 3387 lacit3
1617 3302 1654 3368 et

480 3414 583 3488 dicit:
610 3421 707 3487 bruto
731 3417 791 3487 cbo
815 3418 841 3487 't
862 3417 971 3507 qiqtio
995 3436 1068 3489 non
1094 3437 1158 3489 eru
1173 3423 1276 3508 posto
1300 3436 1325 3487 c
1349 3418 1481 3489 n'troso
1497 3418 1547 3488 od
1562 3421 1651 3486 osto.

480 3535 556 3609 lloc
589 3533 685 3629 dicit,
712 3534 799 3627 quia
825 3533 872 3608 de
897 3554 1004 3609 moro
1029 3542 1084 3609 est
1110 3536 1293 3609 victorum
1318 3557 1415 3630 saepe
1439 3540 1654 3629 pervertere

480 3654 632 3751 insignia
649 3662 755 3750 capta
772 3654 820 3730 ab
841 3655 1018 3749 hostibus,
1039 3656 1208 3750 ponendo
1226 3664 1337 3751 caput
1354 3657 1467 3729 hastae
1484 3656 1653 3751 superius

479 3775 652 3850 deorsum
685 3782 722 3849 et
753 3775 882 3869 pedem
910 3796 1071 3849 sursum.
1098 3775 1201 3864 Quod
1231 3782 1354 3851 tamen
1384 3795 1481 3872 saepe
1513 3775 1650 3850 lactum

480 3902 535 3970 est
552 3896 742 3971 Florentiae
762 3905 929 3991 tempore
946 3897 1127 3971 bellorum
1149 3896 1329 3991 civilium3
1348 3897 1434 3991 quia
1455 3896 1652 3991 aliquando

479 4015 663 4110 ghibellini
680 4017 820 4110 expulsi
841 4016 1031 4111 capiebant
1050 4016 1201 4113 insignia
1223 4016 1489 4110 intraneorum,
1508 4023 1546 4091 et
1562 4017 1653 4090 sub-

481 4136 671 4210 vertebant
696 4136 734 4209 in
758 4136 997 4231 opprobrium
1024 4137 1283 4233 guelplmrum,
1301 4144 1339 4211 et
1356 4158 1378 4212 e
1394 4136 1590 4212 contrario.
1608 4138 1652 4210 Et

481 4255 588 4331 dicit:
613 4254 659 4330 nc
677 4278 745 4349 per
769 4259 919 4331 dimaon
940 4261 1031 4353 sotto
1061 4261 1253 4349 oomiqbo.
1289 4258 1343 4331 Ad
1376 4258 1651 4354 intelligentiam

482 4377 590 4451 buius
614 4377 730 4451 literae
755 4384 811 4452 est
836 4377 1051 4472 notandum,
1074 4377 1172 4472 quod
1198 4397 1285 4452 cum
1315 4380 1457 4453 romani
1482 4380 1569 4452 olim
1597 4378 1651 4453 la-

479 4496 625 4571 ciebant
644 4498 806 4592 aliquam
825 4498 1008 4573 civitatem
1027 4497 1219 4591 coloniam,
1237 4498 1420 4573 donabant
1442 4498 1506 4572 sibi
1527 4520 1652 4573 arma-

480 4622 602 4691 turam
617 4618 739 4713 populi
756 4619 911 4712 romani,
924 4618 1071 4712 scilicet,
1086 4624 1233 4693 scutum
1248 4617 1459 4714 simpliciter
1477 4619 1650 4715 rubeum,

480 4737 558 4811 sine
575 4737 686 4811 literis
704 4738 771 4812 illis
788 4739 823 4813 S.
838 4740 876 4813 P.
891 4740 931 4827 Q.
946 4740 1001 4831 R,
1020 4758 1104 4832 quae
1122 4738 1237 4813 litera
1254 4740 1472 4834 important:
1490 4748 1650 4835 senatuS,

479 4858 711 4953 populusque
726 4880 919 4934 romanus:
935 4867 1058 4934 tamen
1072 4858 1242 4933 Nicolaus
1256 4859 1425 4934 tribunus
1442 4860 1580 4955 Romae,
1595 4860 1652 4934 vir

481 4998 626 5076 magnae
651 4980 839 5074 probitatis
864 4988 901 5055 et
926 4978 1139 5075 prudentlae,
1165 4999 1262 5075 saepe
1286 5000 1448 5077 arguens
1472 4981 1649 5076 populum
