4842 6642
800 837 888 904 llll
1204 845 1409 904 conburunt
1433 845 1599 900 nlnanrsr

814 998 875 1070 e'l
896 997 1016 1070 vidue
1038 995 1221 1084 dalton,
1239 993 1341 1088 idest,
1363 991 1525 1080 viriditas
1550 989 1697 1085 florum,
1711 1011 1780 1064 sou
1800 993 1982 1088 ombrisoi

812 1119 978 1211 presuzii,
1003 1115 1109 1210 quasi
1136 1114 1245 1209 dieat,
1272 1121 1358 1188 sunt
1386 1110 1648 1208 praeflgurativi
1681 1117 1719 1188 et
1742 1111 1984 1208 significativi,

814 1237 855 1312 di
889 1238 947 1310 lor
978 1257 1081 1327 auro,
1115 1233 1225 1329 idest,
1255 1221 1387 1308 eorum
1417 1231 1574 1328 pmpriae
1608 1235 1646 1306 et
1678 1251 1779 1308 verae
1804 1233 1984 1327 essentie,

815 1355 866 1430 ita
891 1353 990 1450 quod
1015 1361 1101 1429 sunt
1126 1352 1296 1448 quedam
1328 1351 1645 1449 praefigurationes
1670 1358 1708 1426 et
1733 1352 1984 1447 praedictiones

816 1498 945 1553 rerum
983 1496 1161 1552 verarum
1198 1479 1456 1568 sequntarum.
1486 1473 1529 1548 ut
1564 1473 1760 1568 respondet
1793 1475 1984 1569 quaestioni

816 1597 946 1691 tacita,
964 1597 1051 1693 quia
1076 1595 1174 1672 enim
1200 1602 1310 1670 antor
1337 1599 1459 1690 posset
1482 1593 1660 1669 obiicere:
1687 1593 1755 1668 ista
1774 1593 1896 1670 divina
1920 1615 1985 1670 oc-

815 1719 914 1794 culta
937 1717 1183 1792 ostenduntur
1200 1714 1473 1790 bominibus'iu
1499 1720 1599 1790 terra
1624 1714 1695 1789 sub
1719 1714 1840 1811 ilgura
1866 1722 1903 1792 et
1921 1737 1985 1792 ve-

816 1839 963 1933 lamine,
980 1838 1043 1912 sed
1069 1837 1128 1913 bic
1153 1837 1189 1911 in
1216 1857 1365 1910 summo
1394 1836 1489 1940 coelo
1522 1835 1619 1932 apud
1648 1856 1834 1910 summam
1861 1837 1983 1912 lucem

816 1960 993 2036 deberent
1016 1957 1157 2033 ostendi
1183 1957 1293 2032 clare.
1312 1957 1413 2031 Hanc
1432 1955 1697 2032 dubitationem
1714 1955 1875 2032 excludit
1891 1958 1986 2032 Bea-

818 2081 902 2176 trix‚
927 2078 1070 2155 dicens:
1095 2099 1170 2153 non
1194 2078 1254 2152 clo
1278 2085 1392 2178 queste
1408 2097 1487 2150 cose
1502 2079 1604 2152 siano
1621 2079 1745 2152 acerbe
1763 2081 1813 2152 do
1828 2075 1878 2171 sd,
1899 2079 1985 2173 quie

817 2201 864 2276 de
890 2200 943 2276 rei
968 2199 1124 2274 veritate
1143 2198 1240 2273 istud
1259 2217 1330 2272 non
1349 2205 1405 2272 est
1421 2197 1565 2291 luteum,
1583 2217 1691 2292 aquae
1706 2190 1756 2292 (¹),
1778 2217 1847 2274 nec
1866 2199 1986 2293 dores,

818 2341 886 2398 nec
903 2320 1049 2414 iavillae;
1066 2318 1131 2394 sed
1147 2324 1234 2392 sunt
1250 2320 1377 2394 lumen
1395 2317 1526 2393 divinae
1546 2319 1685 2416 gratie,
1703 2319 1838 2398 animae
1857 2319 1986 2414 emm,

817 2439 970 2537 angelici
1004 2438 1163 2534 spiritus,
1196 2437 1290 2514 odor
1303 2430 1340 2532 (²)
1377 2437 1546 2513 bonitatis
1580 2439 1787 2515 beatorum.
1824 2439 1868 2512 lit
1900 2461 1987 2517 ecce

818 2580 936 2657 quare
960 2559 1046 2634 talia
1072 2558 1279 2651 videantur,
1300 2579 1359 2630 mo
1384 2554 1405 2634 ὀ
1427 2561 1545 2652 diselb
1562 2561 1660 2633 dallo
1672 2567 1778 2653 parte
1793 2567 1868 2652 tuo,
1886 2559 1986 2654 idest,

820 2681 961 2756 ratione
984 2679 1140 2753 intirmae
1164 2677 1310 2753 virtutis
1336 2685 1409 2753 tuae
1435 2678 1579 2772 visirae3
1598 2678 1695 2754 unde
1715 2663 1817 2755 dicit:
1836 2683 1897 2758 cto
1915 2701 1988 2756 nors

817 2803 878 2875 lui
900 2804 984 2875 oiste
1008 2821 1120 2874 uuor
1145 2805 1243 2874 uno
1267 2799 1423 2892 supube,
1450 2798 1552 2893 idest,
1576 2800 1669 2875 altas
1694 2806 1732 2876 et
1756 2800 1907 2896 nobiles,
1937 2801 1986 2876 ita

818 2922 918 3016 quod
942 2920 1145 3018 superbum
1170 2920 1314 3017 capitur
1347 2920 1405 2996 hic
1437 2920 1473 2994 in
1505 2919 1599 2994 bona
1631 2927 1745 3017 parte
1772 2921 1865 2997 sicut
1890 2943 1988 3019 saepe

816 3041 915 3136 apud
941 3041 1131 3137 Virgilium
1158 3047 1197 3116 et
1221 3039 1332 3134 alios3
1359 3046 1396 3114 et
1421 3041 1491 3115 boc
1521 3047 1576 3116 est
1611 3041 1699 3136 qula
1729 3041 1891 3117 nondum
1917 3065 1990 3141 gu·

818 3161 920 3237 stasti
945 3161 992 3237 de
1016 3159 1344 3237 dulcedinobnius
1369 3181 1488 3255 aqnoe.

893 3285 975 3354 Non
998 3277 1165 3377 dsuntin.
1191 3281 1262 3356 lsta
1288 3287 1344 3358 est
1375 3281 1480 3356 tertia
1510 3301 1594 3378 pars
1617 3283 1821 3378 generalis,
1847 3283 1885 3358 in
1915 3303 1989 3379 qua

719 3409 723 3416 ’
817 3407 930 3476 autor
946 3401 1119 3476 describit
1134 3401 1324 3477 coelestem
1346 3401 1491 3476 curiam
1509 3401 1546 3475 in
1564 3402 1858 3498 propriolum,
1877 3425 1989 3497 quam

818 3521 921 3618 prius
933 3521 1177 3618 descripserat
1193 3521 1264 3596 snb
1282 3521 1420 3636 ligura3
1438 3528 1476 3598 et
1493 3520 1613 3617 primo
1630 3523 1786 3598 ostendit
1805 3524 1991 3618 quomodo

818 3643 936 3719 lactus
959 3642 1192 3718 avidissimus
1208 3643 1254 3718 ad
1274 3641 1550 3739 persuasionem
1571 3643 1746 3719 Beatricis
1763 3645 1991 3720 inclinaverit
2081 3639 2088 3654 '

818 3785 859 3842 se
883 3764 930 3838 ad
955 3764 1155 3839 bibendum
1176 3764 1224 3840 de
1240 3785 1339 3859 aqua
1357 3763 1429 3857 illa,
1448 3784 1514 3860 per
1531 3765 1846 3860 comparationem
1864 3766 1991 3842 dome·

818 3884 946 3960 sticum
963 3891 1002 3959 et
1025 3885 1178 3977 claram,
1202 3884 1348 3960 dicens:
1374 3881 1455 3958 Non
1479 3879 1501 3958 e*
1519 3889 1636 3979 suado
1656 3887 1716 3960 ola
1733 3878 1764 3959 sl
1779 3887 1890 3962 subito
1907 3907 1990 3978 ruo,

817 3992 920 4097 idest,
947 4004 1119 4078 extendat
1142 4023 1185 4080 aa
1207 4010 1246 4080 et
1270 4003 1428 4100 inclinet,
1449 4008 1506 4080 cot
1522 4009 1613 4080 uoltu
1630 4029 1732 4082 uerso
1756 4011 1784 4083 il
1807 4011 1902 4100 ioue,
1919 4009 1992 4084 sei-

817 4124 913 4217 licet,
940 4122 1070 4198 matris
1094 4125 1154 4200 vel
1179 4124 1351 4219 nutricis;
1376 4131 1414 4201 et
1439 4125 1544 4201 dicit:
1570 4149 1608 4200 se
1630 4131 1662 4202 si
1684 4132 1807 4221 tuenti,
1832 4129 1924 4206 idest
1938 4121 1990 4224 (ἢ,

818 4244 977 4341 evigilet,
1002 4246 1108 4318 molto
1128 4248 1272 4319 tuaac
1291 4248 1376 4320 dull
1389 4266 1526 4320 manzo
1545 4267 1626 4340 suo,
1647 4247 1750 4344 idest,
1766 4250 1797 4325 si
1817 4251 1990 4326 multum

818 4363 982 4440 dormuit
996 4351 1033 4457 (⁴)
1062 4363 1159 4440 ultra
1184 4365 1346 4458 solitum,
1367 4365 1453 4460 qnia
1477 4373 1564 4442 tunc
1581 4374 1636 4443 est
1657 4369 1762 4446 valde
1787 4369 1991 4466 emensus,

818 4474 919 4559 aona
935 4487 1002 4579 lec'
1013 4488 1061 4577 io,
1088 4484 1192 4579 idest,
1217 4485 1313 4561 stetu
1338 4487 1459 4562 subito
1489 4508 1560 4584 ego
1591 4489 1662 4583 rui,
1687 4491 1912 4567 odinundomi
1937 4497 1993 4568 ul-

820 4609 963 4699 londa,
980 4606 1082 4702 idest,
1099 4605 1147 4682 ad
1163 4627 1301 4700 aquam
1318 4607 1403 4682 dicti
1423 4609 1593 4703 fluminis,
1609 4613 1717 4686 etesi
1735 4615 1873 4706 dolon,
1890 4615 1992 4709 idest

820 4726 994 4801 deorsum
1013 4726 1159 4821 labitur,
1174 4724 1303 4821 perone*
1318 4731 1353 4802 vi
1367 4731 1568 4821 s’immeyli,
1586 4730 1688 4825 idest,
1711 4735 1927 4810 melioretur
1944 4755 1992 4810 er

884 4910 913 4974 (ll
927 4911 958 4962 Ε.
973 4926 1048 4976 «με.
1428 4913 1455 4977 (“)
1473 4914 1503 4966 E.
1520 4915 1594 4966 ordo.

882 4985 911 5053 Γ)
926 4988 953 5040 S.
968 4989 1043 5051 idest,
1059 4989 1156 5054 vigilet.
1427 4993 1455 5054 (⁸)
1471 4991 1502 5043 ll.
1518 4991 1648 5046 dormivit.
