<?xml version="1.0" encoding="UTF-8"?>
<!DOCTYPE html PUBLIC "-//W3C//DTD XHTML 1.0 Transitional//EN"
    "http://www.w3.org/TR/xhtml1/DTD/xhtml1-transitional.dtd">
<html xmlns="http://www.w3.org/1999/xhtml" xml:lang="en" lang="en">
 <head>
  <title>
</title>
<meta http-equiv="Content-Type" content="text/html;charset=utf-8" />
  <meta name='ocr-system' content='tesseract 3.04.00' />
  <meta name='ocr-capabilities' content='ocr_page ocr_carea ocr_par ocr_line ocrx_word'/>
</head>
<body>
  <div class='ocr_page' id='page_1' title='image "./comentumsuperda02benvgoog_0227.png"; bbox 0 0 4842 6642; ppageno 0'>
   <div class='ocr_carea' id='block_1_1' title="bbox 782 826 1628 909">
    <p class='ocr_par' dir='ltr' id='par_1_1' title="bbox 782 826 1628 909">
     <span class='ocr_line' id='line_1_1' title="bbox 782 826 1628 909; baseline -0.002 -16"><span class='ocrx_word' id='word_1_1' title='bbox 782 838 921 895; x_wconf 77' lang='lat' dir='ltr'>cirrus</span> <span class='ocrx_word' id='word_1_2' title='bbox 945 838 1105 909; x_wconf 73' lang='lat' dir='ltr'>necinus</span> <span class='ocrx_word' id='word_1_3' title='bbox 1128 838 1302 897; x_wconf 72' lang='lat' dir='ltr'>curatus.</span> <span class='ocrx_word' id='word_1_4' title='bbox 1557 826 1628 905; x_wconf 67' lang='lat'>8⁰7</span> 
     </span>
    </p>
   </div>
   <div class='ocr_carea' id='block_1_2' title="bbox 453 972 1631 3248">
    <p class='ocr_par' dir='ltr' id='par_1_2' title="bbox 453 972 1631 3248">
     <span class='ocr_line' id='line_1_2' title="bbox 454 972 1631 1077; baseline -0.002 -20"><span class='ocrx_word' id='word_1_5' title='bbox 454 980 572 1068; x_wconf 86' lang='lat' dir='ltr'>muria</span> <span class='ocrx_word' id='word_1_6' title='bbox 597 1002 700 1077; x_wconf 80' lang='lat' dir='ltr'><strong>men3</strong></span> <span class='ocrx_word' id='word_1_7' title='bbox 728 982 825 1059; x_wconf 88' lang='lat' dir='ltr'>unde</span> <span class='ocrx_word' id='word_1_8' title='bbox 849 982 951 1059; x_wconf 87' lang='lat' dir='ltr'>dicit:</span> <span class='ocrx_word' id='word_1_9' title='bbox 982 1004 1043 1057; x_wconf 82' lang='lat' dir='ltr'>mc</span> <span class='ocrx_word' id='word_1_10' title='bbox 1072 1004 1141 1077; x_wconf 79' lang='lat' dir='ltr'>per</span> <span class='ocrx_word' id='word_1_11' title='bbox 1165 985 1203 1057; x_wconf 82' lang='lat' dir='ltr'>ia</span> <span class='ocrx_word' id='word_1_12' title='bbox 1234 988 1343 1057; x_wconf 82' lang='lat' dir='ltr'><strong>mente</strong></span> <span class='ocrx_word' id='word_1_13' title='bbox 1372 983 1433 1055; x_wconf 79' lang='lat' dir='ltr'>rte</span> <span class='ocrx_word' id='word_1_14' title='bbox 1460 1001 1533 1055; x_wconf 85' lang='lat' dir='ltr'>uon</span> <span class='ocrx_word' id='word_1_15' title='bbox 1557 972 1631 1074; x_wconf 80' lang='lat' dir='ltr'>pud</span> 
     </span>
     <span class='ocr_line' id='line_1_3' title="bbox 453 1099 1629 1199; baseline 0.003 -22"><span class='ocrx_word' id='word_1_16' title='bbox 453 1105 596 1179; x_wconf 83' lang='lat' dir='ltr'><strong>reddire</strong></span> <span class='ocrx_word' id='word_1_17' title='bbox 620 1109 717 1177; x_wconf 81' lang='lat' dir='ltr'><strong>rann</strong></span> <span class='ocrx_word' id='word_1_18' title='bbox 741 1124 850 1177; x_wconf 82' lang='lat' dir='ltr'>socru</span> <span class='ocrx_word' id='word_1_19' title='bbox 866 1099 916 1195; x_wconf 79' lang='lat' dir='ltr'>se&#39;,</span> <span class='ocrx_word' id='word_1_20' title='bbox 934 1103 1021 1199; x_wconf 89' lang='lat' dir='ltr'>quia</span> <span class='ocrx_word' id='word_1_21' title='bbox 1040 1101 1220 1179; x_wconf 84' lang='lat' dir='ltr'><strong>memoria</strong></span> <span class='ocrx_word' id='word_1_22' title='bbox 1245 1123 1319 1179; x_wconf 90' lang='lat' dir='ltr'>nun</span> <span class='ocrx_word' id='word_1_23' title='bbox 1345 1108 1464 1197; x_wconf 84' lang='lat' dir='ltr'>potest</span> <span class='ocrx_word' id='word_1_24' title='bbox 1488 1101 1629 1180; x_wconf 79' lang='lat' dir='ltr'>reterre</span> 
     </span>
     <span class='ocr_line' id='line_1_4' title="bbox 454 1222 1629 1319; baseline 0 -22"><span class='ocrx_word' id='word_1_25' title='bbox 454 1244 537 1319; x_wconf 86' lang='lat' dir='ltr'>quae</span> <span class='ocrx_word' id='word_1_26' title='bbox 562 1223 767 1299; x_wconf 83' lang='lat' dir='ltr'>intellectus</span> <span class='ocrx_word' id='word_1_27' title='bbox 792 1222 889 1299; x_wconf 85' lang='lat' dir='ltr'>videt</span> <span class='ocrx_word' id='word_1_28' title='bbox 914 1244 1026 1319; x_wconf 91' lang='lat' dir='ltr'>supra</span> <span class='ocrx_word' id='word_1_29' title='bbox 1051 1223 1149 1299; x_wconf 89' lang='lat' dir='ltr'>vires</span> <span class='ocrx_word' id='word_1_30' title='bbox 1174 1244 1273 1317; x_wconf 87' lang='lat' dir='ltr'>suas,</span> <span class='ocrx_word' id='word_1_31' title='bbox 1297 1242 1385 1298; x_wconf 91' lang='lat' dir='ltr'>cum</span> <span class='ocrx_word' id='word_1_32' title='bbox 1412 1222 1458 1295; x_wconf 88' lang='lat' dir='ltr'>sit</span> <span class='ocrx_word' id='word_1_33' title='bbox 1482 1222 1629 1319; x_wconf 81' lang='lat' dir='ltr'>altigata</span> 
     </span>
     <span class='ocr_line' id='line_1_5' title="bbox 453 1342 1631 1443; baseline -0.004 -20"><span class='ocrx_word' id='word_1_34' title='bbox 453 1365 593 1443; x_wconf 83' lang='lat' dir='ltr'><strong>organo</strong></span> <span class='ocrx_word' id='word_1_35' title='bbox 618 1345 811 1441; x_wconf 84' lang='lat' dir='ltr'>corporali,</span> <span class='ocrx_word' id='word_1_36' title='bbox 839 1350 879 1419; x_wconf 92' lang='lat' dir='ltr'>ut</span> <span class='ocrx_word' id='word_1_37' title='bbox 904 1345 1020 1441; x_wconf 85' lang='lat' dir='ltr'>patuit</span> <span class='ocrx_word' id='word_1_38' title='bbox 1045 1344 1144 1421; x_wconf 89' lang='lat' dir='ltr'>circa</span> <span class='ocrx_word' id='word_1_39' title='bbox 1175 1343 1393 1439; x_wconf 89' lang='lat' dir='ltr'>principium</span> <span class='ocrx_word' id='word_1_40' title='bbox 1424 1342 1534 1417; x_wconf 86' lang='lat' dir='ltr'>huius</span> <span class='ocrx_word' id='word_1_41' title='bbox 1559 1344 1631 1419; x_wconf 86' lang='lat' dir='ltr'>Pu-</span> 
     </span>
     <span class='ocr_line' id='line_1_6' title="bbox 454 1464 1629 1563; baseline -0.002 -22"><span class='ocrx_word' id='word_1_42' title='bbox 454 1464 573 1563; x_wconf 85' lang='lat' dir='ltr'>redisi‚</span> <span class='ocrx_word' id='word_1_43' title='bbox 600 1465 705 1561; x_wconf 83' lang='lat' dir='ltr'><strong>quasi</strong></span> <span class='ocrx_word' id='word_1_44' title='bbox 729 1465 842 1541; x_wconf 88' lang='lat' dir='ltr'>dicat:</span> <span class='ocrx_word' id='word_1_45' title='bbox 870 1467 1016 1561; x_wconf 80' lang='lat' dir='ltr'><strong>loquela</strong></span> <span class='ocrx_word' id='word_1_46' title='bbox 1038 1486 1111 1541; x_wconf 92' lang='lat' dir='ltr'>nnn</span> <span class='ocrx_word' id='word_1_47' title='bbox 1132 1464 1278 1559; x_wconf 87' lang='lat' dir='ltr'>sufficit,</span> <span class='ocrx_word' id='word_1_48' title='bbox 1304 1471 1342 1539; x_wconf 91' lang='lat' dir='ltr'>et</span> <span class='ocrx_word' id='word_1_49' title='bbox 1367 1464 1548 1540; x_wconf 85' lang='lat' dir='ltr'><strong>memoria</strong></span> <span class='ocrx_word' id='word_1_50' title='bbox 1573 1470 1629 1539; x_wconf 87' lang='lat' dir='ltr'>est</span> 
     </span>
     <span class='ocr_line' id='line_1_7' title="bbox 454 1584 1629 1681; baseline 0 -20"><span class='ocrx_word' id='word_1_51' title='bbox 454 1585 650 1681; x_wconf 79' lang='lat' dir='ltr'>deiectira3</span> <span class='ocrx_word' id='word_1_52' title='bbox 684 1593 721 1663; x_wconf 87' lang='lat' dir='ltr'>et</span> <span class='ocrx_word' id='word_1_53' title='bbox 757 1586 862 1661; x_wconf 89' lang='lat' dir='ltr'>dicit:</span> <span class='ocrx_word' id='word_1_54' title='bbox 893 1589 1020 1661; x_wconf 69' lang='lat' dir='ltr'>dulci</span> <span class='ocrx_word' id='word_1_55' title='bbox 1051 1607 1123 1659; x_wconf 83' lang='lat' dir='ltr'>nnn</span> <span class='ocrx_word' id='word_1_56' title='bbox 1160 1589 1197 1659; x_wconf 80' lang='lat' dir='ltr'>iu</span> <span class='ocrx_word' id='word_1_57' title='bbox 1234 1587 1345 1678; x_wconf 67' lang='lat' dir='ltr'>putidi,</span> <span class='ocrx_word' id='word_1_58' title='bbox 1378 1585 1474 1660; x_wconf 86' lang='lat' dir='ltr'>sicut</span> <span class='ocrx_word' id='word_1_59' title='bbox 1507 1584 1629 1661; x_wconf 79' lang='lat' dir='ltr'>diuina</span> 
     </span>
     <span class='ocr_line' id='line_1_8' title="bbox 455 1705 1629 1805; baseline -0.001 -22"><span class='ocrx_word' id='word_1_60' title='bbox 455 1707 583 1805; x_wconf 77' lang='lat' dir='ltr'>gratia.</span> <span class='ocrx_word' id='word_1_61' title='bbox 597 1748 646 1763; x_wconf 94' lang='lat'>-</span> <span class='ocrx_word' id='word_1_62' title='bbox 664 1714 785 1783; x_wconf 84' lang='lat' dir='ltr'>Tanto.</span> <span class='ocrx_word' id='word_1_63' title='bbox 813 1707 878 1783; x_wconf 84' lang='lat' dir='ltr'>ilic</span> <span class='ocrx_word' id='word_1_64' title='bbox 902 1714 1011 1782; x_wconf 85' lang='lat' dir='ltr'>autor</span> <span class='ocrx_word' id='word_1_65' title='bbox 1040 1705 1211 1781; x_wconf 79' lang='lat' dir='ltr'>describit</span> <span class='ocrx_word' id='word_1_66' title='bbox 1240 1706 1412 1781; x_wconf 80' lang='lat' dir='ltr'>effectum</span> <span class='ocrx_word' id='word_1_67' title='bbox 1446 1707 1541 1782; x_wconf 86' lang='lat' dir='ltr'>iliius</span> <span class='ocrx_word' id='word_1_68' title='bbox 1571 1707 1629 1783; x_wconf 91' lang='lat' dir='ltr'>in·</span> 
     </span>
     <span class='ocr_line' id='line_1_9' title="bbox 457 1820 1629 1925; baseline 0.003 -24"><span class='ocrx_word' id='word_1_69' title='bbox 457 1828 664 1925; x_wconf 84' lang='lat' dir='ltr'>spectionis3</span> <span class='ocrx_word' id='word_1_70' title='bbox 682 1835 720 1905; x_wconf 92' lang='lat' dir='ltr'>et</span> <span class='ocrx_word' id='word_1_71' title='bbox 740 1828 902 1903; x_wconf 85' lang='lat' dir='ltr'>breviter</span> <span class='ocrx_word' id='word_1_72' title='bbox 926 1828 1026 1903; x_wconf 86' lang='lat' dir='ltr'>dicit:</span> <span class='ocrx_word' id='word_1_73' title='bbox 1046 1826 1216 1922; x_wconf 90' lang='lat' dir='ltr'>quamvis</span> <span class='ocrx_word' id='word_1_74' title='bbox 1242 1847 1314 1901; x_wconf 90' lang='lat' dir='ltr'>nen</span> <span class='ocrx_word' id='word_1_75' title='bbox 1341 1847 1490 1921; x_wconf 87' lang='lat' dir='ltr'>possum</span> <span class='ocrx_word' id='word_1_76' title='bbox 1507 1820 1544 1921; x_wconf 79' lang='lat'>(⁴)</span> <span class='ocrx_word' id='word_1_77' title='bbox 1560 1827 1629 1904; x_wconf 92' lang='lat' dir='ltr'>de-</span> 
     </span>
     <span class='ocr_line' id='line_1_10' title="bbox 458 1945 1628 2040; baseline 0.004 -17"><span class='ocrx_word' id='word_1_78' title='bbox 458 1948 618 2026; x_wconf 79' lang='lat' dir='ltr'><strong>scribere</strong></span> <span class='ocrx_word' id='word_1_79' title='bbox 641 1969 811 2024; x_wconf 89' lang='lat' dir='ltr'><strong>amorem</strong></span> <span class='ocrx_word' id='word_1_80' title='bbox 837 1947 1055 2023; x_wconf 82' lang='lat' dir='ltr'>ineffabilem</span> <span class='ocrx_word' id='word_1_81' title='bbox 1076 1945 1185 2022; x_wconf 89' lang='lat' dir='ltr'>huius</span> <span class='ocrx_word' id='word_1_82' title='bbox 1201 1946 1372 2040; x_wconf 72' lang='lat' dir='ltr'>domium,</span> <span class='ocrx_word' id='word_1_83' title='bbox 1389 1957 1514 2023; x_wconf 83' lang='lat' dir='ltr'><strong>tamen</strong></span> <span class='ocrx_word' id='word_1_84' title='bbox 1532 1948 1628 2028; x_wconf 83' lang='lat' dir='ltr'><strong>bene</strong></span> 
     </span>
     <span class='ocr_line' id='line_1_11' title="bbox 456 2066 1630 2163; baseline 0 -22"><span class='ocrx_word' id='word_1_85' title='bbox 456 2087 604 2163; x_wconf 85' lang='lat' dir='ltr'>possum</span> <span class='ocrx_word' id='word_1_86' title='bbox 632 2069 772 2145; x_wconf 80' lang='lat' dir='ltr'><strong>referre</strong></span> <span class='ocrx_word' id='word_1_87' title='bbox 799 2090 927 2162; x_wconf 89' lang='lat' dir='ltr'>unum,</span> <span class='ocrx_word' id='word_1_88' title='bbox 955 2067 1052 2162; x_wconf 91' lang='lat' dir='ltr'>qund</span> <span class='ocrx_word' id='word_1_89' title='bbox 1078 2066 1158 2143; x_wconf 89' lang='lat' dir='ltr'>eius</span> <span class='ocrx_word' id='word_1_90' title='bbox 1184 2066 1358 2163; x_wconf 77' lang='lat' dir='ltr'>inspectio</span> <span class='ocrx_word' id='word_1_91' title='bbox 1383 2066 1543 2142; x_wconf 83' lang='lat' dir='ltr'>removit</span> <span class='ocrx_word' id='word_1_92' title='bbox 1567 2088 1630 2141; x_wconf 92' lang='lat' dir='ltr'>me</span> 
     </span>
     <span class='ocr_line' id='line_1_12' title="bbox 454 2186 1629 2281; baseline 0.001 -20"><span class='ocrx_word' id='word_1_93' title='bbox 454 2186 501 2261; x_wconf 86' lang='lat' dir='ltr'>ab</span> <span class='ocrx_word' id='word_1_94' title='bbox 526 2187 627 2261; x_wconf 90' lang='lat' dir='ltr'>omni</span> <span class='ocrx_word' id='word_1_95' title='bbox 652 2187 855 2263; x_wconf 84' lang='lat' dir='ltr'>inordinata</span> <span class='ocrx_word' id='word_1_96' title='bbox 880 2188 1084 2263; x_wconf 77' lang='lat' dir='ltr'>affectione.</span> <span class='ocrx_word' id='word_1_97' title='bbox 1105 2187 1208 2263; x_wconf 83' lang='lat' dir='ltr'><strong>Unde</strong></span> <span class='ocrx_word' id='word_1_98' title='bbox 1229 2186 1332 2263; x_wconf 86' lang='lat' dir='ltr'>dicit:</span> <span class='ocrx_word' id='word_1_99' title='bbox 1356 2193 1467 2261; x_wconf 77' lang='lat' dir='ltr'><strong>rann</strong></span> <span class='ocrx_word' id='word_1_100' title='bbox 1486 2190 1629 2281; x_wconf 78' lang='lat' dir='ltr'>pnss&#39;in</span> 
     </span>
     <span class='ocr_line' id='line_1_13' title="bbox 456 2308 1624 2403; baseline 0 -20"><span class='ocrx_word' id='word_1_101' title='bbox 456 2310 492 2383; x_wconf 86' lang='lat' dir='ltr'>di</span> <span class='ocrx_word' id='word_1_102' title='bbox 524 2311 603 2403; x_wconf 79' lang='lat' dir='ltr'>puel</span> <span class='ocrx_word' id='word_1_103' title='bbox 629 2316 741 2401; x_wconf 83' lang='lat' dir='ltr'>punto</span> <span class='ocrx_word' id='word_1_104' title='bbox 768 2311 893 2403; x_wconf 77' lang='lat' dir='ltr'>ridire,</span> <span class='ocrx_word' id='word_1_105' title='bbox 921 2329 1009 2384; x_wconf 90' lang='lat' dir='ltr'>cum</span> <span class='ocrx_word' id='word_1_106' title='bbox 1044 2308 1209 2403; x_wconf 87' lang='lat' dir='ltr'>veritate,</span> <span class='ocrx_word' id='word_1_107' title='bbox 1236 2311 1308 2403; x_wconf 79' lang='lat' dir='ltr'>cde,</span> <span class='ocrx_word' id='word_1_108' title='bbox 1339 2310 1540 2383; x_wconf 82' lang='lat' dir='ltr'>rimirando</span> <span class='ocrx_word' id='word_1_109' title='bbox 1568 2311 1624 2401; x_wconf 79' lang='lat' dir='ltr'>lei,</span> 
     </span>
     <span class='ocr_line' id='line_1_14' title="bbox 459 2427 1631 2524; baseline 0.002 -23"><span class='ocrx_word' id='word_1_110' title='bbox 459 2427 559 2523; x_wconf 80' lang='lat' dir='ltr'>idest,</span> <span class='ocrx_word' id='word_1_111' title='bbox 586 2429 666 2505; x_wconf 91' lang='lat' dir='ltr'>eius</span> <span class='ocrx_word' id='word_1_112' title='bbox 692 2436 767 2504; x_wconf 87' lang='lat' dir='ltr'>tam</span> <span class='ocrx_word' id='word_1_113' title='bbox 794 2448 1009 2505; x_wconf 88' lang='lat' dir='ltr'>amorusum</span> <span class='ocrx_word' id='word_1_114' title='bbox 1041 2429 1174 2523; x_wconf 84' lang='lat' dir='ltr'>visum,</span> <span class='ocrx_word' id='word_1_115' title='bbox 1201 2432 1237 2503; x_wconf 83' lang='lat' dir='ltr'>ln</span> <span class='ocrx_word' id='word_1_116' title='bbox 1267 2432 1338 2503; x_wconf 78' lang='lat' dir='ltr'>mm</span> <span class='ocrx_word' id='word_1_117' title='bbox 1370 2434 1500 2524; x_wconf 70' lang='lat' dir='ltr'>affecto,</span> <span class='ocrx_word' id='word_1_118' title='bbox 1528 2428 1631 2521; x_wconf 82' lang='lat' dir='ltr'>idest,</span> 
     </span>
     <span class='ocr_line' id='line_1_15' title="bbox 456 2548 1629 2646; baseline 0.004 -23"><span class='ocrx_word' id='word_1_119' title='bbox 456 2548 599 2625; x_wconf 81' lang='lat' dir='ltr'>affectio</span> <span class='ocrx_word' id='word_1_120' title='bbox 624 2570 720 2644; x_wconf 90' lang='lat' dir='ltr'><strong>mea,</strong></span> <span class='ocrx_word' id='word_1_121' title='bbox 747 2570 831 2644; x_wconf 84' lang='lat' dir='ltr'>quae</span> <span class='ocrx_word' id='word_1_122' title='bbox 858 2550 958 2645; x_wconf 88' lang='lat' dir='ltr'>prius</span> <span class='ocrx_word' id='word_1_123' title='bbox 976 2557 1057 2625; x_wconf 87' lang='lat' dir='ltr'>erat</span> <span class='ocrx_word' id='word_1_124' title='bbox 1073 2557 1178 2645; x_wconf 83' lang='lat' dir='ltr'>capta</span> <span class='ocrx_word' id='word_1_125' title='bbox 1195 2550 1244 2625; x_wconf 86' lang='lat' dir='ltr'>ab</span> <span class='ocrx_word' id='word_1_126' title='bbox 1262 2551 1425 2646; x_wconf 89' lang='lat' dir='ltr'>appetitu</span> <span class='ocrx_word' id='word_1_127' title='bbox 1452 2550 1629 2642; x_wconf 59' lang='lat' dir='ltr'>vindicte,</span> 
     </span>
     <span class='ocr_line' id='line_1_16' title="bbox 456 2669 1631 2767; baseline 0 -24"><span class='ocrx_word' id='word_1_128' title='bbox 456 2670 563 2745; x_wconf 81' lang='lat' dir='ltr'>libero</span> <span class='ocrx_word' id='word_1_129' title='bbox 585 2675 627 2767; x_wconf 83' lang='lat' dir='ltr'>su</span> <span class='ocrx_word' id='word_1_130' title='bbox 652 2675 699 2745; x_wconf 88' lang='lat' dir='ltr'>du</span> <span class='ocrx_word' id='word_1_131' title='bbox 724 2675 810 2763; x_wconf 83' lang='lat' dir='ltr'>npni</span> <span class='ocrx_word' id='word_1_132' title='bbox 834 2675 927 2747; x_wconf 77' lang='lat' dir='ltr'>altro</span> <span class='ocrx_word' id='word_1_133' title='bbox 956 2674 1076 2765; x_wconf 64' lang='lat' dir='ltr'><strong>dume,</strong></span> <span class='ocrx_word' id='word_1_134' title='bbox 1106 2671 1197 2747; x_wconf 90' lang='lat' dir='ltr'>idest</span> <span class='ocrx_word' id='word_1_135' title='bbox 1226 2671 1275 2746; x_wconf 93' lang='lat' dir='ltr'>ab</span> <span class='ocrx_word' id='word_1_136' title='bbox 1303 2670 1405 2747; x_wconf 88' lang='lat' dir='ltr'>omni</span> <span class='ocrx_word' id='word_1_137' title='bbox 1432 2670 1505 2745; x_wconf 89' lang='lat' dir='ltr'>aliu</span> <span class='ocrx_word' id='word_1_138' title='bbox 1534 2669 1631 2747; x_wconf 91' lang='lat' dir='ltr'>desi·</span> 
     </span>
     <span class='ocr_line' id='line_1_17' title="bbox 455 2789 1627 2887; baseline 0.004 -24"><span class='ocrx_word' id='word_1_139' title='bbox 455 2790 558 2865; x_wconf 91' lang='lat' dir='ltr'><strong>derio</strong></span> <span class='ocrx_word' id='word_1_140' title='bbox 583 2790 739 2866; x_wconf 85' lang='lat' dir='ltr'>ultionis.</span> <span class='ocrx_word' id='word_1_141' title='bbox 758 2792 801 2865; x_wconf 83' lang='lat' dir='ltr'>Et</span> <span class='ocrx_word' id='word_1_142' title='bbox 819 2797 909 2877; x_wconf 78' lang='lat' dir='ltr'>¹nota</span> <span class='ocrx_word' id='word_1_143' title='bbox 926 2792 1024 2887; x_wconf 88' lang='lat' dir='ltr'>quud</span> <span class='ocrx_word' id='word_1_144' title='bbox 1042 2797 1152 2867; x_wconf 87' lang='lat' dir='ltr'>autur</span> <span class='ocrx_word' id='word_1_145' title='bbox 1172 2792 1303 2867; x_wconf 83' lang='lat' dir='ltr'>meritc</span> <span class='ocrx_word' id='word_1_146' title='bbox 1321 2793 1391 2867; x_wconf 87' lang='lat' dir='ltr'>hcc</span> <span class='ocrx_word' id='word_1_147' title='bbox 1408 2790 1523 2887; x_wconf 81' lang='lat' dir='ltr'>fingit,</span> <span class='ocrx_word' id='word_1_148' title='bbox 1540 2789 1627 2885; x_wconf 79' lang='lat' dir='ltr'>quie</span> 
     </span>
     <span class='ocr_line' id='line_1_18' title="bbox 455 2909 1630 3008; baseline 0 -23"><span class='ocrx_word' id='word_1_149' title='bbox 455 2930 559 2985; x_wconf 86' lang='lat' dir='ltr'>sacra</span> <span class='ocrx_word' id='word_1_150' title='bbox 585 2909 766 3006; x_wconf 88' lang='lat' dir='ltr'>scriptura</span> <span class='ocrx_word' id='word_1_151' title='bbox 794 2918 960 2987; x_wconf 81' lang='lat' dir='ltr'><strong>removet</strong></span> <span class='ocrx_word' id='word_1_152' title='bbox 983 2912 1149 2987; x_wconf 90' lang='lat' dir='ltr'>animum</span> <span class='ocrx_word' id='word_1_153' title='bbox 1182 2912 1403 3008; x_wconf 85' lang='lat' dir='ltr'>speculantis</span> <span class='ocrx_word' id='word_1_154' title='bbox 1437 2912 1474 2985; x_wconf 91' lang='lat' dir='ltr'>in</span> <span class='ocrx_word' id='word_1_155' title='bbox 1506 2931 1552 2987; x_wconf 85' lang='lat' dir='ltr'>ea</span> <span class='ocrx_word' id='word_1_156' title='bbox 1580 2910 1630 2990; x_wconf 81' lang='lat' dir='ltr'>ab</span> 
     </span>
     <span class='ocr_line' id='line_1_19' title="bbox 455 3028 1631 3128; baseline -0.002 -23"><span class='ocrx_word' id='word_1_157' title='bbox 455 3028 554 3105; x_wconf 85' lang='lat' dir='ltr'>omni</span> <span class='ocrx_word' id='word_1_158' title='bbox 572 3030 735 3125; x_wconf 87' lang='lat' dir='ltr'>appetitu</span> <span class='ocrx_word' id='word_1_159' title='bbox 754 3030 932 3126; x_wconf 83' lang='lat' dir='ltr'>vindictae,</span> <span class='ocrx_word' id='word_1_160' title='bbox 950 3030 1108 3125; x_wconf 86' lang='lat' dir='ltr'>probans</span> <span class='ocrx_word' id='word_1_161' title='bbox 1125 3031 1224 3128; x_wconf 86' lang='lat' dir='ltr'>quod</span> <span class='ocrx_word' id='word_1_162' title='bbox 1242 3032 1328 3107; x_wconf 88' lang='lat' dir='ltr'>nihii</span> <span class='ocrx_word' id='word_1_163' title='bbox 1349 3038 1517 3107; x_wconf 79' lang='lat' dir='ltr'><strong>remanet</strong></span> <span class='ocrx_word' id='word_1_164' title='bbox 1533 3030 1631 3105; x_wconf 89' lang='lat' dir='ltr'>inui-</span> 
     </span>
     <span class='ocr_line' id='line_1_20' title="bbox 455 3152 1631 3248; baseline 0.002 -25"><span class='ocrx_word' id='word_1_165' title='bbox 455 3158 534 3227; x_wconf 89' lang='lat' dir='ltr'>tum</span> <span class='ocrx_word' id='word_1_166' title='bbox 559 3152 656 3247; x_wconf 85' lang='lat' dir='ltr'>apud</span> <span class='ocrx_word' id='word_1_167' title='bbox 682 3154 813 3227; x_wconf 86' lang='lat' dir='ltr'><strong>Deum.</strong></span> <span class='ocrx_word' id='word_1_168' title='bbox 841 3154 885 3227; x_wconf 86' lang='lat' dir='ltr'>Et</span> <span class='ocrx_word' id='word_1_169' title='bbox 910 3174 1000 3229; x_wconf 85' lang='lat' dir='ltr'><strong>vere</strong></span> <span class='ocrx_word' id='word_1_170' title='bbox 1023 3153 1053 3228; x_wconf 93' lang='lat' dir='ltr'>si</span> <span class='ocrx_word' id='word_1_171' title='bbox 1087 3154 1169 3248; x_wconf 85' lang='lat' dir='ltr'>quis</span> <span class='ocrx_word' id='word_1_172' title='bbox 1203 3174 1278 3229; x_wconf 88' lang='lat' dir='ltr'>nun</span> <span class='ocrx_word' id='word_1_173' title='bbox 1310 3161 1407 3229; x_wconf 85' lang='lat' dir='ltr'>esset</span> <span class='ocrx_word' id='word_1_174' title='bbox 1435 3152 1631 3248; x_wconf 77' lang='lat' dir='ltr'>impatiens</span> 
     </span>
    </p>
   </div>
   <div class='ocr_carea' id='block_1_3' title="bbox 455 3272 1631 3370">
    <p class='ocr_par' dir='ltr' id='par_1_3' title="bbox 455 3272 1631 3370">
     <span class='ocr_line' id='line_1_21' title="bbox 455 3272 1631 3370; baseline 0 -23"><span class='ocrx_word' id='word_1_175' title='bbox 455 3292 580 3369; x_wconf 71' lang='lat' dir='ltr'><strong>morsa,</strong></span> <span class='ocrx_word' id='word_1_176' title='bbox 605 3275 704 3351; x_wconf 87' lang='lat' dir='ltr'>Deus</span> <span class='ocrx_word' id='word_1_177' title='bbox 729 3273 814 3350; x_wconf 87' lang='lat' dir='ltr'>iacit</span> <span class='ocrx_word' id='word_1_178' title='bbox 834 3274 1037 3370; x_wconf 87' lang='lat' dir='ltr'>justissime</span> <span class='ocrx_word' id='word_1_179' title='bbox 1061 3274 1257 3351; x_wconf 81' lang='lat' dir='ltr'>vindictum</span> <span class='ocrx_word' id='word_1_180' title='bbox 1277 3275 1325 3349; x_wconf 89' lang='lat' dir='ltr'>de</span> <span class='ocrx_word' id='word_1_181' title='bbox 1344 3273 1528 3368; x_wconf 87' lang='lat' dir='ltr'>omnibus,</span> <span class='ocrx_word' id='word_1_182' title='bbox 1547 3272 1631 3349; x_wconf 82' lang='lat' dir='ltr'>iicet</span> 
     </span>
    </p>
   </div>
   <div class='ocr_carea' id='block_1_4' title="bbox 453 3393 1631 3491">
    <p class='ocr_par' dir='ltr' id='par_1_4' title="bbox 453 3393 1631 3491">
     <span class='ocr_line' id='line_1_22' title="bbox 453 3393 1631 3491; baseline 0.003 -26"><span class='ocrx_word' id='word_1_183' title='bbox 453 3393 584 3469; x_wconf 89' lang='lat' dir='ltr'>oculus</span> <span class='ocrx_word' id='word_1_184' title='bbox 609 3394 795 3469; x_wconf 86' lang='lat' dir='ltr'>humanus</span> <span class='ocrx_word' id='word_1_185' title='bbox 820 3395 1016 3490; x_wconf 88' lang='lat' dir='ltr'><strong>aliquando</strong></span> <span class='ocrx_word' id='word_1_186' title='bbox 1043 3415 1116 3470; x_wconf 91' lang='lat' dir='ltr'>nou</span> <span class='ocrx_word' id='word_1_187' title='bbox 1133 3394 1247 3491; x_wconf 87' lang='lat' dir='ltr'>possit</span> <span class='ocrx_word' id='word_1_188' title='bbox 1262 3400 1459 3491; x_wconf 88' lang='lat' dir='ltr'><strong>penetrare</strong></span> <span class='ocrx_word' id='word_1_189' title='bbox 1478 3394 1526 3469; x_wconf 90' lang='lat' dir='ltr'>ad</span> <span class='ocrx_word' id='word_1_190' title='bbox 1545 3393 1631 3469; x_wconf 83' lang='lat' dir='ltr'>iun·</span> 
     </span>
    </p>
   </div>
   <div class='ocr_carea' id='block_1_5' title="bbox 351 3512 1630 3611">
    <p class='ocr_par' dir='ltr' id='par_1_5' title="bbox 351 3512 1630 3611">
     <span class='ocr_line' id='line_1_23' title="bbox 351 3512 1630 3611; baseline 0.008 -27"><span class='ocrx_word' id='word_1_191' title='bbox 351 3574 358 3584; x_wconf 94' lang='lat'><em>.</em></span> <span class='ocrx_word' id='word_1_192' title='bbox 452 3512 540 3588; x_wconf 93' lang='lat' dir='ltr'>dum</span> <span class='ocrx_word' id='word_1_193' title='bbox 566 3514 699 3591; x_wconf 87' lang='lat' dir='ltr'>divinae</span> <span class='ocrx_word' id='word_1_194' title='bbox 719 3515 880 3611; x_wconf 77' lang='lat' dir='ltr'>justitiae.</span> <span class='ocrx_word' id='word_1_195' title='bbox 916 3517 960 3590; x_wconf 84' lang='lat' dir='ltr'>Et</span> <span class='ocrx_word' id='word_1_196' title='bbox 988 3515 1111 3592; x_wconf 87' lang='lat' dir='ltr'>subdit</span> <span class='ocrx_word' id='word_1_197' title='bbox 1144 3514 1245 3610; x_wconf 84' lang='lat' dir='ltr'>quod</span> <span class='ocrx_word' id='word_1_198' title='bbox 1277 3515 1346 3591; x_wconf 79' lang='lat' dir='ltr'>tuit</span> <span class='ocrx_word' id='word_1_199' title='bbox 1375 3514 1426 3589; x_wconf 80' lang='lat' dir='ltr'>ita</span> <span class='ocrx_word' id='word_1_200' title='bbox 1457 3514 1551 3590; x_wconf 89' lang='lat' dir='ltr'><strong>liber</strong></span> <span class='ocrx_word' id='word_1_201' title='bbox 1581 3514 1630 3594; x_wconf 77' lang='lat' dir='ltr'>ab</span> 
     </span>
    </p>
   </div>
   <div class='ocr_carea' id='block_1_6' title="bbox 452 3633 1631 4815">
    <p class='ocr_par' dir='ltr' id='par_1_6' title="bbox 452 3633 1631 4815">
     <span class='ocr_line' id='line_1_24' title="bbox 453 3633 1630 3730; baseline 0.001 -23"><span class='ocrx_word' id='word_1_202' title='bbox 453 3633 552 3709; x_wconf 90' lang='lat' dir='ltr'>omni</span> <span class='ocrx_word' id='word_1_203' title='bbox 577 3635 649 3711; x_wconf 87' lang='lat' dir='ltr'>ulio</span> <span class='ocrx_word' id='word_1_204' title='bbox 683 3636 875 3729; x_wconf 88' lang='lat' dir='ltr'>desiderio,</span> <span class='ocrx_word' id='word_1_205' title='bbox 901 3635 1018 3711; x_wconf 88' lang='lat' dir='ltr'><strong>donec</strong></span> <span class='ocrx_word' id='word_1_206' title='bbox 1049 3635 1137 3710; x_wconf 89' lang='lat' dir='ltr'>vidit</span> <span class='ocrx_word' id='word_1_207' title='bbox 1170 3635 1314 3711; x_wconf 91' lang='lat' dir='ltr'>radium</span> <span class='ocrx_word' id='word_1_208' title='bbox 1344 3644 1539 3730; x_wconf 86' lang='lat' dir='ltr'>aeternum,</span> <span class='ocrx_word' id='word_1_209' title='bbox 1565 3635 1630 3729; x_wconf 80' lang='lat' dir='ltr'>qui</span> 
     </span>
     <span class='ocr_line' id='line_1_25' title="bbox 454 3753 1627 3854; baseline 0.002 -27"><span class='ocrx_word' id='word_1_210' title='bbox 454 3753 617 3831; x_wconf 85' lang='lat' dir='ltr'>radiabat</span> <span class='ocrx_word' id='word_1_211' title='bbox 642 3755 679 3829; x_wconf 95' lang='lat' dir='ltr'>in</span> <span class='ocrx_word' id='word_1_212' title='bbox 705 3756 820 3831; x_wconf 90' lang='lat' dir='ltr'>oculis</span> <span class='ocrx_word' id='word_1_213' title='bbox 846 3755 938 3849; x_wconf 87' lang='lat' dir='ltr'>eius,</span> <span class='ocrx_word' id='word_1_214' title='bbox 963 3755 1185 3833; x_wconf 83' lang='lat' dir='ltr'><strong>descendere</strong></span> <span class='ocrx_word' id='word_1_215' title='bbox 1216 3756 1264 3831; x_wconf 95' lang='lat' dir='ltr'>ad</span> <span class='ocrx_word' id='word_1_216' title='bbox 1294 3777 1336 3833; x_wconf 90' lang='lat' dir='ltr'>se</span> <span class='ocrx_word' id='word_1_217' title='bbox 1363 3778 1431 3854; x_wconf 90' lang='lat' dir='ltr'>per</span> <span class='ocrx_word' id='word_1_218' title='bbox 1464 3755 1627 3831; x_wconf 88' lang='lat' dir='ltr'>medium</span> 
     </span>
     <span class='ocr_line' id='line_1_26' title="bbox 453 3874 1628 3971; baseline 0.002 -23"><span class='ocrx_word' id='word_1_219' title='bbox 453 3874 553 3949; x_wconf 84' lang='lat' dir='ltr'>visus</span> <span class='ocrx_word' id='word_1_220' title='bbox 578 3875 674 3951; x_wconf 91' lang='lat' dir='ltr'>illius</span> <span class='ocrx_word' id='word_1_221' title='bbox 701 3876 885 3953; x_wconf 88' lang='lat' dir='ltr'>Beatricis.</span> <span class='ocrx_word' id='word_1_222' title='bbox 911 3876 1013 3951; x_wconf 94' lang='lat' dir='ltr'><strong>Unde</strong></span> <span class='ocrx_word' id='word_1_223' title='bbox 1038 3876 1141 3951; x_wconf 89' lang='lat' dir='ltr'>dicit:</span> <span class='ocrx_word' id='word_1_224' title='bbox 1165 3879 1218 3970; x_wconf 79' lang='lat' dir='ltr'>fin</span> <span class='ocrx_word' id='word_1_225' title='bbox 1242 3880 1303 3951; x_wconf 75' lang='lat' dir='ltr'>cde</span> <span class='ocrx_word' id='word_1_226' title='bbox 1319 3880 1479 3971; x_wconf 80' lang='lat' dir='ltr'>&#39;ipiucer</span> <span class='ocrx_word' id='word_1_227' title='bbox 1494 3884 1628 3961; x_wconf 74' lang='lat' dir='ltr'><strong>eremo,</strong></span> 
     </span>
     <span class='ocr_line' id='line_1_27' title="bbox 453 3994 1628 4092; baseline 0.006 -23"><span class='ocrx_word' id='word_1_228' title='bbox 453 3994 600 4090; x_wconf 87' lang='lat' dir='ltr'>scilicet,</span> <span class='ocrx_word' id='word_1_229' title='bbox 625 3998 734 4091; x_wconf 85' lang='lat' dir='ltr'>Deus,</span> <span class='ocrx_word' id='word_1_230' title='bbox 755 4000 815 4071; x_wconf 77' lang='lat' dir='ltr'>cde</span> <span class='ocrx_word' id='word_1_231' title='bbox 839 4001 1017 4091; x_wconf 81' lang='lat' dir='ltr'>rappiuua</span> <span class='ocrx_word' id='word_1_232' title='bbox 1041 4000 1179 4092; x_wconf 75' lang='lat' dir='ltr'>citreae,</span> <span class='ocrx_word' id='word_1_233' title='bbox 1200 3997 1303 4092; x_wconf 85' lang='lat' dir='ltr'>idest,</span> <span class='ocrx_word' id='word_1_234' title='bbox 1326 3998 1513 4074; x_wconf 80' lang='lat' dir='ltr'><strong>relucebat</strong></span> <span class='ocrx_word' id='word_1_235' title='bbox 1533 3998 1628 4076; x_wconf 79' lang='lat' dir='ltr'>sicut</span> 
     </span>
     <span class='ocr_line' id='line_1_28' title="bbox 453 4114 1629 4212; baseline 0.008 -26"><span class='ocrx_word' id='word_1_236' title='bbox 453 4114 489 4187; x_wconf 93' lang='lat' dir='ltr'>in</span> <span class='ocrx_word' id='word_1_237' title='bbox 515 4118 677 4212; x_wconf 88' lang='lat' dir='ltr'>speculo,</span> <span class='ocrx_word' id='word_1_238' title='bbox 702 4121 739 4191; x_wconf 82' lang='lat' dir='ltr'>in</span> <span class='ocrx_word' id='word_1_239' title='bbox 772 4121 931 4207; x_wconf 70' lang='lat' dir='ltr'>dentice</span> <span class='ocrx_word' id='word_1_240' title='bbox 962 4120 1025 4191; x_wconf 84' lang='lat' dir='ltr'>dul</span> <span class='ocrx_word' id='word_1_241' title='bbox 1056 4117 1112 4192; x_wconf 79' lang='lat' dir='ltr'>tet</span> <span class='ocrx_word' id='word_1_242' title='bbox 1145 4120 1233 4209; x_wconf 71' lang='lat' dir='ltr'>uun,</span> <span class='ocrx_word' id='word_1_243' title='bbox 1259 4117 1361 4212; x_wconf 88' lang='lat' dir='ltr'>idest,</span> <span class='ocrx_word' id='word_1_244' title='bbox 1391 4117 1428 4191; x_wconf 92' lang='lat' dir='ltr'>in</span> <span class='ocrx_word' id='word_1_245' title='bbox 1461 4119 1629 4195; x_wconf 86' lang='lat' dir='ltr'>Beatrice</span> 
     </span>
     <span class='ocr_line' id='line_1_29' title="bbox 453 4238 1629 4335; baseline 0.005 -26"><span class='ocrx_word' id='word_1_246' title='bbox 453 4257 536 4331; x_wconf 84' lang='lat' dir='ltr'>quae</span> <span class='ocrx_word' id='word_1_247' title='bbox 562 4238 673 4315; x_wconf 84' lang='lat' dir='ltr'><strong>habet</strong></span> <span class='ocrx_word' id='word_1_248' title='bbox 698 4240 868 4334; x_wconf 91' lang='lat' dir='ltr'>pulcrum</span> <span class='ocrx_word' id='word_1_249' title='bbox 893 4238 1026 4334; x_wconf 85' lang='lat' dir='ltr'>visum,</span> <span class='ocrx_word' id='word_1_250' title='bbox 1044 4238 1131 4335; x_wconf 87' lang='lat' dir='ltr'>quia</span> <span class='ocrx_word' id='word_1_251' title='bbox 1157 4238 1194 4312; x_wconf 94' lang='lat' dir='ltr'>in</span> <span class='ocrx_word' id='word_1_252' title='bbox 1220 4238 1337 4315; x_wconf 84' lang='lat' dir='ltr'>oculis</span> <span class='ocrx_word' id='word_1_253' title='bbox 1360 4239 1441 4313; x_wconf 90' lang='lat' dir='ltr'>eius</span> <span class='ocrx_word' id='word_1_254' title='bbox 1466 4239 1629 4315; x_wconf 85' lang='lat' dir='ltr'>maxime</span> 
     </span>
     <span class='ocr_line' id='line_1_30' title="bbox 452 4357 1630 4453; baseline 0.003 -20"><span class='ocrx_word' id='word_1_255' title='bbox 452 4357 613 4433; x_wconf 85' lang='lat' dir='ltr'>consistit</span> <span class='ocrx_word' id='word_1_256' title='bbox 639 4358 847 4453; x_wconf 81' lang='lat' dir='ltr'>pulcritudo</span> <span class='ocrx_word' id='word_1_257' title='bbox 867 4360 958 4453; x_wconf 86' lang='lat' dir='ltr'>eius,</span> <span class='ocrx_word' id='word_1_258' title='bbox 977 4366 1019 4433; x_wconf 97' lang='lat' dir='ltr'>ut</span> <span class='ocrx_word' id='word_1_259' title='bbox 1040 4365 1184 4433; x_wconf 85' lang='lat' dir='ltr'>tantum</span> <span class='ocrx_word' id='word_1_260' title='bbox 1211 4378 1311 4435; x_wconf 89' lang='lat' dir='ltr'>nunc</span> <span class='ocrx_word' id='word_1_261' title='bbox 1336 4358 1475 4433; x_wconf 86' lang='lat' dir='ltr'>dictum</span> <span class='ocrx_word' id='word_1_262' title='bbox 1500 4366 1566 4435; x_wconf 91' lang='lat' dir='ltr'>est.</span> <span class='ocrx_word' id='word_1_263' title='bbox 1584 4361 1630 4437; x_wconf 78' lang='lat' dir='ltr'>m</span> 
     </span>
     <span class='ocr_line' id='line_1_31' title="bbox 453 4479 1628 4577; baseline 0.003 -26"><span class='ocrx_word' id='word_1_264' title='bbox 453 4484 509 4551; x_wconf 87' lang='lat' dir='ltr'>est</span> <span class='ocrx_word' id='word_1_265' title='bbox 533 4479 741 4555; x_wconf 92' lang='lat' dir='ltr'>communis</span> <span class='ocrx_word' id='word_1_266' title='bbox 767 4480 899 4555; x_wconf 89' lang='lat' dir='ltr'>modus</span> <span class='ocrx_word' id='word_1_267' title='bbox 924 4481 1108 4577; x_wconf 85' lang='lat' dir='ltr'><strong>loquendi,</strong></span> <span class='ocrx_word' id='word_1_268' title='bbox 1134 4481 1230 4557; x_wconf 87' lang='lat' dir='ltr'>sicut</span> <span class='ocrx_word' id='word_1_269' title='bbox 1261 4486 1336 4556; x_wconf 82' lang='lat' dir='ltr'>tuta</span> <span class='ocrx_word' id='word_1_270' title='bbox 1368 4480 1429 4555; x_wconf 90' lang='lat' dir='ltr'>die</span> <span class='ocrx_word' id='word_1_271' title='bbox 1452 4480 1628 4558; x_wconf 88' lang='lat' dir='ltr'>dicimus:</span> 
     </span>
     <span class='ocr_line' id='line_1_32' title="bbox 452 4600 1629 4696; baseline 0.008 -26"><span class='ocrx_word' id='word_1_272' title='bbox 452 4601 548 4671; x_wconf 79' lang='lat' dir='ltr'>sotto</span> <span class='ocrx_word' id='word_1_273' title='bbox 572 4602 641 4673; x_wconf 79' lang='lat' dir='ltr'>nde</span> <span class='ocrx_word' id='word_1_274' title='bbox 667 4604 789 4675; x_wconf 83' lang='lat' dir='ltr'>treccie</span> <span class='ocrx_word' id='word_1_275' title='bbox 813 4600 1370 4695; x_wconf 70' lang='lat' dir='ltr'>dimnde501ntnldnpla&#39;occdi</span> <span class='ocrx_word' id='word_1_276' title='bbox 1388 4604 1518 4696; x_wconf 75' lang='lat' dir='ltr'>capdi5</span> <span class='ocrx_word' id='word_1_277' title='bbox 1539 4601 1629 4679; x_wconf 80' lang='lat' dir='ltr'>itan</span> 
     </span>
     <span class='ocr_line' id='line_1_33' title="bbox 452 4715 1631 4815; baseline 0.008 -26"><span class='ocrx_word' id='word_1_278' title='bbox 452 4715 559 4792; x_wconf 89' lang='lat' dir='ltr'>simili</span> <span class='ocrx_word' id='word_1_279' title='bbox 584 4717 669 4793; x_wconf 90' lang='lat' dir='ltr'>dicit</span> <span class='ocrx_word' id='word_1_280' title='bbox 695 4726 827 4795; x_wconf 87' lang='lat' dir='ltr'>autur:</span> <span class='ocrx_word' id='word_1_281' title='bbox 848 4723 886 4793; x_wconf 82' lang='lat' dir='ltr'>in</span> <span class='ocrx_word' id='word_1_282' title='bbox 903 4724 1061 4795; x_wconf 69' lang='lat' dir='ltr'>dentice</span> <span class='ocrx_word' id='word_1_283' title='bbox 1077 4724 1142 4795; x_wconf 88' lang='lat' dir='ltr'>dul</span> <span class='ocrx_word' id='word_1_284' title='bbox 1155 4722 1210 4796; x_wconf 84' lang='lat' dir='ltr'>del</span> <span class='ocrx_word' id='word_1_285' title='bbox 1227 4724 1314 4813; x_wconf 81' lang='lat' dir='ltr'>uisu,</span> <span class='ocrx_word' id='word_1_286' title='bbox 1331 4721 1418 4815; x_wconf 84' lang='lat' dir='ltr'>quia</span> <span class='ocrx_word' id='word_1_287' title='bbox 1445 4722 1631 4799; x_wconf 79' lang='lat' dir='ltr'>mediante</span> 
     </span>
    </p>
   </div>
   <div class='ocr_carea' id='block_1_7' title="bbox 517 4975 713 5043">
    <p class='ocr_par' dir='ltr' id='par_1_7' title="bbox 517 4975 713 5043">
     <span class='ocr_line' id='line_1_34' title="bbox 517 4975 713 5043; baseline 0.01 -16"><span class='ocrx_word' id='word_1_288' title='bbox 517 4975 546 5041; x_wconf 82' lang='lat'>(¹)</span> <span class='ocrx_word' id='word_1_289' title='bbox 562 4976 593 5027; x_wconf 82' lang='grc' dir='ltr'>Ε.</span> <span class='ocrx_word' id='word_1_290' title='bbox 609 4979 713 5043; x_wconf 79' lang='lat' dir='ltr'>pontu.</span> 
     </span>
    </p>
   </div>
   <div class='ocr_carea' id='block_1_8' title="bbox 0 0 2426 6642">
    <p class='ocr_par' dir='ltr' id='par_1_8' title="bbox 0 0 2426 6642">
     <span class='ocr_line' id='line_1_35' title="bbox 0 0 2426 6642; baseline 0 0"><span class='ocrx_word' id='word_1_291' title='bbox 0 0 2426 6642; x_wconf 95' lang='lat' dir='ltr'> </span> 
     </span>
    </p>
   </div>
  </div>
 </body>
</html>
