4842 6642
823 843 894 908 loa
1215 851 1419 908 conburunt
1443 849 1608 906 rnnnmsr

760 955 767 966 ’
823 998 918 1072 istud
944 999 1070 1073 lumen
1096 995 1299 1073 decurrens
1325 996 1371 1073 ad
1399 987 1552 1071 modum
1581 993 1740 1069 lluminis
1763 1000 1873 1068 autor
1901 994 1995 1091 ligu-

824 1118 948 1192 raliter
974 1116 1180 1192 manifestat
1204 1116 1364 1192 divinam
1382 1117 1551 1213 gratiam.
1571 1113 1673 1190 Sicut
1690 1113 1789 1190 enim
1807 1134 1906 1207 aqua
1924 1115 1994 1188 llu-

819 1237 930 1310 minis
959 1237 1143 1312 descendit
1174 1259 1197 1312 a
1229 1245 1355 1314 monte
1385 1235 1431 1312 ad
1462 1237 1609 1331 vallem,
1642 1235 1692 1310 ita
1723 1233 1844 1310 divina
1875 1235 1993 1332 gratia

612 1401 616 1408 ·
745 1340 751 1349 ’
822 1357 1007 1434 descendit
1029 1365 1068 1441 el
1093 1357 1220 1434 fluit-a
1246 1359 1322 1432 lieo
1347 1357 1394 1432 ad
1421 1363 1562 1432 mentes
1587 1355 1791 1431 homiuum.
1815 1357 1887 1432 Por
1903 1356 1995 1432 duas

823 1479 920 1575 ripas
945 1479 1111 1576 intelligit
1135 1479 1228 1554 dnos
1254 1479 1387 1554 choros
1412 1478 1609 1554 beatorum
1626 1468 1662 1570 (¹)
1680 1477 1822 1552 Veteris
1847 1484 1885 1554 et
1902 1479 1992 1554 Novi

822 1599 1057 1693 Testamenti,
1079 1621 1173 1693 quos
1189 1598 1318 1696 irrigat
1343 1621 1441 1694 aqua
1466 1597 1550 1673 dicti
1571 1597 1740 1672 fluminis.
1762 1598 1888 1674 Florcs
1909 1606 1995 1674 sunt

822 1719 889 1816 ipsi
914 1715 1029 1794 sancti
1054 1727 1092 1795 et
1116 1719 1214 1794 beati
1247 1719 1310 1814 qui
1342 1719 1463 1794 virent
1492 1720 1652 1793 humore
1684 1709 1841 1811 dictand)
1873 1737 1993 1813 aqure.

822 1839 968 1915 Favillae
992 1841 1158 1916 volantes
1182 1847 1269 1914 suut
1294 1834 1413 1937 angeli
1429 1829 1467 1932 (³)
1492 1839 1674 1932 ardentes,
1688 1838 1759 1934 -qoi
1787 1839 1995 1915 ministrant

823 1967 861 2034 et
884 1967 1029 2056 portant
1055 1960 1162 2035 istam
1187 1960 1357 2057 gratiam.
1375 1961 1480 2034 Nunc
1498 1979 1588 2054 ergo
1606 1959 1710 2033 litera
1728 1959 1892 2054 clarebit,
1909 1979 1994 2055 quae

822 2087 879 2155 est
902 2080 949 2154 de
973 2101 1014 2155 se
1037 2080 1189 2155 difficilis
1215 2086 1253 2155 et
1276 2081 1445 2175 obscura,
1472 2100 1585 2175 quam
1612 2079 1662 2152 sic
1688 2099 1851 2174 expone:
1870 2085 1904 2155 li
1924 2083 1996 2155 uidi

822 2205 924 2296 broc,
940 2203 1076 2276 scilicet
1094 2222 1210 2276 unum
1231 2202 1357 2276 lumen
1374 2201 1575 2296 copiosum,
1596 2204 1634 2274 iu
1647 2204 1771 2296 [ormo
1787 2203 1826 2275 di
1843 2203 1991 2295 molera,

824 2321 924 2415 tuest,
952 2322 1062 2396 unius
1087 2321 1154 2395 rivi
1180 2322 1240 2396 vel
1267 2320 1445 2415 lluminis3
1464 2327 1502 2395 et
1527 2319 1623 2415 dicit,
1637 2323 1773 2415 soloido
1788 2323 1828 2396 di
1845 2324 1993 2416 fulgori,

823 2441 927 2535 idest,
953 2441 1112 2516 rubeum
1138 2441 1344 2536 splendore,
1361 2443 1458 2514 intro
1477 2441 1547 2514 duo
1563 2443 1639 2514 n'oe
1654 2443 1784 2534 diptnte
1800 2443 1838 2515 di
1853 2441 1993 2515 monto

819 2565 1040 2658 primaocra,
1065 2562 1167 2657 idest,
1192 2562 1388 2637 adornatas
1406 2561 1516 2636 variis
1536 2567 1574 2636 et
1592 2561 1818 2637 mirabilibus
1843 2561 1994 2638 lloribus

824 2683 861 2756 in
878 2683 1009 2777 torma,
1023 2684 1148 2758 colore
1165 2689 1202 2758 et
1219 2682 1345 2778 odore,
1362 2681 1467 2778 quasi
1485 2681 1592 2776 dicat,
1607 2681 1869 2758 florentissimis
1889 2681 1995 2778 spiri-

824 2803 920 2878 tibus
945 2803 1281 2878 beator‘umoe-Di
1304 2806 1364 2877 tot.
1390 2802 1455 2877 llic
1485 2808 1605 2896 autor,
1632 2801 1814 2898 descripto
1843 2802 1995 2878 llumine

821 2924 1084 3018 amoenissimo,
1103 2912 1274 3016 describit
1299 2943 1387 2999 aves
1413 2929 1600 3019 portantes
1624 2923 1671 2998 de
1696 2943 1793 3017 aqua
1818 2921 1902 2998 dicti
1926 2924 1995 2997 llu-

808 3045 930 3136 ,minis
954 3044 1001 3118 ad
1027 3045 1146 3137 liores,
1172 3043 1314 3118 dicens:
1342 3045 1474 3118 Fauilte
1498 3047 1585 3136 nive,
1606 3043 1709 3138 idest,
1727 3043 1847 3140 angeli
1867 3043 1995 3118 volan·
2086 3123 2088 3127 ,

824 3172 878 3240 tes
911 3163 1085 3259 splendidi
1123 3168 1161 3239 et
1197 3163 1356 3257 vivaces,
1385 3167 1505 3236 usuca
1540 3165 1578 3237 di
1608 3165 1659 3236 lot
1684 3165 1857 3254 stomun,
1890 3162 1994 3256 idest,

823 3284 918 3359 illius
949 3283 1017 3357 rivi
1047 3281 1173 3380 iulgidi
1205 3283 1265 3358 vel
1294 3281 1413 3376 liuidi3
1447 3289 1485 3358 ot
1514 3281 1618 3357 dicit:
1650 3305 1670 3356 e
1700 3285 1733 3356 si
1760 3289 1907 3356 mauron
1938 3286 1995 3357 nei

818 3407 904 3498 pion·
926 3406 960 3479 d
973 3406 1059 3495 ogni
1077 3410 1196 3496 porto,
1224 3401 1327 3496 idest,
1344 3409 1390 3479 ex
1419 3408 1578 3496 utraque
1601 3401 1732 3498 ripa,a
1756 3401 1876 3496 simili,
1894 3405 1996 3501 quusi

820 3525 946 3598 rubino
959 3527 1043 3616 <aba
1069 3523 1172 3617 idest,
1200 3543 1325 3617 quem,
1350 3543 1417 3596 oro
1442 3524 1688 3613 meorumve,
1713 3519 1817 3617 idest,
1842 3523 1994 3617 claudit;

821 3645 926 3741 quasi
950 3644 1077 3720 dicat:
1092 3644 1246 3740 singula
1273 3643 1415 3738 iavillae,
1440 3642 1543 3737 idest,
1567 3642 1687 3740 angeli
1712 3642 1994 3720 includebantur

822 3768 917 3842 iutra
942 3765 1106 3862 singulos
1130 3765 1253 3858 liores,
1272 3764 1367 3839 sicut
1394 3763 1549 3840 robinus
1574 3763 1772 3838 includitur
1798 3771 1835 3840 et
1860 3765 1994 3860 ligatur

821 3887 859 3962 iu
883 3907 998 3979 auro;
1025 3892 1063 3960 ct
1093 3890 1149 3960 ert
1181 3883 1403 3960 couveniens
1434 3867 1682 3978 comparatio:
1709 3884 1864 3981 augelus
1894 3883 1992 3959 euim

822 4007 969 4099 rubens,
1006 4005 1214 4102 splendidus
1244 4004 1339 4081 bene
1371 4011 1610 4102 comparatur
1643 4025 1737 4080 auro
1771 4004 1932 4100 perlecto
1956 4011 1994 4078 et

822 4127 974 4223 probato
1000 4124 1037 4198 in
1063 4125 1212 4200 fornace
1238 4123 1483 4199 tribulationis
1509 4124 1618 4199 buius
1644 4123 1783 4200 mundi.
1804 4125 1848 4200 Et
1872 4123 1994 4198 subdit

820 4245 934 4321 alium
960 4251 1085 4320 actum
1115 4244 1298 4320 dictarum
1331 4243 1551 4338 favillarum,
1577 4244 1720 4320 dicens:
1742 4248 1818 4338 pot,
1843 4244 1914 4318 illae
1938 4243 1994 4320 iu-

822 4367 915 4442 villae
938 4364 1127 4462 angelicae,
1153 4385 1248 4438 come
1280 4363 1468 4439 iuebbriote
1492 4366 1592 4456 dupli
1616 4367 1733 4456 omn,
1759 4364 1845 4459 quia
1872 4361 1994 4462 angeli

823 4486 915 4562 miro
935 4473 1051 4561 'modo
1076 4492 1295 4562 umbrantur
1321 4485 1454 4562 sanctis
1470 4492 1507 4560 et
1524 4485 1695 4561 virtuosis
1719 4484 1994 4580 operationibus

780 4611 783 4619 '
822 4607 1078 4703 perlectorum,
1096 4609 1382 4701 riprosonduoon
1405 4602 1445 4680 se*
1468 4608 1526 4680 nal
1550 4608 1640 4680 miro
1656 4626 1781 4698 purge,
1798 4605 1901 4698 idest,
1925 4603 1995 4678 ite·

822 4748 906 4801 rum
934 4726 1153 4824 mergebant
1176 4746 1217 4802 se
1242 4726 1279 4801 in
1305 4747 1403 4822 aqua
1434 4725 1802 4821 predicti-mirabilis
1833 4723 1994 4798 fluminis

882 4911 910 4975 (¹)
928 4913 959 4963 lt.
976 4914 1121 4974 beatorum,
1133 4915 1237 4966 Veteris
1252 4914 1352 4965 scillcet
1368 4919 1394 4965 et
1411 4913 1486 4964 Novi.
1611 4913 1640 4978 (Ἴ
1656 4914 1687 4966 ll.
1703 4913 1817 4965 ciusdem
1835 4926 1916 4978 aque.

883 4988 911 5052 l'l
925 4989 956 5040 lt.
973 4991 1057 5054 augeli
1074 5005 1165 5042 amoro
1181 4992 1229 5042 Bel
1245 4992 1373 5043 ardentes.
1861 5028 1865 5036 .
