4842 6642
802 812 874 883 est
1193 826 1399 883 conuuruu
1423 828 1591 882 rnnnnrsr

801 974 897 1067 tulo;
911 974 1008 1049 uude
1025 974 1252 1071 Augustinus
1268 973 1315 1048 de
1331 973 1484 1049 Ciuitate
1496 974 1574 1067 Dei,
1586 973 1706 1069 Scipio
1723 974 1784 1050 ille
1800 980 1883 1069 etc,
1895 996 1975 1050 soc-

799 1084 908 1167 oorrd
929 1100 1030 1185 tosto,
1056 1094 1203 1187 scilicet,
1223 1093 1400 1169 mittendo
1418 1094 1591 1187 vetrum,
1609 1103 1647 1168 et
1671 1094 1777 1169 dicit:
1794 1087 1825 1169 sl
1841 1097 1973 1169 oum'r'o

800 1218 968 1308 coneptu,
1005 1214 1107 1307 idest,
1141 1213 1428 1309 comprehendo,
1460 1235 1506 1289 ex
1541 1215 1773 1311 dispositione
1805 1216 1900 1309 noeli,
1933 1221 1975 1289 ut

801 1340 909 1411 autur
935 1354 1108 1429 expresse
1134 1332 1220 1407 dicit
1241 1334 1446 1430 Purgatorii
1465 1333 1563 1409 finali
1580 1336 1752 1430 capitulo,
1779 1336 1843 1410 ubi
1868 1335 1972 1411 dicit:

801 1457 900 1528 ct'r'o
926 1456 1048 1546 ueppio
1065 1462 1133 1529 etc.
1147 1492 1197 1507 -
1210 1458 1244 1525 E
1266 1460 1311 1527 tu.
1338 1453 1403 1528 Hic
1428 1455 1559 1529 Petrus
1586 1456 1739 1529 rellectit
1762 1476 1973 1530 sermonem

802 1595 913 1649 suum
939 1574 986 1648 ad
1011 1580 1194 1669 autorem,
1216 1581 1254 1648 et
1280 1574 1432 1668 imponit
1456 1574 1524 1649 sibi
1550 1576 1653 1670 quod·
1669 1575 1803 1651 relerat
1821 1576 1858 1649 iu
1875 1582 1974 1651 terra

802 1716 886 1790 quae
911 1695 998 1769 vidit
1023 1694 1060 1768 iu
1087 1695 1181 1769 coelo
1205 1693 1253 1769 de
1279 1694 1485 1790 pastoribus
1510 1697 1686 1791 eoelesiae,
1711 1697 1856 1772 diceus:
1884 1703 1917 1770 E
1938 1704 1973 1771 tu

798 1817 1035 1909 polluctum
1073 1818 1231 1889 mrnerut
1262 1837 1374 1889 ducor
1402 1810 1476 1908 pot,
1508 1814 1655 1910 scilicet,
1694 1817 1741 1891 ad
1780 1818 1974 1891 mortalem

802 1934 996 2031 mundum,
1018 1958 1084 2029 per
1102 1940 1136 2009 lo
1157 1939 1289 2009 morto!
1300 1938 1434 2028 pendo,
1452 1935 1554 2029 idest,
1574 1943 1723 2031 propter
1740 1956 1875 2031 eorpus
1891 1957 1976 2011 cor-

802 2055 984 2150 ruptibile,
1010 2060 1092 2148 oprt
1124 2058 1161 2129 lo
1186 2056 1305 2147 bocco,
1335 2077 1450 2131 enon
1481 2060 1655 2130 uscoadcr
1680 2060 1758 2149 quet
1780 2060 1832 2131 ct’
1845 2061 1880 2129 io
1904 2077 1977 2130 non

801 2177 969 2265 ascendo,
996 2176 1099 2270 quasi
1132 2176 1247 2251 dicat:
1278 2184 1315 2251 et
1347 2176 1497 2271 propala
1525 2177 1574 2250 ibi
1610 2177 1647 2250 iu
1677 2183 1779 2252 terra
1810 2177 1846 2251 id
1875 2178 1975 2271 quod

805 2296 996 2371 manilestu
1022 2295 1079 2370 bic
1105 2296 1142 2370 iu
1168 2298 1274 2371 coelo.

875 2412 912 2489 Sl
936 2437 1041 2490 corne.
1070 2417 1141 2492 lsta
1167 2423 1223 2492 est
1256 2418 1416 2492 secunda
1450 2438 1535 2513 pars
1568 2418 1750 2515 generalis
1764 2412 1814 2512 θ),
1839 2419 1876 2492 in
1902 2426 1976 2512 qua

802 2542 912 2611 autor
938 2536 1112 2612 describit
1135 2538 1386 2613 ascensionem
1413 2539 1509 2613 illius
1535 2540 1720 2614 exercitus
1748 2538 1976 2635 triumphalis

802 2658 848 2732 ad
876 2658 1012 2731 coelum
1042 2677 1272 2754 supremum,
1299 2664 1336 2733 et
1362 2660 1599 2735 reflexionem
1624 2660 1680 2733 sui
1706 2659 1807 2734 risus
1830 2659 1877 2735 nd
1902 2665 1978 2733 ter-

805 2798 897 2869 ram.
925 2778 968 2851 El
994 2777 1114 2872 primo
1138 2777 1310 2853 describit
1328 2798 1515 2853 recessum
1534 2779 1680 2854 illorum
1700 2780 1894 2854 beatorum
1912 2798 1995 2877 per.

804 2919 917 2985 unam
944 2899 1256 2993 comparationem
1285 2923 1308 2974 a
1334 2901 1539 2994 contruri03
1565 2907 1602 2975 et
1627 2902 1790 2976 brevitor
1818 2901 1897 2975 vult
1920 2900 1977 2973 di·

804 3039 903 3114 cere,
922 3018 1020 3113 quod
1042 3018 1136 3092 sicut
1161 3026 1328 3114 tempore
1353 3020 1510 3116 hyemali
1537 3020 1685 3114 quando
1710 3020 1825 3118 ningit
1842 3021 1978 3095 vellera

804 3139 896 3214 uiris
921 3139 1056 3213 cadunt
1091 3139 1286 3234 deorsum,
1312 3140 1361 3215 ita
1387 3160 1409 3213 a
1435 3140 1543 3214 simili
1573 3140 1640 3235 ipsi
1674 3141 1771 3215 beati
1802 3139 1977 3216 ascende-

804 3259 892 3334 bant
920 3279 1083 3333 sursum.
1110 3260 1292 3334 Construe
1317 3260 1367 3334 sic
1401 3260 1557 3355 literam,
1589 3267 1626 3335 et
1657 3280 1819 3356 erpone:
1859 3264 1978 3335 th'io

803 3382 942 3471 terere,
956 3379 1060 3475 idest,
1081 3380 1269 3476 regionem
1287 3382 1487 3455 aetheream
1508 3381 1603 3476 coeli,
1617 3384 1713 3475 farsi
1729 3376 1799 3455 cosi
1820 3384 1974 3476 morsm,

803 3503 997 3593 efieccure
1020 3504 1058 3573 tn
1082 3522 1137 3593 sa,
1164 3501 1266 3596 idest,
1293 3508 1331 3576 et
1355 3502 1525 3577 emittere
1539 3494 1577 3595 (¹)
1608 3504 1755 3598 spiritus
1785 3511 1976 3599 tamquam

805 3620 942 3697 vellera
968 3622 1060 3696 nivis
1085 3642 1260 3726 sursum3
1287 3622 1385 3697 unde
1414 3622 1522 3697 dicit:
1557 3627 1595 3697 di
1623 3626 1751 3718 vapori
1781 3627 1977 3717 trionsorttr',

804 3742 908 3836 idest,
926 3743 1074 3818 illorum
1093 3743 1289 3837 spirituum
1309 3743 1605 3840 triumphalium3
1623 3752 1660 3820 et
1676 3744 1779 3820 dicit:
1800 3748 1852 3819 cb’
1865 3766 1979 3819 cneco
1997 3828 2002 3839 Ι

802 3869 892 3959 sotto
918 3867 1113 3957 sopptorno
1138 3886 1204 3939 con
1229 3867 1291 3938 noi
1314 3868 1421 3956 umet,
1438 3865 1541 3960 idest,
1559 3866 1623 3961 qui
1649 3874 1915 3961 remanserant,
1941 3874 1979 3943 et

805 4006 949 4059 morem
977 3991 1169 4077 traxerant
1195 3985 1385 4061 nobiscum
1408 3986 1457 4061 ibi
1478 3986 1516 4060 in
1535 3994 1666 4062 octava
1691 4007 1811 4083 spera,
1829 3989 1977 4082 quando

804 4105 968 4181 Christus
993 4113 1030 4181 et
1055 4106 1168 4182 Maria
1195 4114 1433 4182 recesserant.
1461 4107 1505 4181 lit
1521 4109 1591 4183 boc
1609 4108 1700 4182 vidi:
1718 4101 1749 4182 sl
1768 4131 1864 4184 come
1880 4112 1979 4184 taor

805 4234 926 4299 nostro
949 4228 1062 4319 flocco
1085 4231 1123 4302 in
1148 4232 1262 4320 pinso,
1287 4228 1435 4323 scilicet,
1460 4250 1592 4304 versus
1613 4236 1764 4323 terram,
1791 4233 1829 4303 dr·
1853 4235 1981 4325 vapori

806 4350 925 4439 petati,
943 4347 1046 4443 idest,
1065 4368 1111 4423 ex
1130 4350 1328 4446 vaporibus
1353 4350 1482 4444 aqueis
1506 4350 1706 4447 congelatis
1724 4352 1760 4425 iu
1779 4352 1897 4427 media
1918 4373 1980 4427 re-

806 4467 916 4565 gione
940 4468 1037 4543 aeris
1063 4476 1100 4545 et
1126 4470 1312 4545 conversis
1337 4470 1374 4544 iu
1401 4470 1536 4566 nivem,
1565 4472 1660 4546 sicut
1691 4472 1981 4569 tangiturrnr-

803 4589 936 4684 gatorii
975 4590 1160 4685 capitulo;
1194 4597 1231 4665 et
1270 4591 1339 4666 boc
1373 4590 1476 4666 lacit:
1513 4594 1654 4685 quondo
1687 4595 1717 4665 it
1748 4614 1859 4666 comto
1887 4596 1980 4668 dello

805 4729 918 4802 capro
942 4712 999 4784 det
1016 4714 1101 4785 delo
1124 4715 1156 4785 st
1181 4718 1279 4785 tocco
1301 4713 1358 4785 col
1375 4714 1461 4806 sole,
1484 4711 1583 4806 quod
1601 4718 1657 4787 est
1676 4712 1811 4807 dicere,
1832 4713 1979 4807 quando

869 4975 896 5039 (¹)
913 4976 943 5027 E.
960 4976 1085 5040 generalis
1102 4976 1179 5041 bolus
1194 4974 1312 5040 capituli,
1327 4976 1354 5027 in
1370 4988 1430 5041 que
1556 4974 1584 5039 θ)
1601 4977 1632 5029 Ε
1647 4991 1663 5029 e
1679 4977 1706 5029 S.
1721 4978 1835 5029 dm.
1854 5022 1857 5027 .
