4842 6642
824 845 895 913 268
1216 855 1420 911 ceurennum
1445 857 1609 910 rununrsr

822 1004 997 1097 phavarat
1023 1002 1060 1075 in
1086 1001 1205 1096 prima
1233 1000 1549 1075 vita-L'ollru.
1583 1001 1647 1076 llic
1676 1001 1798 1094 aquila
1823 993 1994 1075 describit

819 1123 1058 1197 salvationem
1084 1121 1405 1214 alteriusanimae,
1433 1122 1567 1196 scilicet
1593 1121 1735 1216 lliplrei;
1766 1128 1802 1195 et
1834 1120 1994 1196 breviter

819 1243 913 1336 dicit,
941 1242 1039 1337 quod
1065 1261 1111 1316 ex
1138 1241 1316 1336 singulari
1343 1241 1521 1318 infusione
1546 1242 1678 1316 divine
1697 1241 1825 1338 gratie
1843 1248 1879 1316 et
1896 1239 1992 1315 dono

821 1364 884 1437 llei
902 1362 1022 1458 posuit
1047 1369 1166 1436 totum
1193 1381 1302 1434 snum
1330 1362 1491 1436 studium
1513 1362 1558 1437 ad
1576 1362 1753 1458 justitiam
1777 1361 1815 1434 in
1836 1361 1991 1452 mund03

820 1490 858 1557 et
883 1490 1031 1577 propter
1059 1483 1127 1555 lroc
1153 1483 1251 1556 Deus
1276 1482 1425 1556 immisit
1455 1483 1491 1556 in
1526 1483 1605 1557 eius
1638 1481 1863 1557 intellectum
1893 1482 1991 1576 quod

820 1602 976 1677 debebat
1001 1603 1146 1676 mittere
1176 1623 1287 1675 suum
1320 1601 1433 1676 filium
1467 1601 1512 1676 ad
1542 1601 1807 1676 incarnandum
1842 1607 1990 1696 propter

822 1721 1107 1817 redemptionem
1134 1721 1286 1795 lrumani
1312 1723 1468 1818 generis.
1484 1723 1574 1796 Dicit
1592 1743 1703 1818 ergo:
1731 1725 1890 1810 L'ultro,
1915 1721 1987 1796 sei-

819 1840 911 1935 licet,
936 1842 1059 1916 anima
1084 1841 1223 1936 lliplrei,
1237 1864 1322 1934 pose
1348 1850 1430 1915 netto
1453 1863 1517 1916 suo
1542 1863 1666 1917 umore
1685 1839 1817 1938 lappil,
1840 1843 1989 1935 scilicet,

818 1961 907 2034 dum
927 1963 1067 2035 viveret
1084 1961 1118 2034 in
1138 1961 1277 2036 mundo
1296 1963 1451 2056 mortali,
1467 1985 1492 2036 e
1508 1966 1674 2056 dritturu,
1690 1963 1792 2056 idest,
1809 1963 1855 2036 ad
1873 1961 1989 2056 aequi-

820 2089 930 2157 tatem
952 2081 1112 2176 justitiae,
1127 2103 1194 2173 per
1208 2087 1354 2172 prurio,
1372 2083 1517 2176 scilicet,
1535 2083 1667 2178 divina,
1684 2086 1744 2157 elle
1759 2087 1864 2176 stillo,
1888 2083 1989 2176 idest,

819 2201 972 2294 derivat,
984 2204 1033 2275 da
1049 2194 1079 2274 si
1092 2204 1275 2293 profonda
1288 2207 1451 2296 fontane,
1466 2203 1647 2296 sciliceta
1665 2203 1826 2278 bonitate
1840 2203 1918 2296 Dei,
1932 2204 1992 2275 cle

819 2327 892 2396 moi
906 2329 1072 2396 ereatura
1084 2343 1155 2395 non
1165 2326 1265 2415 pinse
1277 2325 1418 2396 t'ooeltio
1430 2327 1522 2398 imin
1539 2328 1612 2398 ella
1627 2327 1746 2417 prime
1760 2326 1868 2416 ouda,
1887 2323 1988 2416 idest,

819 2442 917 2537 quod
949 2463 1138 2536 nunquam
1174 2442 1377 2516 intellectus
1410 2450 1557 2518 creatus
1584 2444 1661 2518 sive
1685 2443 1883 2538 angelicus,
1910 2442 1989 2516 sire

819 2565 1006 2636 humanus
1029 2563 1146 2658 potuit
1171 2570 1367 2657 penetrare
1394 2563 1579 2658 usquead
1601 2563 1755 2638 landum
1773 2563 1854 2637 talis
1872 2562 1988 2636 sontis.

819 2685 863 2756 Et
891 2682 1013 2757 subdit
1046 2681 1233 2776 quomodo
1258 2702 1305 2756 ex
1340 2684 1457 2778 prima
1487 2683 1605 2780 gratia
1642 2703 1728 2776 quae
1759 2691 1990 2757 concesserat

819 2805 886 2877 sihi
913 2810 1055 2878 tantum
1082 2823 1250 2877 amorem
1276 2803 1322 2878 ad
1343 2805 1523 2899 justitiam
1548 2804 1694 2880 devenit
1718 2804 1764 2879 ad
1790 2803 1988 2878 secundam

819 2925 976 3021 gratiam
1002 2925 1243 3020 cognoscendi
1268 2925 1556 3021 redemptionem
1575 2928 1750 3002 futuram.
1770 2927 1871 3002 Unde
1887 2927 1986 3001 dicit:

819 3043 947 3138 percle
970 3049 1039 3118 Dio
1063 3049 1101 3118 di
1124 3049 1253 3136 pruzia
1277 3050 1313 3120 io
1339 3051 1468 3138 pruzia
1491 3051 1542 3141 pli
1561 3069 1686 3141 uperse
1704 3051 1866 3139 locutio,
1884 3047 1986 3142 idest,
2066 3063 2069 3067 ’

820 3165 1037 3239 illuminavit
1061 3167 1285 3241 intellectum
1312 3168 1478 3242 clausum
1504 3170 1570 3244 sibi
1588 3177 1625 3244 et
1641 3170 1720 3244 aliis
1738 3169 1897 3266 paganis,
1915 3172 1987 3242 olto

817 3294 941 3359 nostra
965 3289 1153 3360 redemtore
1175 3292 1311 3381 litere,
1338 3310 1448 3383 quam
1474 3290 1639 3364 Christus
1654 3283 1690 3382 (¹)
1712 3289 1876 3364 tacturus
1893 3298 1982 3366 erat.

818 3407 860 3478 llt
889 3406 1010 3482 subdit
1039 3407 1152 3503 ipsam
1186 3409 1451 3503 credulitatem,
1478 3409 1621 3485 dicens:
1653 3413 1744 3484 erede
1774 3413 1921 3484 eredette
1950 3414 1988 3484 iu

817 3529 942 3619 puella,
969 3525 1115 3621 scilicet,
1143 3529 1444 3623 redemptionem.
1463 3531 1566 3605 Unde
1590 3531 1692 3605 dicit:
1714 3551 1825 3606 enon
1841 3535 1986 3624 sufferre

812 3641 937 3739 pidde
949 3650 1035 3737 indi,
1045 3647 1148 3742 idest,
1162 3657 1242 3743 post
1259 3671 1372 3743 qrram
1397 3650 1522 3724 habuit
1541 3651 1649 3725 talem
1673 3650 1987 3742 illuminationem,

815 3771 981 3860 ilpuzzo
1017 3771 1075 3842 del
1106 3789 1338 3861 peponesmo,
1369 3770 1470 3864 idest,
1502 3771 1730 3866 infidelitatis,
1763 3793 1846 3865 quae
1876 3771 1987 3846 inlicit

817 3889 990 3963 animam.
1017 3891 1061 3963 Et
1086 3891 1144 3963 hic
1169 3897 1255 3966 nota
1282 3890 1380 3985 quod
1406 3891 1454 3965 illi
1482 3891 1644 3966 infideles
1673 3893 1826 3990 gentiles
1856 3893 1903 3968 de
1933 3894 1986 3968 rei

818 4010 971 4085 veritate
996 4010 1176 4085 iaciebant
1205 4011 1241 4084 in
1274 4002 1464 4104 honorel²l
1498 4012 1653 4086 deorum
1685 4035 1838 4088 suorum
1872 4013 1985 4088 multa

817 4129 912 4204 loeda
931 4150 1002 4204 non
1020 4130 1139 4203 solum
1158 4131 1377 4205 offendentia
1396 4131 1513 4206 Deum
1532 4152 1676 4225 uerum,
1691 4133 1752 4207 sed
1772 4133 1880 4210 etiam
1903 4153 1987 4208 cor·

818 4251 1024 4344 rumpentia
1051 4252 1166 4325 bonos
1192 4271 1313 4326 mores
1339 4252 1550 4346 hominum3
1569 4261 1606 4328 et
1625 4275 1697 4328 non
1715 4256 1832 4328 solum
1852 4255 1901 4328 illl
1922 4275 1986 4351 pa-

815 4373 898 4468 gani
925 4373 1132 4465 orientales,
1158 4373 1221 4447 sed
1249 4374 1358 4448 etiam
1385 4373 1495 4470 gruel
1522 4381 1559 4447 et
1580 4375 1723 4450 romani
1749 4376 1813 4470 qui
1839 4377 1986 4452 luerunt

815 4490 1006 4586 civiliores,
1033 4492 1125 4567 sicut
1153 4493 1399 4587 multipliciter
1425 4494 1650 4590 Augustinus
1675 4495 1722 4569 de
1739 4496 1891 4572 Ciuitate
1908 4497 1984 4594 Dei,

815 4610 861 4684 de
884 4610 1078 4686 arcadibus
1101 4612 1199 4707 apud
1224 4631 1377 4709 graecos,
1398 4613 1498 4688 etde
1525 4612 1617 4687 ludis
1642 4614 1793 4689 scenicis
1810 4615 1908 4710 apud
1926 4635 1986 4690 ro-

818 4752 945 4806 manos
962 4738 999 4806 et
1014 4732 1062 4808 de
1078 4733 1235 4807 muliere
1247 4740 1449 4808 coronante
1462 4741 1650 4808 veretrum
1666 4734 1763 4830 apud
1780 4737 1984 4810 Lavinium.

878 4993 906 5055 (¹)
922 4994 953 5043 E.
968 4993 1043 5044 Jcsur
1059 4993 1184 5044 Christus.
1436 4992 1462 5055 l'l
1478 4993 1535 5044 S.o
1553 4994 1583 5044 Ε.
1600 4995 1737 5045 honorem.
