4842 6642
763 812 833 877 262
1153 823 1356 878 uouuuruu
1383 823 1548 877 rnnnnrsr

762 968 840 1066 regi
865 968 1014 1044 Priamo
1038 967 1085 1043 ad
1110 965 1285 1063 palatium
1309 989 1433 1060 suurn,
1454 967 1517 1062 qui
1543 987 1743 1043 occurrens
1769 966 1933 1042 hostibus

760 1089 937 1184 pugnavit
960 1087 1095 1162 acriter
1119 1107 1206 1162 curn
1234 1087 1319 1180 illis,
1347 1087 1483 1181 inqua
1510 1108 1632 1184 pugna
1661 1087 1776 1162 multi
1793 1086 1934 1162 cecide-

763 1215 861 1302 runt,
888 1209 983 1283 inter
1008 1207 1193 1302 quosiuit
1219 1207 1286 1283 iste
1311 1207 1471 1302 Ripbeus
1497 1206 1600 1282 miles
1617 1207 1802 1300 troianuS,
1819 1227 1931 1300 quern

761 1330 994 1426 singulariter
1026 1329 1196 1424 Virgilius
1228 1327 1397 1403 laudibus
1422 1328 1573 1421 extollit,
1603 1328 1746 1404 dicens:
1777 1331 1871 1402 cadit
1902 1335 1935 1400 et

762 1452 1125 1543 liipbeusjustissimus
1136 1451 1249 1522 armis
1267 1457 1335 1524 etc.
1350 1451 1455 1524 Nune
1468 1448 1513 1523 ad
1528 1449 1691 1524 literam:
1706 1449 1792 1545 quia
1810 1448 1931 1543 aquila

761 1570 906 1644 videtur
931 1569 1073 1644 dictura
1100 1590 1180 1643 rem
1207 1569 1469 1662 incredibilem,
1488 1568 1568 1644 ideo
1592 1569 1681 1664 petit
1702 1590 1787 1645 cum
1814 1568 1932 1644 admi-

761 1691 922 1764 ratione:
944 1692 1005 1762 cti
1016 1691 1219 1764 crederebbe
1231 1697 1249 1764 t
1262 1689 1367 1784 quasi
1389 1689 1495 1784 dieat,
1511 1690 1642 1785 nullus,
1655 1685 1716 1782 piri
1732 1693 1790 1764 nel
1803 1692 1933 1763 mondo

683 1792 697 1796 “
759 1818 915 1901 errante,
925 1810 1027 1905 idest,
1038 1811 1075 1882 in
1088 1810 1227 1884 mundo
1243 1810 1386 1884 mortali
1402 1809 1605 1906 ignorantia
1620 1816 1657 1886 et
1669 1831 1799 1885 errore
1812 1811 1932 1905 pleno,

652 1988 655 1996 .
758 1935 852 2025 fosse
869 1934 905 2004 la
923 1935 1043 2026 quinta
1067 1933 1154 2004 delle
1173 1932 1242 2004 luci
1255 1938 1355 2002 sante
1372 1934 1470 2023 liiseo
1487 1935 1641 2024 troiano,
1663 1931 1748 2024 quia
1767 1931 1933 2026 quinque

760 2052 893 2125 animae
919 2050 1114 2124 illustrium
1142 2050 1306 2124 virorum
1326 2057 1363 2124 et
1380 2057 1591 2125 sauctorum
1610 2051 1747 2125 iaciunt
1768 2052 1932 2142 oculum,

761 2177 798 2246 et
823 2179 938 2266 sexta,
956 2170 1102 2265 seilicet,
1120 2169 1246 2264 David,
1268 2170 1416 2265 ponitur
1440 2191 1508 2265 pro
1532 2171 1678 2267 pupilla.
1707 2171 1807 2246 Unde
1827 2171 1932 2246 dicit:

760 2295 797 2365 ia
823 2298 940 2382 questo
965 2293 1084 2382 londo,
1113 2289 1217 2384 idest,
1236 2289 1375 2364 circulo
1397 2292 1454 2365 rel
1472 2291 1553 2367 cilio
1570 2290 1655 2365 dieti
1673 2291 1768 2366 oculi
1787 2291 1930 2386 aquilae.

759 2412 804 2484 Et
830 2411 917 2506 quia
942 2411 1009 2485 iste
1033 2411 1195 2506 Ripbeus
1226 2410 1371 2486 ridetur
1404 2411 1574 2486 babuisse
1606 2413 1930 2508 singularissimam

760 2533 917 2629 gratiam
944 2553 966 2605 a
993 2532 1080 2625 lieo,
1106 2530 1387 2605 oocultissimam
1417 2531 1625 2605 bominibus
1650 2531 1736 2626 quia
1768 2531 1931 2625 infidelis,

760 2673 926 2748 paganus
943 2673 1009 2747 per
1030 2653 1138 2746 longa
1155 2651 1291 2726 saecula
1308 2657 1394 2724 ante
1411 2649 1609 2724 adrentum
1628 2650 1771 2744 Christi,
1786 2650 1932 2726 ridetur

759 2773 942 2866 salvatus3
969 2771 1051 2846 ideo
1067 2771 1207 2845 subdit:
1235 2769 1357 2844 et-ille
1373 2769 1552 2865 Ripbeus:
1578 2791 1647 2843 orn
1671 2791 1815 2844 conosco
1836 2777 1933 2844 assai

759 2896 797 2967 di
822 2896 900 2984 quet
924 2895 1017 2965 delto
1041 2892 1161 2964 divina
1186 2893 1318 2981 pruzia
1342 2891 1402 2962 cte
1419 2891 1444 2964 ’l
1468 2892 1596 2964 mondo
1622 2891 1728 2964 vader
1751 2911 1824 2964 non
1846 2884 1931 2984 pud,

762 3011 864 3106 idest,
890 3010 1058 3087 bomines
1084 3011 1258 3084 mundani
1286 3009 1411 3084 videre
1436 3031 1510 3084 nou
1526 3018 1687 3105 possunt.
1706 3011 1749 3084 Et
1771 3011 1828 3086 bio
1846 3022 1930 3089 nota

760 3132 861 3229 quod
896 3132 1031 3205 multos
1065 3131 1286 3204 damnamus
1320 3151 1413 3224 quos
1447 3130 1545 3206 Deus
1574 3131 1749 3226 justificat
1782 3140 1864 3226 etc,
1883 3144 1933 3208 -et

759 3256 876 3329 multa
901 3272 1058 3347 corpora
1084 3258 1297 3326 sanctorum
1319 3250 1553 3326 celebrantur
1569 3251 1606 3325 iu
1627 3253 1735 3328 terris
1748 3245 1785 3346 (¹)
1805 3262 1843 3328 et
1859 3275 1932 3329 cae-

760 3383 850 3468 tera,
883 3374 977 3449 sicut
1008 3371 1125 3466 patuit
1156 3371 1192 3444 in
1228 3370 1416 3466 Zapelecto
1450 3371 1496 3446 de
1530 3372 1743 3470 Burgundia
1777 3383 1858 3468 eta,
1893 3384 1932 3450 et

760 3496 865 3570 bodie
903 3495 940 3567 iu
978 3494 1125 3568 Urbano
1142 3491 1183 3565 V.
1219 3492 1262 3564 Et
1299 3491 1401 3567 dicit:
1436 3491 1562 3568 tenete*
1592 3515 1657 3568 sua
1696 3498 1797 3588 vom,
1830 3496 1931 3590 idest,

758 3617 928 3710 quamvis
952 3635 1020 3689 sua
1047 3613 1148 3707 visio,
1173 3635 1247 3687 non
1273 3616 1436 3687 discerno
1460 3616 1487 3688 it
1507 3617 1633 3707 fondo,
1658 3617 1760 3710 idest,
1779 3618 1932 3714 prolun-

752 3737 906 3835 ditatem
932 3736 1064 3810 divinae
1079 3725 1116 3827 (ἢ
1145 3734 1293 3831 gratiae3
1320 3733 1425 3827 quasi
1450 3733 1565 3809 dieat:
1588 3738 1757 3830 quamvis
1774 3738 1929 3813 dixerim

758 3856 856 3951 quod
883 3857 1041 3930 multum
1068 3854 1189 3929 videat
1216 3872 1313 3928 uuna
1338 3853 1384 3928 de
1408 3852 1529 3928 divina
1555 3856 1684 3951 gratia,
1707 3877 1779 3932 nou
1807 3866 1930 3934 tamen

720 4062 727 4075 g
756 3977 885 4051 eredas
910 3975 1008 4070 quod
1035 3974 1157 4049 videat
1181 3981 1314 4066 toturn,
1340 3973 1389 4048 ita
1416 3973 1516 4068 quod
1532 3974 1687 4072 attingat
1702 3977 1875 4073 iuudum,
1894 3981 1930 4055 et

760 4099 828 4172 boc
853 4098 948 4172 lorte
977 4095 1092 4170 voluit
1122 4095 1245 4170 dicere
1271 4094 1308 4168 in
1334 4094 1551 4188 praecedenti
1582 4096 1761 4191 capitulo:
1793 4102 1933 4190 duanae

757 4225 881 4290 nostra
905 4220 1052 4310 vadata5
1084 4222 1120 4290 et
1152 4214 1210 4289 hic
1233 4222 1329 4288 nota
1363 4213 1461 4308 quod
1493 4218 1603 4288 autor
1635 4217 1814 4310 profunde
1846 4218 1931 4294 lauit

757 4339 864 4412 istam
889 4337 1073 4412 fictionem
1100 4336 1147 4411 de
1172 4334 1374 4410 salvatione
1398 4333 1535 4429 Ripbei,
1568 4356 1634 4430 per
1666 4347 1780 4431 quam
1814 4339 1932 4413 subti-

758 4459 839 4533 liter
863 4458 926 4532 dat
951 4457 1100 4553 intelligi
1127 4454 1410 4552 prolanditatem
1437 4454 1569 4529 dirinae
1593 4457 1733 4552 gratim,
1760 4479 1844 4552 quae
1875 4461 1932 4534 in·

759 4580 904 4654 tendum
929 4600 970 4654 se
995 4577 1157 4654 extendit
1181 4576 1228 4650 ad
1256 4576 1439 4651 bominem
1461 4575 1642 4651 inlidelem
1660 4586 1707 4652 et
1733 4600 1930 4676 paganum,

816 4889 844 4950 (¹)
860 4895 884 4949 t.
903 4893 978 4941 terris
993 4903 1107 4955 quorum
1123 4889 1216 4940 animo
1232 4888 1383 4938 cruciantur
1399 4888 1425 4938 ln
1442 4887 1545 4939 interno
1561 4893 1619 4946 etc..
1636 4887 1703 4938 sicut
1719 4889 1810 4952 patuit.

816 4967 845 5028 (·)
862 4967 892 5016 Ε.
908 4968 992 5018 dicta.
1703 4978 1707 5008 t
