4842 6642
939 785 985 850 du
1325 791 1532 847 muru!
1553 788 1724 845 rursum

936 943 1085 1016 Deduc
1114 930 1209 1030 dird,
1231 932 1381 1032 scilicet,
1406 936 1454 1012 de
1476 936 1680 1029 draucisce,
1702 929 1873 1029 peruecta*
1891 933 2109 1008 dumne

935 1065 967 1136 ai
985 1063 1060 1136 dice
1076 1063 1098 1133 t’
1107 1080 1154 1134 uu
1168 1060 1381 1152 prectrude,
1398 1057 1500 1151 idest,
1517 1056 1757 1154 appretiando
1776 1054 1945 1130 laudibus
1961 1059 2108 1128 tanum

934 1203 1069 1276 uuum,
1095 1183 1180 1274 quat
1206 1181 1267 1254 abe
1290 1199 1372 1252 acm
1391 1181 1541 1271 prande,
1565 1177 1670 1271 idest,
1696 1194 1973 1273 quemcumque
1997 1175 2110 1250 bum

937 1307 1102 1378 assumat
1119 1299 1363 1392 laudandum
1380 1298 1601 1397 etaasiguat
1617 1297 1800 1373 rationem
1815 1297 1960 1372 diceus:
1982 1290 2113 1388 perce*

938 1427 989 1498 ud
1013 1444 1061 1496 ua
1089 1425 1159 1515 fiae
1180 1423 1244 1515 fia
1271 1423 1408 1512 tmere
1434 1439 1507 1513 suc,
1534 1418 1638 1512 idest,
1665 1418 1752 1513 quia
1776 1437 1891 1514 spera
1916 1416 2111 1510 utriusque

939 1543 1190 1620 tetenderunt·
1207 1541 1254 1616 ad
1289 1561 1406 1614 uuum
1439 1539 1550 1615 ductu
1582 1537 1826 1632 beatitudiuis
1858 1539 1903 1612 ut
1934 1536 1993 1612 bic
2021 1541 2110 1611 rou

939 1670 1076 1760 quauta
1099 1668 1182 1736 arte
1205 1668 1316 1735 autor
1343 1665 1469 1734 utatur
1494 1659 1531 1732 in
1557 1659 1624 1734 ista
1655 1659 1818 1752 tictiuue3
1853 1679 1940 1732 nam
1968 1654 2110 1730 inducit

940 1786 1117 1858 thomam
1143 1783 1190 1857 de
1214 1781 1370 1876 Aquino,
1396 1780 1459 1874 qui
1485 1777 1721 1856 commendat
1745 1780 1859 1854 ritum
1880 1776 1977 1854 beuti
1993 1776 2111 1852 Fran·

937 1904 1035 1998 uisci,
1053 1909 1091 1978 et
1106 1902 1258 1976 damnat
1282 1900 1394 1976 ritum
1419 1919 1575 1975 suorum
1600 1899 1759 1974 fratrum
1780 1897 1894 1974 suncti
1915 1894 2110 1990 Dominici3

939 2025 1025 2120 quia
1052 2023 1183 2098 meiius
1208 2021 1457 2097 testimouium
1475 2027 1541 2115 est,
1558 2029 1597 2096 et
1613 2021 1753 2096 facilius
1769 2019 1944 2114 creditur,
1962 2018 2110 2114 quande

941 2146 1100 2222 remulus
1124 2143 1250 2220 laudat
1273 2144 1465 2237 emulum,
1490 2148 1529 2218 et
1553 2143 1603 2217 ita
1629 2143 1778 2239 quaudo
1801 2137 1926 2237 culpat
1949 2159 2112 2214 suos-—

940 2272 1042 2342 iutra
1073 2268 1214 2358 dupino.
1240 2263 1306 2338 ilic
1329 2265 1488 2338 Thomas
1517 2268 1738 2337 narraturus
1769 2262 1883 2337 ritum
1916 2259 2110 2352 Francisci,

903 2485 905 2488 Ι
940 2387 1061 2482 primo
1085 2384 1255 2460 describit
1279 2386 1403 2458 locum
1436 2381 1586 2480 originis
1620 2382 1711 2476 eius,
1742 2402 1856 2478 quam
1888 2379 2061 2456 describit
2085 2401 2114 2455 a

941 2505 1152 2582 fluminibus
1184 2510 1223 2579 et
1251 2504 1458 2579 civitatibus
1491 2502 1745 2578 madentibus
1776 2503 1896 2599 ipsum
1912 2494 1948 2594 (¹)
1976 2503 2111 2577 iocum.

940 2627 994 2702 dd
1019 2626 1126 2702 cuius
1150 2625 1369 2701 evidentiam
1396 2632 1453 2700 est
1475 2624 1757 2720 praescimdum,
1782 2623 1881 2718 qued
1902 2623 2028 2697 civitas
2044 2622 2111 2696 ds—

939 2748 1065 2822 sisium
1101 2753 1157 2820 cst
1194 2745 1327 2820 situata
1360 2744 1399 2819 iu
1430 2745 1527 2820 valle
1557 2744 1780 2841 putccrrtma
1817 2751 1855 2820 at
1892 2741 2111 2819 iertiiiasima

938 2866 1087 2963 Spoteti,
1103 2866 1199 2942 iuter
1217 2864 1294 2939 duo
1310 2865 1474 2958 flumina,
1494 2884 1656 2960 quorum
1677 2883 1793 2937 uuum
1811 2870 1966 2938 vocatur
1985 2862 2113 2937 Chim-

940 3009 1015 3082 sus,
1043 2986 1107 3082 qui
1131 2985 1233 3060 veuit
1255 3005 1278 3058 a
1304 2984 1450 3058 civitate
1474 2983 1643 3081 Eugubii,
1668 2985 1829 3059 alterum
1850 3001 1941 3058 reru
1958 2989 2113 3058 vocatur

940 3107 1113 3203 Tupiuus,
1125 3105 1188 3200 qui
1202 3105 1300 3180 verrit
1312 3125 1334 3179 a
1344 3104 1512 3180 Nuceria.
1527 3104 1617 3180 Dicit
1629 3125 1739 3202 erge:
1754 3109 1988 3179 Fertitecostu
1999 3107 2113 3178 u’atto

940 3225 1262 3320 montepende,qui
1275 3225 1677 3319 supereminetdssisiu,
1692 3225 1775 3319 quia
1790 3224 1964 3300 Acrisium
1978 3230 2034 3300 ast
2047 3244 2114 3320 pu·

938 3348 1052 3422 situm
1070 3345 1106 3419 in
1126 3350 1251 3420 monte
1268 3344 1374 3420 tertiti
1391 3346 1429 3418 iu
1444 3343 1597 3420 dectiriu
1615 3345 1759 3438 montis
1777 3349 1874 3419 iutra
1891 3349 2115 3438 lupinum

938 3469 1038 3544 euim
1052 3466 1215 3561 Tupiuus
1228 3466 1362 3540 durius
1374 3465 1437 3560 qui
1451 3473 1566 3559 etc.‚e
1582 3469 1733 3559 decursu,
1747 3465 1849 3560 idest,
1863 3474 1901 3541 et
1915 3466 2028 3542 alium
2042 3467 2114 3540 du-

942 3610 1027 3664 men
1044 3587 1107 3683 qui
1124 3586 1258 3662 dicitur
1274 3587 1456 3680 Chiassus,
1476 3586 1626 3662 veniens
1649 3588 1699 3662 ab
1724 3587 1909 3683 dugubiu:
1932 3595 1989 3662 est
2012 3587 2112 3662 euim

941 3708 1111 3784 Chiassus
1127 3707 1261 3780 fluvius
1278 3707 1341 3801 qui
1357 3712 1427 3781 etc
1446 3705 1548 3781 Unde
1563 3706 1666 3781 dicit:
1684 3709 1744 3780 cde
1758 3709 1919 3781 detrude
1933 3709 1999 3782 dut
2012 3710 2111 3801 aare,

942 3827 1045 3922 idest,
1071 3838 1208 3919 munte,
1225 3829 1323 3900 etetto
1347 3829 1412 3901 dut
1428 3827 1528 3901 beato
1551 3828 1771 3902 chalacad
1792 3829 1891 3924 quod
1911 3827 2113 3922 sciendum,

942 3949 1041 4044 quod
1069 3949 1228 4024 ebaldus
1253 3950 1383 4024 beatus
1409 3950 1528 4044 primu
1552 3949 1618 4024 tuit
1644 3948 1823 4026 heremita
1839 3949 1877 4025 in
1898 3959 2024 4028 mente
2040 3953 2114 4046 ide,

861 4155 862 4158 a
942 4069 1073 4145 deiude
1099 4069 1166 4144 iuit
1191 4069 1382 4166 episcopus
1407 4069 1575 4166 Eugubii,
1601 4077 1640 4146 et
1664 4077 1720 4146 est
1739 4079 1919 4166 patronus
1938 4069 2034 4147 iilius
2061 4073 2114 4149 ci-

787 4271 795 4283 ,
944 4191 1076 4266 vitatis
1102 4191 1147 4266 Et
1172 4189 1295 4265 subdit
1319 4190 1483 4266 civitates
1507 4190 1669 4266 contines
1688 4191 1834 4286 desiste,
1849 4193 1993 4268 dicens:
2009 4195 2115 4286 cuda,

944 4311 1047 4403 idest,
1073 4332 1096 4385 a
1120 4331 1195 4406 qua
1221 4319 1322 4386 costa
1347 4310 1467 4405 fertili,
1487 4315 1643 4403 Pcruoiu
1659 4319 1753 4386 seat
1766 4315 1896 4407 {raddo
1911 4335 1931 4386 e
1944 4316 2050 4388 ratde
2064 4318 2114 4389 da

938 4438 1048 4524 portu
1073 4435 1170 4504 Sole:
1195 4438 1301 4526 porta
1327 4431 1413 4505 sotis
1436 4438 1494 4506 est
1518 4452 1592 4506 unu
1618 4438 1723 4527 porta
1741 4432 1881 4508 Perusii
1902 4453 2032 4509 versus
2048 4453 2115 4510 cr

943 4558 1023 4624 urm
1042 4550 1136 4644 sutis,
1155 4571 1239 4646 quae
1259 4551 1404 4648 respicit
1419 4551 1609 4628 Assisium.
1626 4553 1691 4628 Est
1710 4561 1837 4628 autem
1854 4553 2044 4631 Perusiam
2058 4555 2115 4631 ci-

943 4670 1036 4744 vitas
1065 4670 1216 4765 antiqua
1240 4679 1279 4745 et
1304 4669 1444 4766 nubitis,
1467 4673 1656 4766 quondam
1684 4695 1802 4748 uuum
1826 4682 1938 4770 caput
1962 4676 2115 4770 uiuae,

1009 4931 1037 4994 Γ)
1052 4931 1083 4982 B.
1100 4931 1186 4983 illum.
