4842 6642
779 862 916 917 cnn‘rns
942 862 1100 917 nncrnns
1125 860 1296 916 ccrnvns.
1551 845 1622 915 223

450 1012 487 1079 et
512 1004 562 1081 ita
588 1012 780 1082 transeunt
806 1013 961 1102 tempus.
993 1008 1036 1081 llt
1068 1006 1232 1099 adverte,
1265 1003 1393 1099 lector,
1426 1006 1526 1101 quod
1557 1001 1623 1078 ista

451 1128 675 1221 comparatio
702 1148 774 1201 non
792 1132 847 1202 est
864 1127 984 1224 inepte
1001 1128 1048 1203 nd
1066 1129 1161 1203 banc
1179 1125 1394 1221 materinm3
1411 1124 1506 1201 sicut
1525 1126 1625 1200 enim

452 1267 498 1321 cx
523 1248 644 1343 stipite
668 1248 788 1342 lirmn,
815 1248 940 1345 ignito,
972 1248 1117 1325 rubenti
1151 1254 1310 1345 surgunt
1340 1247 1626 1323 innumerabiles

451 1366 580 1441 iavillae
604 1367 791 1461 ardentem
818 1368 866 1443 ita
893 1390 939 1443 ex
967 1370 1026 1443 illo
1047 1372 1098 1461 M,
1119 1367 1239 1461 lirmn,
1257 1366 1384 1465 ignito,
1403 1368 1520 1443 rubeo
1539 1389 1626 1441 sur·

453 1494 628 1561 rexerunt
654 1487 802 1561 inlinitae
831 1488 964 1563 animae
995 1488 1225 1583 splendentes
1257 1488 1393 1564 similes
1427 1487 1555 1583 primis
1588 1488 1625 1561 in

451 1606 593 1703 colore3
619 1616 657 1683 et
682 1610 776 1685 sicut
809 1610 940 1683 invillae
972 1610 1136 1684 volantes
1167 1628 1213 1683 ex
1249 1607 1369 1703 stipite
1399 1612 1559 1704 surgunt
1587 1607 1625 1679 in

451 1746 576 1802 nerem
604 1728 737 1824 aliquae
762 1729 882 1823 altius,
907 1730 1040 1823 aliqnae
1065 1729 1197 1821 minus,
1225 1728 1274 1802 ita
1306 1733 1344 1802 et
1376 1728 1509 1802 enimae
1534 1727 1623 1801 istae.

453 1854 548 1923 -E
571 1853 731 1941 quietata.
759 1850 823 1925 llic
848 1857 958 1925 antor
978 1850 1149 1945 exprimit
1170 1848 1329 1946 liguram
1351 1868 1464 1943 quam
1485 1848 1624 1922 iorma-

453 1976 587 2043 verunt
612 1969 717 2045 dictae
742 1971 876 2044 animae
893 1970 944 2045 sic
964 1972 1140 2062 veientes,
1161 1969 1302 2044 dicens:
1330 1973 1363 2041 Ε
1385 1970 1457 2041 vidi
1472 1988 1625 2061 rapprc-

452 2096 604 2180 sentnre,
630 2090 775 2185 scilicet,
795 2090 830 2163 in
849 2090 981 2185 ligura,
1008 2094 1044 2164 la
1071 2098 1155 2165 testa
1180 2112 1199 2163 c
1222 2092 1248 2161 'l
1271 2091 1360 2162 colio
1385 2091 1420 2161 d
1433 2109 1506 2162 una
1532 2108 1623 2179 aprr-

453 2211 538 2301 pita,
564 2230 588 2282 a
614 2213 694 2301 puel
715 2213 855 2283 dictinio
877 2214 997 2305 succe,
1023 2210 1125 2305 idest,
1147 2209 1194 2283 ab
1214 2208 1281 2282 illis
1298 2207 1491 2282 animabus
1511 2207 1626 2304 igneis

454 2328 626 2404 distinctis
652 2330 698 2404 ibi
725 2352 836 2427 supra
854 2335 906 2422 lt,
932 2338 970 2406 et
995 2332 1064 2405 boc
1089 2330 1182 2423 dico,
1208 2332 1386 2422 ciascuna,
1414 2327 1561 2421 scilicet,
1582 2328 1626 2401 il·

456 2450 575 2523 lnrum
600 2448 824 2544 animarum,
850 2455 1000 2542 qmctnta
1024 2454 1062 2524 in
1086 2471 1150 2523 sno
1176 2454 1265 2543 loco,
1283 2450 1386 2544 quasi
1408 2448 1519 2523 dicet:
1538 2469 1625 2522 cum

455 2590 688 2665 unaquaeque
708 2571 861 2667 cepisset
881 2571 1004 2646 sedem
1024 2592 1130 2645 suam
1149 2570 1215 2645 sibi
1233 2570 1450 2645 destinatam
1467 2570 1513 2643 ad
1532 2572 1625 2643 banc

456 2688 613 2785 liguram
641 2690 870 2765 formandam
886 2684 936 2785 (¹).
971 2692 1014 2764 Et
1046 2692 1103 2766 bic
1135 2698 1220 2767 nota
1254 2691 1351 2785 quod
1382 2697 1492 2765 autor
1524 2690 1628 2787 lingit

454 2808 634 2885 subtiliter
660 2810 758 2904 quod
784 2812 912 2885 multae
936 2811 1068 2885 animae
1089 2812 1276 2907 justornm
1299 2832 1432 2907 regum
1450 2817 1487 2884 ei
1505 2816 1625 2885 recto-

457 2950 539 3003 rum
567 2930 626 3005 bic
650 2930 876 3005 constituunt
902 2953 1017 3006 unum
1044 2952 1179 3025 corpus
1195 2931 1339 3026 nquilae‚
1358 2951 1424 3025 per
1443 2932 1512 3004 boc
1529 2929 1626 3026 ligu-

458 3052 582 3126 raliter
607 3052 801 3127 ostendens
827 3053 925 3147 qnod
950 3052 1074 3127 emnia
1101 3072 1215 3148 regna
1237 3052 1364 3126 mundi
1389 3053 1436 3127 de
1455 3052 1543 3147 jure
1561 3051 1627 3125 de·

457 3171 614 3265 pendent
639 3192 660 3245 a
690 3191 843 3245 romano
859 3163 908 3266 (²),
929 3170 967 3245 in
993 3192 1068 3267 quo
1095 3172 1257 3247 maxime
1282 3172 1399 3268 viguit
1413 3172 1566 3267 justitia,
1583 3177 1626 3245 ul

455 3292 599 3387 probari
626 3299 743 3387 potest
770 3292 1028 3389 multipliciter,
1046 3298 1083 3367 et
1099 3314 1229 3369 omnes
1247 3312 1355 3389 reges
1371 3301 1457 3367 snnt
1473 3292 1628 3369 subiecti

455 3431 608 3486 romane
633 3412 795 3508 principi,
813 3414 906 3486 sicut
927 3412 1070 3489 diversa
1098 3414 1264 3487 membra
1291 3414 1454 3487 bumana
1482 3412 1544 3487 uni
1564 3433 1628 3488 ca-

440 3532 528 3626 ·piti.
555 3533 617 3605 Est
641 3532 739 3607 enim
765 3533 888 3627 aquila
914 3532 1060 3629 signum
1086 3532 1223 3607 ducum
1256 3553 1510 3627 romanorum,
1533 3532 1629 3607 sicut

454 3651 585 3727 dilluse
618 3657 883 3747 pertractatum
909 3661 964 3727 est
990 3652 1034 3725 Vl
1060 3654 1220 3747 capitulo
1251 3654 1361 3728 buius
1394 3652 1629 3728 paradisi.-

459 3777 551 3861 Onei.
578 3773 644 3847 llic
668 3780 778 3847 autor
802 3773 973 3848 describit
990 3779 1159 3848 autorem
1178 3774 1289 3848 buius
1308 3774 1481 3849 mirabilis
1499 3774 1628 3870 lignrae

457 3895 534 3969 sive
558 3895 723 3990 pictnrae,
750 3893 892 3969 dicens:
923 3897 1008 3983 (luci
1030 3896 1090 3967 circ
1114 3897 1254 3987 dipinpe
1287 3890 1324 3990 tt,
1353 3895 1498 3990 scilicet,
1528 3896 1628 3969 Dens

458 4021 614 4110 creater,
639 4036 712 4087 nnn
736 4017 783 4086 ln
807 4016 861 4087 ciri
884 4016 911 4087 ’i
931 4017 1042 4106 prn'dr',
1068 4014 1154 4109 quia
1181 4036 1255 4089 non
1281 4014 1364 4090 iacit
1388 4015 1483 4090 sicul
1513 4016 1627 4089 nostri

457 4136 613 4229 pictores
637 4134 683 4209 ad
709 4135 898 4228 exemplar
914 4134 1076 4227 alterius,
1096 4134 1211 4209 immo
1227 4135 1275 4210 ab
1292 4135 1404 4231 ipsius
1423 4135 1628 4231 exemplari

458 4262 589 4330 natura
617 4254 742 4351 recipit
768 4254 940 4350 quicquid
966 4254 1051 4353 agit.
1079 4255 1181 4329 Unde
1205 4256 1309 4330 dicit:
1332 4278 1391 4329 mn
1412 4278 1489 4329 esso
1504 4260 1628 4349 puina,

455 4378 611 4471 equetta
637 4370 741 4469 virid,
770 4374 861 4450 idest
885 4374 976 4449 crdo
1002 4375 1189 4471 naturalis,
1223 4375 1269 4451 de
1300 4397 1375 4470 qun
1407 4377 1545 4452 dictum
1572 4385 1629 4454 est

456 4518 568 4593 snpra
591 4496 711 4592 primo
737 4495 895 4591 capitulo
920 4495 1030 4569 bnius
1055 4495 1227 4591 Paradisi,
1253 4494 1339 4571 clr'd
1366 4502 1487 4593 forma
1511 4522 1580 4593 per
1605 4503 1631 4575 ii

456 4619 543 4711 nidi,
564 4615 665 4710 idest,
683 4636 749 4711 per
767 4634 895 4689 omnes
914 4613 1086 4691 materias
1104 4616 1318 4710 recipientes
1336 4618 1505 4693 inrmam.
1526 4619 1628 4695 Unde

456 4735 593 4810 dictum
620 4740 675 4809 est
699 4734 748 4808 ibi
774 4734 820 4809 de
845 4734 913 4809 isto
938 4734 1067 4809 ordine
1092 4736 1268 4809 naturali:
1295 4759 1314 4810 c
1338 4746 1456 4828 questo
1473 4735 1628 4832 dforma

520 4994 548 5059 (¹)
564 4996 594 5046 it.
611 4996 824 5049 confirmandam.
1013 4996 1041 5060 (¹)
1058 4996 1084 5049 S.
1101 5011 1210 5048 romano
1226 4998 1346 5061 irnperio,
1363 5000 1389 5048 in
1404 5012 1466 5063 qno.
