4842 6642
839 835 911 904 ttld
1223 843 1428 900 counnruu
1453 842 1618 898 ruamur

837 995 968 1066 tissimo
992 993 1094 1081 inme,
1119 988 1219 1085 quod
1243 989 1406 1085 procedit
1422 989 1477 1064 ab
1501 988 1677 1064 altissimo
1709 995 1847 1083 puncto
1879 986 2010 1062 divini-

836 1114 930 1206 tatis,
955 1132 1103 1206 exque
1127 1111 1167 1185 iit
1191 1111 1327 1186 ooelum
1354 1129 1585 1206 empyreum,
1603 1111 1747 1184 manian
1764 1111 1824 1182 ode
1843 1112 1872 1182 ε’
1885 1113 2009 1201 incon

833 1236 928 1326 nelli,
961 1231 1064 1327 idest,
1100 1230 1249 1328 recipiat
1282 1230 1483 1327 capellum,
1520 1229 1622 1324 idest,
1655 1249 1835 1304 coronam
1869 1229 2007 1326 gloriae,

835 1355 1073 1443 deormntente,
1089 1350 1192 1440 idest,
1205 1351 1317 1446 juste,
1334 1354 1484 1426 meando
1500 1353 1640 1424 ileolor
1657 1353 1842 1443 de'cnpelii
1859 1353 1897 1425 di
1915 1355 2010 1425 colai

835 1476 978 1564 mozin,
1007 1471 1110 1566 idest,
1135 1471 1339 1546 secundum
1366 1471 1579 1566 qualitatem
1603 1470 1683 1546 talis
1707 1470 1839 1567 gratiae
1863 1471 2004 1546 divium.

837 1593 881 1666 lit
905 1591 1089 1667 concludit
1118 1592 1280 1687 primurn
1305 1590 1456 1684 dictum,
1483 1590 1625 1666 dicens:
1651 1593 1802 1684 deinque,
1839 1591 1895 1666 isti
1921 1613 2006 1687 par-

840 1713 925 1807 vuli,
951 1716 1056 1787 locati
1079 1735 1157 1807 son,
1185 1713 1223 1787 in
1248 1714 1317 1788 isto
1344 1733 1471 1810 reguo,
1494 1734 1560 1806 per
1583 1715 1692 1804 orodi
1715 1715 1901 1806 Moeno,
1920 1716 2006 1808 quia

839 1853 935 1908 uuus
960 1834 1071 1909 habet
1094 1833 1176 1929 plus
1200 1841 1238 1910 et
1264 1834 1357 1909 alius
1383 1833 1505 1909 minus
1535 1833 1674 1930 gloriae,
1698 1853 1809 1907 senza
1834 1832 1948 1910 mnne*
1970 1839 2009 1910 di
2137 1826 2143 1841 '

837 1957 895 2028 lor
920 1961 1083 2048 cosmate,
1110 1954 1215 2048 idest,
1239 1954 1318 2030 siue
1344 1953 1476 2030 merito
1501 1954 1585 2028 vitae
1614 1953 1799 2048 ipsorum3
1831 1962 1871 2030 et
1900 1954 2005 2030 dicit:

835 2077 892 2148 sol
917 2076 1124 2168 differendo,
1151 2074 1252 2168 idest,
1279 2074 1510 2150 solummodo
1541 2073 1785 2150 differentiam
1816 2075 2006 2169 habentes,

835 2201 896 2273 nel
907 2200 1077 2290 manino
1096 2217 1230 2286 nonme,
1255 2195 1357 2288 idest,
1375 2195 1413 2270 iu
1435 2197 1624 2272 voluntate
1649 2195 1784 2290 divina,
1805 2216 1919 2290 quam
1937 2215 2007 2270 au-

837 2324 896 2392 tor
920 2321 1027 2392 vocat
1052 2315 1214 2410 primum
1241 2335 1412 2410 acumen,
1439 2316 1540 2411 idest,
1561 2317 1719 2412 primam
1746 2337 1896 2392 causam
1917 2337 2007 2392 acu-

836 2445 913 2512 tam
938 2442 976 2510 et
1001 2435 1184 2530 subtilem,
1216 2457 1303 2510 uam
1329 2442 1496 2532 penetrat
1521 2437 1656 2532 omnia,
1681 2437 1729 2513 ad
1754 2459 1867 2532 quam
1892 2435 2008 2511 redu-

837 2563 974 2632 cuntur
993 2577 1124 2631 omnes
1140 2577 1282 2651 causae3
1303 2577 1393 2653 ergo
1413 2558 1508 2632 hene
1525 2557 1669 2634 diversa
1694 2557 1814 2654 gratia
1835 2557 1913 2650 Dei,
1935 2577 2008 2633 non

839 2675 1030 2752 diversitas
1068 2677 1299 2773 meritorum,
1330 2677 1393 2752 dat
1421 2677 1497 2752 istis
1525 2677 1774 2754 diversitatem
1806 2678 1945 2774 gloriae.
1960 2717 2009 2731 -

838 2802 1005 2872 Bostnon.
1039 2797 1104 2873 llic
1130 2797 1339 2872 Bernardus
1371 2797 1534 2873 declarat
1573 2819 1689 2872 unum
1729 2797 1828 2894 quod
1865 2798 2008 2874 dixerat

837 2939 961 3014 urpra,
986 2919 1132 3013 scilicet,
1158 2918 1257 3013 quod
1278 2918 1335 2992 isti
1352 2919 1494 3014 parvuli
1516 2919 1644 2994 sedent
1660 2919 1696 2993 in
1714 2919 1832 3016 gloria
1859 2925 2008 3015 prepter

836 3038 998 3113 aieuurn
1025 3038 1219 3113 moritum:
1237 3037 1296 3114 hic
1316 3059 1407 3135 ergo
1423 3047 1531 3114 autor
1548 3039 1706 3135 explicat
1722 3038 1910 3114 diversum
1929 3058 2009 3114 rne-

837 3158 950 3232 ritnm
976 3166 1170 3253 parentum
1188 3158 1227 3232 iu
1243 3157 1395 3235 diversis
1416 3159 1604 3254 oetatibus3
1624 3167 1663 3234 et
1683 3159 1853 3254 quamvis
1872 3160 1942 3233 hoc
1959 3157 2008 3232 sit

835 3279 1043 3374 expositum
1067 3278 1420 3376 aliqualiter'supra‚
1442 3285 1566 3356 tamen
1588 3279 1635 3354 ad
1653 3279 1848 3356 clariorem
1875 3277 2007 3353 intelli-

834 3402 995 3496 gentiam
1022 3405 1077 3474 est
1102 3400 1381 3494 praesciendum,
1400 3401 1500 3496 quod
1517 3400 1554 3474 in
1571 3401 1689 3495 prima
1706 3407 1815 3476 aetate
1835 3400 2008 3496 expedie-

835 3522 899 3596 lrat
919 3527 988 3596 etc.
1006 3521 1110 3595 Nunc
1135 3521 1182 3596 ad
1207 3519 1351 3596 lituram
1377 3521 1463 3597 dicit
1483 3527 1613 3596 autor:
1637 3527 1686 3594 ln
1703 3523 1784 3614 sade
1802 3524 2008 3615 Manent

835 3643 982 3716 miano
1005 3633 1049 3732 si,
1073 3640 1220 3736 scilicet,
1246 3640 1314 3715 illis
1339 3640 1501 3736 parvulis
1526 3642 1792 3736 innrrceutibus,
1818 3645 2008 3716 solamente

835 3782 902 3836 nort
932 3765 968 3834 lo
997 3764 1193 3836 innocenzn
1213 3783 1281 3855 nar
1305 3783 1392 3836 ouer
1415 3765 1538 3855 sonte,
1564 3762 1667 3856 idest,
1690 3762 1737 3837 ad
1763 3762 2005 3838 salrau'onenr

838 3883 1013 3978 ipsorum,
1039 3886 1096 3956 nei
1116 3885 1223 3956 secoli
1244 3887 1386 3974 recenti,
1410 3883 1504 3958 sicut
1536 3883 1572 3958 in
1602 3885 1721 3979 prima
1751 3891 1859 3960 aetale
1884 3891 1922 3960 et
1946 3905 2007 3960 se·

837 4003 957 4080 cunda
985 4025 1103 4098 usque
1126 4003 1322 4079 Abraham.
1342 4005 1386 4078 Et
1405 4005 1526 4080 subdit
1542 4004 1640 4078 aliud
1656 4004 1834 4080 meritum
1853 4006 2004 4081 alterius

836 4125 966 4220 etatis,
991 4125 1134 4201 diceus:
1159 4145 1349 4214 conuenae,
1366 4124 1512 4219 scilicet
1538 4145 1583 4200 er
1611 4132 1794 4222 precepto
1820 4125 1884 4202 liei
1911 4126 2006 4201 lanto

838 4244 956 4340 lure,
982 4248 1020 4318 ni
1044 4247 1175 4320 mucii
1190 4247 1368 4339 aequetur
1384 4248 1508 4320 odnrte
1522 4249 1583 4320 nll'
1593 4250 1769 4322 omnen
1780 4267 1906 4340 perure,
1936 4245 2006 4320 sci·

837 4366 933 4458 licet,
958 4365 1093 4460 quibus
1114 4367 1281 4442 volarent
1305 4367 1342 4442 in
1367 4367 1517 4462 coelum,
1537 4389 1606 4461 per
1630 4369 1877 4461 n‘rmnddern
1903 4365 2004 4460 idest,

834 4486 1018 4562 mediante
1042 4486 1337 4562 circumcisione:
1364 4494 1402 4563 ei
1428 4489 1508 4582 hoc,
1529 4491 1593 4582 poi
1620 4491 1680 4563 cle
1711 4491 1742 4562 le
1769 4490 1886 4581 nmmo
1914 4489 2007 4562 oiddi
2039 4575 2040 4578 Ν

833 4613 895 4702 sur
920 4611 1099 4703 commun,
1126 4608 1262 4684 scilicet
1290 4608 1385 4704 duae,
1402 4617 1441 4684 et
1469 4610 1567 4685 venit
1589 4611 1790 4684 Abraham
1816 4609 1861 4682 Et
1886 4607 2007 4682 subdit

832 4727 947 4802 alium
974 4729 1148 4804 meritum
1177 4729 1315 4804 ultimae
1340 4729 1468 4824 aetatis,
1485 4729 1629 4805 diceus:
1648 4751 1709 4803 ma
1727 4732 1780 4804 tol
1798 4731 2006 4802 encomia

835 4868 908 4920 non
930 4851 961 4920 si
985 4852 1117 4922 ritenne
1149 4839 1188 4922 n
1219 4845 1291 4940 nini,
1318 4849 1465 4944 scilicet,
1497 4851 1534 4923 in
1565 4850 1704 4924 mundo
1737 4856 1872 4942 vestro,
1897 4867 2006 4922 senza

835 4971 982 5063 perfetio
1006 4969 1223 5045 oansmodi
1243 4973 1368 5064 Crdsto,
1386 4977 1526 5044 etcum
1553 4969 1732 5065 baptismo
1760 4975 1859 5044 tenet
1885 4968 2005 5043 taliter
