4842 6642
760 769 899 827 caurus
924 773 1141 828 rnrcrsruus
1166 771 1310 827 snmus.
1546 759 1617 826 trs

444 919 612 992 velactus
629 917 716 1011 quia
738 936 811 990 nen
834 915 975 992 viderat
991 916 1207 1010 Beatricem‚
1226 915 1353 1011 petivit
1369 898 1472 991 illum
1491 937 1618 992 senem

443 1038 493 1113 de
517 1059 582 1132 ea,
608 1037 696 1133 quia
721 1036 820 1112 enim
837 1043 948 1112 autur
964 1037 1119 1112 credens
1140 1036 1266 1112 videre
1286 1036 1491 1114 Beatricem
1517 1037 1629 1113 vide-1

446 1163 504 1233 rat
528 1157 652 1232 virum
678 1175 818 1250 senem,
835 1155 918 1230 ideo
939 1176 1044 1230 more
1069 1155 1164 1231 illius
1188 1157 1253 1250 qui
1279 1155 1394 1232 credit
1420 1155 1620 1252 perdidisse

445 1297 552 1352 snam
573 1282 746 1369 scertam,
765 1275 898 1350 timens
922 1276 1011 1372 petit
1034 1297 1057 1350 a
1081 1275 1178 1350 dicto
1194 1295 1283 1351 sene
1300 1276 1346 1351 de
1363 1296 1408 1350 ea
1425 1296 1538 1351 causa
1557 1293 1619 1349 re·

445 1397 656 1493 cuperandi.
683 1396 803 1472 Unde:
829 1402 873 1488 li,
898 1399 1029 1470 dudio
1052 1397 1176 1488 subito,
1201 1396 1350 1491 scilicet,
1371 1396 1420 1471 ilii
1446 1396 1534 1489 seni,
1555 1416 1619 1470 nuc

445 1513 581 1592 della?
604 1523 642 1592 et
670 1516 846 1592 continue
876 1516 996 1590 subdit
1028 1515 1303 1612 responsionem
1336 1516 1443 1609 senis,
1473 1514 1617 1590 dicens:

445 1641 528 1713 nad'
541 1639 621 1730 enti,
640 1637 780 1734 supple,
797 1637 858 1712 iile
881 1657 995 1712 senex
1021 1635 1226 1732 respondit:
1253 1640 1412 1712 Beubicc
1432 1657 1545 1710 masse
1562 1656 1617 1708 me

446 1761 505 1833 del
526 1761 603 1831 loco
627 1761 711 1850 min,
729 1757 834 1853 quasi
853 1757 967 1832 dicat:
994 1756 1142 1832 Beatrix
1163 1756 1312 1832 recessit
1336 1776 1359 1831 a
1384 1762 1433 1850 te,
1457 1763 1494 1831 et
1518 1755 1618 1830 venit

446 1880 492 1954 ad
519 1899 592 1972 me,
618 1883 655 1954 et
680 1878 764 1954 iecit
789 1898 851 1953 me
877 1877 1004 1952 venire
1028 1876 1074 1952 ad
1100 1885 1149 1971 te,
1174 1897 1200 1948 a
1225 1881 1395 1952 terminer
1420 1880 1455 1951 ln
1480 1883 1538 1950 dte
1562 1878 1618 1950 di·

446 2004 533 2094 siro,
562 1999 665 2094 idest,
691 2019 802 2074 causa
828 1999 1034 2094 complendi
1059 1998 1283 2074 desiderium
1310 2005 1429 2092 tuum,
1457 2004 1499 2072 ut
1524 1997 1620 2072 scili·

446 2128 516 2214 cet,
535 2120 680 2195 videres
703 2141 893 2194 summum
912 2120 1065 2214 bonum,
1081 2119 1143 2194 cui
1163 2119 1297 2194 amodo
1319 2140 1359 2195 es
1381 2117 1617 2214 propinquus.

445 2239 550 2315 Unde
575 2245 661 2315 nota
686 2241 786 2334 quod
810 2241 904 2315 sicut
929 2241 1075 2315 Beatrir
1093 2239 1279 2315 descendit
1299 2239 1346 2314 ad
1367 2239 1549 2315 internum
1573 2237 1618 2312 ad

446 2359 652 2458 Virgilium,
671 2368 708 2436 et
729 2361 826 2435 misit
850 2362 970 2458 ipsum
996 2362 1033 2436 in
1059 2381 1279 2437 succursum
1299 2361 1451 2455 autoris,
1469 2361 1532 2457 qui
1552 2379 1618 2456 per

447 2501 488 2556 se
511 2502 586 2556 nnn
610 2488 755 2578 poterat
779 2483 882 2558 exire
908 2483 1041 2558 vallem
1067 2482 1262 2576 vitinrnm3
1289 2482 1340 2557 ita
1365 2503 1463 2557 nunc
1488 2503 1618 2557 ascen·

448 2600 500 2674 dit
523 2601 571 2676 ad
596 2602 838 2697 Bernardum,
864 2623 975 2698 quem
1002 2602 1099 2676 misit
1131 2601 1168 2675 in
1198 2602 1362 2677 favorem
1390 2602 1530 2677 autoris
1555 2601 1619 2696 qui

450 2742 516 2817 per
542 2743 583 2798 se
609 2742 682 2797 nnn
706 2729 851 2819 poterat
875 2722 1073 2799 ascendere
1096 2722 1143 2797 ad
1169 2722 1341 2796 ultimum
1368 2721 1477 2797 tinem
1503 2721 1619 2797 beati·

451 2842 596 2917 tudinis.
615 2843 660 2916 lit
675 2843 797 2918 subdit
813 2843 913 2938 qnod
930 2844 1077 2918 Beatrir
1094 2843 1255 2918 ascendit
1272 2843 1396 2919 sedem
1420 2843 1618 2940 propriam,

453 2964 549 3037 unde
574 2962 707 3039 melius
739 2964 849 3059 pessit
879 2964 1118 3060 contemplari
1148 2965 1279 3058 Ueum,
1309 2965 1453 3040 dicens:
1478 2986 1498 3037 e
1522 2970 1557 3037 tu
1582 2966 1620 3037 la

449 3085 608 3157 rivedrci
632 3088 692 3159 nel
713 3091 830 3176 trnno,
847 3085 950 3179 idest,
976 3086 1014 3158 in
1040 3085 1257 3178 sedenter·
1280 3089 1358 3160 suoi
1377 3089 1478 3160 marti
1493 3089 1525 3160 le
1539 3107 1621 3160 sor·

450 3207 535 3295 tiro,
550 3204 652 3298 idest,
673 3204 736 3299 qui
755 3205 910 3278 threnus
935 3206 1066 3281 merito
1091 3205 1157 3278 sibi
1183 3205 1384 3280 destinatus
1410 3212 1488 3300 est;
1509 3212 1547 3282 et
1570 3205 1624 3281 di·

449 3325 514 3400 cit:
534 3328 754 3418 commercii
776 3346 818 3398 su
842 3328 901 3399 nel
923 3333 1021 3399 terzo
1045 3329 1127 3417 niro
1151 3327 1216 3399 dcl
1239 3347 1375 3400 sommo
1398 3329 1526 3418 drudo.
1549 3327 1625 3402 Hoc

448 3444 695 3520 declarabitur
722 3446 844 3520 statim
870 3445 906 3521 iu
932 3446 1090 3542 capitulo
1115 3446 1296 3539 sequenti,
1322 3445 1383 3518 ubi
1408 3445 1623 3520 ostendetur

448 3565 637 3661 quomodo
662 3565 699 3640 in
725 3566 833 3642 tertio
858 3567 977 3664 gradu
1003 3566 1105 3641 sedet
1130 3566 1276 3660 Rachel,
1303 3585 1387 3661 qrrae
1420 3565 1621 3661 figuraliter

448 3686 625 3780 accipitur
649 3707 718 3781 pro
744 3686 818 3760 sita
850 3685 1142 3782 contemplativa,
1168 3706 1256 3760 curn
1290 3705 1364 3780 qna
1398 3685 1530 3760 merito
1566 3691 1622 3760 est

448 3807 585 3881 sociata
610 3806 771 3902 Beatrix,
797 3829 881 3902 quae
908 3807 1068 3881 maxime
1093 3813 1148 3882 est
1174 3807 1324 3881 lundata
1350 3812 1386 3880 et
1413 3805 1557 3881 firmata
1584 3806 1620 3879 in

448 3927 766 4022 contemplatione.
794 3927 894 4002 Unde
910 3926 987 4022 ipsa
1004 3927 1152 4001 Beatrix
1168 3925 1255 4001 dicit
1275 3925 1436 4002 seeundo
1461 3925 1621 4020 capitulo

449 4047 604 4122 lnierni:
622 4050 674 4121 ct'
685 4051 722 4120 in
740 4051 790 4122 mi
804 4050 908 4120 sedec
924 4069 991 4121 con
1008 4051 1161 4121 lendan
1181 4049 1337 4122 nannete.
1350 4087 1400 4102 -
1413 4052 1539 4121 Senza.
1557 4047 1622 4121 Hic

448 4174 560 4242 autor
585 4167 741 4242 ostendit
762 4168 950 4262 quomode
966 4167 1012 4240 ad
1031 4168 1144 4242 rerba
1158 4167 1335 4243 Bernnrdi
1357 4168 1474 4242 iactus
1493 4164 1622 4240 avidus

450 4287 640 4362 revidendi
664 4286 885 4380 Beatricem,
912 4286 1033 4361 statim
1053 4287 1172 4361 erexit
1190 4287 1307 4361 visum
1326 4307 1488 4380 sursum,
1507 4293 1544 4360 et
1561 4285 1625 4360 de-

449 4407 577 4483 scribit
602 4409 751 4502 qualem
779 4407 910 4482 viderit
934 4427 1029 4481 eam.
1053 4406 1153 4482 Unde
1177 4408 1281 4482 dicit:
1300 4412 1341 4482 lo
1358 4410 1449 4482 lecal
1463 4409 1515 4499 qli
1530 4409 1625 4480 cccli

449 4549 505 4618 su,
522 4527 670 4622 scilicet,
688 4527 961 4622 intellectuales,
973 4549 1082 4601 serua
1098 4530 1299 4621 menander,
1315 4528 1451 4604 scilicet
1466 4526 1514 4601 illi
1533 4525 1622 4600 seni.

451 4649 553 4724 Unde
579 4635 783 4724 benedicit
808 4648 941 4723 isaias:
968 4649 1103 4723 Sedebit
1132 4651 1310 4722 solitarius
1334 4657 1367 4722 et
1390 4649 1511 4722 tacebit
1540 4650 1622 4739 quia

449 4771 578 4842 levavit
600 4791 638 4842 se
662 4790 776 4863 supra
798 4792 845 4844 se.
872 4769 909 4843 Si
930 4789 1021 4866 ergo
1041 4769 1175 4843 Uantes
1192 4769 1272 4864 J'am
1295 4789 1335 4844 se
1353 4769 1541 4844 levaverat
1557 4787 1622 4840 su·

450 4912 517 4987 pra
544 4911 650 4964 suam
678 4896 861 4984 naturam,
889 4896 930 4964 ut
956 4888 1071 4983 patuit
1096 4888 1256 4984 capitula
1281 4887 1511 4984 precedenti,
1540 4885 1621 4962 ideo
