4842 6642
791 818 862 885 200
1119 912 1122 919 Ι
1184 832 1391 891 COMENTUM
1416 835 1582 890 rfflbnlsr

791 974 829 1047 in
864 974 968 1051 brevi
999 975 1070 1051 erit
1099 977 1146 1052 de
1181 977 1289 1074 iacto,
1317 1002 1387 1074 per
1423 983 1544 1055 durrat
1575 984 1689 1075 colpe,
1719 979 1822 1072 idest,
1850 977 1966 1053 ictum

789 1102 825 1169 et
852 1095 1032 1191 impetum
1058 1097 1228 1195 tortunae,
1248 1107 1285 1174 et
1307 1121 1381 1176 non
1406 1101 1548 1197 levem3
1574 1101 1673 1176 unde
1696 1100 1794 1193 dicit,
1812 1102 1864 1173 tut
1885 1092 1971 1172 cd'c*

784 1210 849 1309 pid
873 1206 999 1309 mave,
1024 1218 1170 1315 scilicet,
1196 1229 1337 1316 quanto
1363 1223 1526 1298 velocius
1551 1222 1661 1317 venit,
1687 1222 1775 1317 quia
1801 1241 1875 1295 non
1900 1239 1967 1315 po-

792 1343 862 1411 test
887 1336 937 1411 ita
964 1338 1117 1414 faciliter
1143 1340 1339 1435 provideri,
1357 1341 1451 1417 sicut
1475 1342 1506 1417 si
1530 1342 1651 1417 adbuc
1670 1341 1967 1437 praestoiaretur;

790 1463 828 1530 et
852 1456 948 1551 dicit,
974 1479 999 1530 a
1023 1461 1078 1533 ciri
1104 1454 1168 1553 piri
1199 1462 1463 1556 s'abdcndonu,
1496 1463 1635 1558 supple,
1661 1465 1699 1536 et
1731 1461 1826 1536 bene
1859 1458 1967 1534 video

791 1577 890 1671 quod
915 1579 988 1653 tate
1015 1587 1160 1676 tempus
1184 1582 1433 1678 impetuosum
1460 1584 1535 1657 ruit
1568 1584 1606 1657 in
1639 1604 1719 1677 me;
1745 1592 1784 1659 et
1808 1588 1862 1657 est
1888 1599 1969 1654 me·

793 1698 945 1792 tapbora
972 1700 1100 1795 pulcre
1118 1706 1154 1775 et
1172 1702 1319 1797 propria
1343 1710 1491 1799 sumpta
1505 1724 1530 1778 a
1546 1703 1712 1798 feriente,
1729 1704 1793 1799 qui
1819 1700 1968 1798 quando

792 1821 889 1891 totus
915 1817 1094 1894 incumbit
1109 1815 1145 1913 (¹)
1169 1822 1206 1896 iu
1224 1823 1358 1898 vulnus
1386 1823 1468 1899 totis
1494 1824 1633 1900 viribus
1650 1830 1687 1899 et
1704 1829 1781 1899 toto
1798 1840 1968 1917 corpore,

792 1940 908 2037 magis
933 1941 1030 2016 laedit
1055 1948 1093 2016 et
1117 1942 1248 2017 durius
1273 1946 1471 2040 prosternit
1502 1946 1709 2039 inimicum;
1736 1946 1786 2021 ita
1810 1966 1834 2018 a
1859 1941 1968 2017 simili

791 2061 869 2133 vuit
895 2061 1018 2137 dicere
1042 2068 1163 2159 autor,
1189 2064 1337 2140 fortuna
1367 2065 1497 2140 laxatis
1529 2066 1691 2160 habenis,
1718 2072 1795 2139 toto
1828 2067 1965 2138 conatu

792 2180 946 2255 incurrit
972 2183 1009 2257 in
1035 2204 1107 2279 me,
1134 2190 1171 2259 et
1196 2183 1350 2260 intentat
1374 2185 1498 2260 omnia
1528 2206 1596 2260 sua
1626 2206 1743 2279 arma,
1769 2183 1874 2277 idest,
1899 2201 1969 2255 no-

792 2310 966 2377 cumenta
996 2311 1124 2379 contra
1150 2324 1228 2399 me;
1254 2310 1292 2379 et
1318 2312 1419 2380 tanto
1448 2305 1589 2400 iortius,
1614 2312 1754 2401 quanto
1783 2304 1882 2379 videt
1906 2321 1970 2376 me

792 2422 980 2498 fortiorem
1008 2431 1045 2498 et
1069 2424 1368 2520 constantiorem,
1386 2425 1504 2521 etqui
1522 2446 1595 2499 non
1612 2425 1786 2501 caderem
1803 2424 1849 2499 de
1870 2405 1969 2497 facili

790 2544 838 2619 ad
863 2545 983 2619 levem
1010 2544 1124 2619 ictum
1158 2545 1248 2619 eius.
1284 2546 1387 2621 Unde
1415 2546 1554 2621 subdit:
1575 2542 1730 2639 percb'e‘
1750 2546 1842 2620 buon
1866 2544 1968 2617 cb’io

794 2668 839 2737 m'
853 2668 949 2739 armi
971 2667 1010 2738 di
1031 2668 1267 2760 prouidmzo,
1295 2667 1400 2759 quasi
1425 2666 1538 2741 dicat:
1565 2671 1713 2762 propter
1746 2665 1844 2761 quod
1877 2662 1970 2737 utile

796 2792 852 2860 est
883 2784 983 2879 quod
1020 2805 1091 2881 ego
1119 2786 1363 2881 praemuniam
1399 2806 1460 2861 me
1491 2787 1698 2883 provisione
1727 2792 1855 2860 contra
1885 2783 1968 2855 boc.

792 2904 837 2977 Et
862 2903 1018 2979 ostendit
1042 2903 1088 2979 de
1114 2926 1189 2999 quo
1215 2905 1261 2979 sit
1285 2905 1352 2979 sibi
1378 2906 1541 2981 maxime
1558 2905 1773 2999 timendum,
1791 2909 1828 2979 et
1845 2898 1971 2999 arguit

792 3024 863 3099 sic:
891 3024 921 3097 si
946 3044 1016 3121 ego
1042 3026 1169 3120 pulsus
1193 3047 1217 3100 a
1242 3026 1382 3101 civibus
1409 3027 1500 3101 meis
1524 3026 1571 3101 de
1597 3026 1713 3121 patria
1738 3023 1885 3121 propria
1913 3021 1971 3095 ia·

792 3143 888 3218 ciam
923 3144 1010 3218 mibi
1045 3150 1241 3219 extraneos
1273 3146 1432 3239 infestos,
1465 3146 1656 3221 scribendo
1688 3144 1830 3237 decis,
1866 3148 1971 3217 certe

793 3284 867 3338 non
892 3263 1074 3338 inveniam
1101 3265 1225 3339 iocum
1243 3266 1280 3337 in
1298 3266 1423 3359 terris;
1446 3265 1545 3341 unde
1560 3265 1665 3339 dicit:
1683 3258 1713 3339 si
1729 3268 1790 3338 cue
1808 3286 1847 3337 se
1863 3266 1970 3353 tuopo

788 3378 851 3475 piri
875 3405 963 3457 caro
989 3380 1068 3459 m'e*
1091 3388 1186 3477 totto,
1212 3386 1360 3480 scilicet,
1385 3387 1502 3481 patria
1528 3406 1623 3481 mea,
1648 3388 1684 3459 io
1707 3406 1781 3459 non
1808 3384 1972 3477 perderet

792 3504 843 3594 pli
867 3506 964 3598 utut,
993 3504 1096 3599 idest,
1122 3506 1242 3580 aliena
1268 3506 1360 3600 loca,
1374 3528 1441 3600 per
1459 3510 1538 3579 miei
1553 3508 1680 3597 carm,
1697 3504 1802 3598 idest,
1820 3508 1971 3599 propter

793 3644 896 3699 meos
922 3645 1052 3698 versus
1078 3624 1275 3699 maledicos
1301 3632 1338 3700 et
1362 3625 1629 3720 infamatorios3
1655 3623 1761 3719 quasi
1781 3624 1879 3698 dicat
1898 3642 1969 3695 au·

792 3863 883 3938 dere
908 3863 1044 3937 alienas
1069 3864 1188 3939 dando
1215 3886 1363 3940 causam
1395 3864 1649 3961 indgnationis
1678 3871 1714 3938 ct
1747 3864 1812 3939 irae
1843 3861 1971 3937 multis

792 3984 1002 4080 potentibus
1028 3985 1125 4059 maie
1154 3984 1347 4059 scribendo
1371 3985 1418 4059 de
1442 3985 1506 4060 eis.
1521 4026 1570 4039 -
1585 3980 1651 4059 cit
1674 3990 1802 4079 perio
1828 3985 1969 4057 ruendo.

793 4104 859 4179 Hic
883 4111 992 4179 autor
1018 4104 1166 4199 exponit
1192 4126 1303 4179 suum
1329 4126 1455 4198 casum
1475 4113 1520 4180 et
1545 4106 1720 4201 partitum
1738 4107 1969 4201 perplexum,

793 4230 831 4300 et
847 4225 973 4322 arguit
985 4246 1007 4300 a
1021 4225 1215 4301 sufficienti
1228 4225 1415 4321 divisione,
1427 4225 1506 4300 sive
1523 4225 1607 4301 iacit
1624 4227 1815 4319 diiemma3
1830 4234 1869 4301 et
1885 4226 1973 4299 bre·

794 4344 889 4419 viter
914 4344 993 4419 vuit
1017 4344 1159 4419 dicere:
1186 4344 1216 4417 si
1242 4365 1312 4441 ego
1338 4344 1459 4420 retem
1485 4351 1522 4419 et
1547 4346 1713 4420 describo
1734 4348 1863 4439 muita,
1885 4364 1973 4439 quae

794 4466 919 4541 audivi
944 4464 1184 4540 discurrendo
1197 4456 1235 4557 (²)
1261 4486 1327 4560 per
1353 4464 1550 4559 internum,
1576 4466 1832 4562 purgatorium
1851 4474 1888 4540 et
1906 4485 1974 4559 pa-

797 4585 972 4678 radisum,
1000 4585 1111 4659 timeo
1139 4584 1293 4659 reddere
1319 4604 1380 4658 me
1405 4584 1572 4659 odiosum
1609 4585 1752 4677 muitis;
1782 4592 1820 4661 et
1850 4586 1879 4659 si
1912 4605 1975 4659 re·

796 4703 892 4779 ticeo
918 4706 976 4780 vei
1002 4711 1193 4799 praetereo,
1212 4704 1324 4777 timeo
1342 4704 1497 4799 perdere
1514 4703 1649 4778 tamam
1672 4705 1771 4799 apud
1793 4713 1973 4801 posteros,

859 4958 888 5022 (¹)
904 4959 930 5011 S.
947 4960 1072 5013 incubuit.
1385 4961 1413 5025 (¹)
1429 4963 1460 5013 Β.
1477 4963 1633 5015 discurrent.
