4842 6642
753 763 824 832 522
1143 773 1347 830 conemini
1372 772 1539 829 vmntst

750 913 835 1012 oosi,
861 919 967 1012 idest,
993 920 1088 996 siout
1111 920 1303 1015 Neptunus
1328 917 1535 994 mirabatur
1556 923 1594 994 et
1613 917 1788 994 continno
1813 917 1928 994 mira-

749 1047 826 1135 tur,
853 1039 1001 1134 quondo
1026 1039 1124 1116 videt
1138 1033 1176 1132 (¹)
1200 1038 1377 1116 nontinuo
1410 1038 1548 1114 intinitn
1583 1037 1758 1134 pericula,
1786 1040 1929 1116 innom-

754 1160 876 1256 mom,
900 1160 1047 1236 nffsnnn
1071 1166 1109 1236 et
1134 1158 1327 1256 naufragia
1353 1159 1572 1234 mavis-A
1590 1161 1716 1254 quein
1735 1160 1802 1236 Hie
1817 1166 1927 1237 notor

751 1282 883 1377 probat
907 1300 1027 1376 quaro
1055 1301 1130 1355 non
1154 1287 1300 1375 poteret
1325 1279 1372 1356 ad
1397 1279 1497 1355 atiud
1516 1280 1715 1356 videndum
1736 1280 1929 1358 attendero

751 1402 810 1479 vel
834 1401 1035 1497 intendere,
1061 1401 1257 1477 ostendens
1282 1399 1460 1477 virtutem
1488 1401 1676 1478 efficacem
1705 1400 1785 1476 talis
1817 1401 1928 1476 visio-

751 1522 818 1618 nis,
844 1523 944 1599 unde
966 1521 1071 1598 dicit:
1109 1523 1209 1596 Cotot
1229 1524 1263 1595 si
1285 1523 1426 1598 diventa
1463 1542 1487 1595 a
1513 1523 1627 1614 poeta
1656 1524 1742 1616 hine,
1779 1521 1926 1617 scitioet,

751 1643 897 1737 divinae,
927 1645 989 1719 ete
1013 1645 1172 1736 ,volperst
1203 1644 1254 1717 dn
1294 1645 1350 1736 tei,
1381 1641 1485 1738 idest,
1511 1661 1707 1718 removere
1733 1641 1852 1718 visum
1879 1643 1928 1718 ab

751 1763 829 1859 ipss
854 1764 950 1858 lune,
972 1785 1039 1857 per
1062 1766 1158 1838 altro
1182 1769 1329 1856 «spatio,
1357 1761 1461 1857 idest,
1487 1767 1638 1858 propter
1666 1761 1845 1836 visionem
1871 1763 1926 1837 st·

753 1883 869 1960 terius
900 1882 955 1958 rei
988 1883 1163 1976 nonem,
1188 1881 1327 1978 pulovae
1351 1883 1411 1958 vel
1442 1881 1674 1976 delectabilis,
1697 1878 1717 1956 e*
1738 1883 1929 1976 impositio
2074 1866 2077 1872 '

756 2007 816 2079 ete
840 2006 915 2078 mni
936 2007 969 2078 si
991 2010 1176 2098 comeum
1201 2009 1240 2078 et
1265 2001 1383 2078 reddit
1399 2001 1575 2099 optimam
1594 2002 1774 2078 rationem
1797 2023 1925 2098 quave,

754 2123 897 2202 dicens:
910 2115 997 2217 pero
1008 2125 1100 2198 cite’t
1109 2125 1194 2197 bene
1203 2119 1283 2199 ot'e'
1293 2123 1416 2198 οὸίείίο
1427 2125 1486 2198 det
1497 2126 1615 2217 pedor,
1630 2123 1808 2220 intelligas
1822 2123 1923 2199 visus
1938 2197 1940 2202 ,

755 2243 1033 2339 intellectualis3
1062 2243 1203 2319 bonnm
1230 2243 1329 2318 enim
1355 2251 1410 2321 eo
1442 2243 1627 2320 obiectum
1661 2243 1856 2318 votunntis
1890 2249 1926 2319 et

756 2365 981 2460 intellectum
1007 2366 1110 2440 color
1133 2369 1262 2440 autem
1287 2370 1343 2439 est
1367 2364 1555 2440 obiectum
1572 2365 1692 2460 visus3
1723 2364 1782 2440 vei
1808 2363 1865 2440 dio
1891 2369 1928 2440 et

733 2475 737 2483 ’
757 2485 901 2580 melius,
911 2481 988 2559 nt'e'
996 2487 1055 2558 oet
1068 2486 1166 2558 ooor
1182 2483 1318 2578 otono,
1334 2483 1384 2560 ita
1398 2485 1496 2560 enim
1515 2483 1656 2560 bonum
1668 2490 1725 2560 mt
1741 2483 1930 2560 ohmntnm

757 2605 967 2700 voluntatis,
987 2604 1082 2680 sicut
1097 2604 1200 2680 color
1216 2610 1273 2679 est
1291 2603 1479 2680 obiectum
1494 2604 1612 2699 onnii;
1634 2611 1717 2678 tutto
1733 2608 1763 2678 ε’
1775 2607 1929 2696 ncooptie

754 2730 796 2802 in
819 2728 876 2817 tet,
903 2725 1003 2820 idest,
1030 2730 1150 2800 totum
1174 2723 1285 2800 simui
1303 2731 1358 2832 est
1374 2723 1411 2801 in
1429 2723 1489 2801 ills
1509 2725 1592 2800 lnoe
1608 2723 1750 2821 divina3
1768 2732 1806 2800 et
1822 2725 1927 2800 dicit:

753 2868 772 2921 e
801 2838 855 2921 citi
879 2839 965 2920 otte
987 2848 1135 2940 perfetio
1164 2837 1412 2940 liedifettioo
1433 2847 1520 2940 litor
1553 2846 1592 2920 di
1626 2846 1752 2938 puella,
1779 2845 1925 2940 scilicet,

755 2973 863 3043 extra
887 2967 1008 3042 iucem
1025 2966 1206 3059 divinam3
1224 2985 1310 3041 nom
1328 2964 1531 3062 perfeetum
1550 2970 1606 3040 est
1623 2965 1683 3040 cui
1705 2957 1792 3039 nihii
1812 2964 1925 3060 deest,

755 3093 794 3162 ot
810 3092 867 3162 est
883 3106 949 3183 per
965 3107 1007 3162 se
1023 3086 1143 3183 ipsum
1161 3084 1365 3179 sufficiens;
1384 3084 1464 3160 talis
1481 3089 1607 3160 antem
1628 3091 1684 3160 est
1700 3085 1799 3160 sotus
1817 3085 1925 3160 neus.

756 3205 795 3282 Si
819 3227 911 3304 ergo
935 3227 1047 3282 omne
1066 3205 1205 3295 bonum
1224 3205 1370 3281 videtur
1386 3204 1497 3280 simul
1517 3209 1555 3280 et
1571 3203 1732 3300 periente
1749 3203 1809 3300 ibi,
1828 3205 1927 3300 quod

757 3324 900 3402 divisim
916 3317 954 3418 (²)
974 3331 1013 3402 et
1031 3325 1211 3401 diminute
1229 3324 1376 3402 videtur
1395 3324 1492 3420 aiibi,
1509 3345 1740 3420 consequens
1756 3333 1811 3402 est
1829 3327 1929 3422 qnod

759 3446 860 3522 nutio
885 3447 996 3521 modo
1021 3445 1133 3542 possit
1157 3445 1342 3522 removeri
1372 3445 1420 3520 ab
1449 3445 1511 3522 ilio
1535 3465 1684 3522 summo
1714 3447 1813 3523 bono
1842 3467 1933 3544 pro·

758 3573 841 3662 pter
864 3565 965 3642 aliud
989 3567 1129 3642 honum
1150 3565 1359 3664 dependens
1381 3567 1430 3643 nb
1454 3563 1527 3644 iilo.
1540 3571 1721 3643 -'Omnt.
1739 3569 1805 3644 Hic
1822 3555 1931 3645 autor

759 3685 916 3762 ostendit
932 3686 1031 3782 qnod
1048 3687 1184 3763 amodo
1204 3687 1275 3762 erit
1299 3686 1522 3763 insufficiens
1540 3693 1719 3762 tractatus
1735 3687 1816 3763 eius
1833 3689 1933 3765 circo

760 3805 850 3882 itind
875 3807 1062 3883 modicum
1087 3807 1186 3904 quod
1207 3807 1436 3901 recordatur,
1463 3807 1550 3903 quin
1576 3827 1650 3883 non
1675 3815 1797 3905 posset
1823 3809 1932 3907 digne

761 3927 862 4022 ioqui
886 3927 933 4003 de
957 3927 1020 4003 tati
1045 3927 1213 4022 materia,
1234 3947 1300 4023 per
1322 3948 1432 4004 nnnm
1460 3928 1773 4024 comparationem
1802 3930 1932 4005 domo-

762 4045 890 4123 stionm
915 4055 954 4123 et
977 4049 1116 4124 claram
1140 4047 1187 4124 de
1212 4047 1390 4123 infantulo
1415 4047 1479 4144 qui
1504 4045 1619 4124 noscit
1645 4047 1768 4124 adhuc
1793 4047 1933 4126 ortico-

762 4169 835 4246 inte
859 4168 979 4264 ioqui3
1004 4168 1089 4244 dicit
1113 4189 1224 4266 orgo:
1248 4171 1323 4242 Min
1345 4171 1477 4264 [noetio
1501 4159 1591 4243 sorti
1616 4171 1712 4244 omni
1733 4166 1795 4265 pisi
1819 4178 1944 4264 Μία,-

761 4287 865 4384 idest,
890 4287 1103 4385 imperfecta
1126 4293 1165 4364 ot
1188 4288 1424 4383 insufficiens,
1438 4309 1511 4383 pm·
1527 4311 1553 4364 a
1568 4293 1649 4383 poet
1662 4291 1759 4365 oi’io
1776 4293 1934 4382 noerae,

762 4407 865 4503 idest,
891 4409 1011 4483 sotum
1038 4415 1218 4504 qnantum
1249 4407 1296 4483 ad
1328 4407 1426 4482 iliam
1463 4417 1606 4504 partem
1641 4409 1799 4506 visionis,
1830 4411 1936 4486 onius

764 4527 883 4604 nabeo
908 4527 1140 4624 memoriam,
1165 4529 1227 4603 eie
1255 4530 1292 4602 (ἴ
1304 4549 1353 4604 nn
1381 4532 1493 4623 sonte,
1521 4528 1622 4624 idest,
1649 4551 1762 4625 quam
1789 4530 1936 4625 ioqneln

765 4646 921 4744 infantis,
947 4650 1008 4723 cie
1038 4650 1146 4740 inpio
1174 4669 1288 4722 nnoor
1313 4651 1350 4724 tn
1380 4651 1502 4740 &pun
1530 4653 1604 4724 atta
1635 4653 1848 4743 mammetis,
1874 4652 1937 4746 qui

769 4923 773 4932 ·
829 4911 858 4975 (²)
873 4912 905 4962 Ε.
920 4913 991 4965 videt
1006 4913 1113 4966 infinito.
1302 4913 1328 4977 ξ’)
1344 4913 1376 4966 1¹.
1392 4913 1503 4965 divisum
1518 4919 1547 4966 nt
1561 4913 1719 4965 diminutum
1734 4913 1846 4966 videtur.
