4842 6642
834 855 972 912 caurus
997 855 1154 912 monus
1178 856 1322 910 namus.
1614 843 1662 912 dd

488 1005 642 1078 muco
676 1005 732 1076 oet
761 1004 799 1075 tn
828 1003 954 1076 etone
983 1009 1035 1076 est
1056 1009 1126 1078 etc
1154 1001 1248 1076 Nota
1279 1000 1390 1075 etiam
1422 1002 1522 1095 quod
1551 1009 1663 1078 auton

489 1123 642 1218 sumpsit
666 1121 898 1198 occasionem
924 1121 1077 1198 faciendi
1103 1121 1211 1198 ntum
1232 1120 1558 1216 reprehensionem
1579 1128 1663 1198 stu·

487 1243 635 1318 diorum
655 1241 941 1336 mundanorum,
959 1242 995 1316 in
1012 1241 1372 1318 commendationem
1388 1241 1458 1336 sui,
1477 1242 1564 1336 quia
1579 1250 1662 1318 erat

488 1383 590 1440 nnnc
618 1361 656 1438 in
684 1381 792 1458 spera
817 1362 913 1457 sotis,
940 1363 977 1436 in
1010 1383 1084 1456 qua
1112 1369 1200 1438 sunt
1231 1360 1403 1446 doctores
1435 1360 1570 1457 magni,
1598 1363 1663 1457 qui

490 1484 642 1560 munt
666 1482 731 1557 toti
758 1482 981 1578 speculativi.

551 1605 634 1678 -Poi
656 1603 716 1676 cde
740 1604 913 1676 maruno.
941 1603 1011 1678 lstn
1037 1609 1092 1676 est
1116 1601 1278 1678 secunda
1302 1622 1388 1696 para
1415 1600 1598 1699 generalis
1613 1595 1662 1696 (¹),

492 1726 530 1800 in
552 1747 630 1820 qna
651 1730 765 1798 autor
791 1723 986 1799 introducit
1010 1723 1188 1798 Thomam
1212 1723 1261 1799 de
1284 1723 1441 1818 Aquino,
1462 1723 1527 1818 qui
1548 1721 1664 1820 tangit

492 1845 568 1920 duo
585 1843 697 1920 dubia
716 1843 899 1920 moventia
918 1851 1078 1920 mentem
1097 1844 1257 1918 autoris:
1271 1852 1309 1919 et
1326 1842 1445 1938 primo
1463 1843 1663 1918 revertitur

491 1965 538 2040 ad
554 1964 783 2060 propositum
800 1965 994 2041 ostendens
1012 1964 1169 2059 qualiter
1186 1970 1311 2038 motus
1324 1971 1361 2038 et
1372 1969 1503 2038 cantus
1515 1962 1662 2037 iliarum

492 2086 701 2162 animarum
729 2084 878 2181 quievit,
899 2091 939 2159 ut
963 2084 1094 2160 darent
1119 2085 1277 2180 spatium
1302 2077 1504 2177 reomau)
1523 2085 1660 2160 iterum

488 2206 662 2302 loquendi
688 2227 775 2282 curn
802 2206 944 2280 autore.
971 2205 1081 2278 ismm
1100 2209 1234 2280 autem
1259 2203 1521 2298 quietationem
1553 2211 1663 2280 autor

490 2327 646 2422 explicat
671 2347 738 2422 per
762 2325 1075 2421 comparationem
1101 2325 1241 2400 claram
1266 2323 1409 2400 dicens:
1435 2331 1473 2400 et
1497 2324 1564 2421 ipsi
1589 2325 1663 2422 spi-

492 2447 585 2522 ritus
609 2447 868 2542 predictorum
898 2445 1105 2539 doctorum,
1135 2447 1300 2540 formonsi
1331 2465 1428 2518 come
1456 2448 1604 2521 οαηάοῐο
1634 2467 1662 2518 o

489 2567 691 2660 condettier,
710 2571 748 2642 et
764 2565 989 2660 comparatio
1005 2573 1061 2640 est
1076 2566 1237 2660 propria,
1256 2565 1431 2661 quoniam
1452 2565 1510 2641 isti
1533 2566 1661 2642 docto·

493 2707 551 2764 res
574 2687 727 2762 fuerunt
747 2686 918 2762 ardentes
942 2691 982 2761 et
1006 2685 1170 2760 lucentes
1191 2685 1271 2760 aliis
1294 2685 1389 2760 sicut
1413 2684 1577 2779 candela,
1590 2706 1663 2762 noc

491 2806 762 2884 absconderunt
785 2805 978 2882 lucernam
1004 2805 1074 2880 sub
1105 2805 1239 2899 modio,
1261 2808 1325 2899 poi
1351 2807 1412 2880 cte
1435 2809 1599 2880 domno
1621 2811 1663 2901 [r

493 2935 636 3002 omno
660 2931 719 3002 uei
736 2935 844 3021 punto
867 2930 926 3002 det
947 2929 1095 3017 ceretio,
1118 2929 1156 3000 tn
1182 2929 1243 3000 cite
1265 2929 1388 3001 amnti
1413 2931 1442 3000 s’
1455 2949 1534 3019 era,
1558 2929 1662 3022 idest,

491 3055 685 3144 postquam
712 3047 845 3144 singuli
867 3046 1018 3143 spiritus
1045 3047 1183 3122 reversi
1209 3046 1360 3122 inerunt
1381 3048 1428 3121 ad
1451 3049 1575 3123 iocum
1598 3049 1663 3124 ubi

490 3168 593 3263 prius
617 3171 734 3262 erant,
760 3173 797 3242 et
828 3167 925 3242 unde
957 3167 1058 3262 prius
1090 3166 1179 3242 moti
1210 3174 1327 3242 erant.
1341 3207 1391 3222 -
1407 3160 1485 3242 dori
1515 3173 1661 3244 cnm’io.

490 3271 556 3364 nic
577 3294 689 3362 autor
714 3287 816 3383 ponit
832 3287 1037 3362 orationem
1055 3287 1204 3362 Thomae
1221 3289 1268 3362 ad
1285 3309 1336 3383 se,
1354 3289 1392 3364 in
1409 3310 1484 3384 qua
1504 3289 1664 3366 ostendit

488 3407 590 3502 quod
616 3407 802 3504 cognoscit
828 3415 988 3484 mentem
1014 3408 1156 3484 autoris
1182 3409 1379 3504 respiciens
1404 3410 1442 3483 in
1467 3410 1599 3504 Deum,
1623 3409 1664 3486 in

488 3547 565 3623 quo
590 3534 689 3622 patet
704 3545 817 3604 omne
836 3535 1022 3604 secretum
1045 3528 1187 3604 montis.
1208 3529 1254 3603 Et
1269 3528 1390 3624 primo
1407 3529 1523 3626 tangit
1541 3529 1664 3624 dispo-

490 3648 658 3724 sitionem
684 3649 835 3724 Thoante
859 3647 1002 3724 dicens:
1027 3656 1060 3723 et
1083 3653 1118 3724 to
1142 3652 1240 3724 serui
1264 3652 1390 3724 dmtro
1413 3671 1439 3723 a
1463 3652 1579 3742 podio
1608 3653 1664 3726 in·

490 3771 616 3861 odero
642 3768 745 3862 idest,
771 3769 932 3845 animam
960 3769 1193 3864 luminosam,
1219 3773 1280 3844 cte
1301 3774 1386 3864 prr'n
1405 3774 1555 3846 m’ooco
1572 3794 1664 3865 por·

492 3891 749 3984 imoimo,
774 3890 812 3966 in
836 3891 976 3968 Thomu
1002 3891 1049 3966 de
1072 3891 1229 3986 Aquino,
1260 3895 1503 3986 mirmur,
1534 3894 1663 3988 supple

491 4011 604 4108 ioqui,
629 4014 852 4106 conridendo,
876 4031 924 4086 ex
945 4011 988 4086 iis
1007 4033 1093 4106 quoe
1111 4018 1225 4088 autor
1240 4011 1383 4088 dixerat
1399 4013 1437 4087 in
1453 4020 1578 4088 mente
1594 4035 1663 4089 sua

491 4137 620 4206 contra
644 4131 764 4208 studia
790 4132 981 4208 hominurn
1009 4133 1055 4208 ad
1080 4134 1440 4210 commendationem
1457 4135 1514 4208 sui
1531 4134 1663 4230 studii;

489 4259 529 4328 et
552 4252 661 4328 dicit:
683 4255 866 4349 [commori
886 4250 948 4348 ptri
973 4275 1086 4346 men,
1106 4254 1210 4349 idest,
1234 4256 1364 4350 purior
1380 4261 1418 4331 et
1434 4256 1581 4350 clarior,
1596 4255 1664 4330 de·

491 4375 679 4448 chratura
699 4372 771 4446 sihi
796 4373 918 4467 dubia,
946 4375 1004 4450 ret
1028 4373 1077 4449 ad
1101 4374 1365 4450 declarandum
1390 4395 1459 4450 sua
1475 4375 1597 4450 dubia.
1619 4375 1664 4450 nt

491 4511 579 4568 ecce
604 4491 691 4586 quid
716 4491 825 4566 dixit:
842 4496 877 4566 io
894 4495 1077 4586 apprendn
1102 4497 1192 4568 orde
1216 4502 1252 4568 tu
1276 4498 1417 4587 cepioni
1441 4497 1467 4569 o·
1490 4498 1663 4589 acipen-

490 4615 576 4704 rtm,
606 4611 708 4706 idest,
739 4632 811 4708 ego
840 4611 1000 4708 percipio
1034 4619 1071 4688 et
1099 4633 1281 4711 cognosco
1319 4613 1419 4690 unde
1454 4621 1493 4688 tu
1531 4635 1664 4692 causas

493 4740 560 4808 tua
584 4732 708 4826 dubia,
734 4731 821 4827 quia
846 4732 981 4808 scilicet
1007 4741 1209 4808 nascuntur
1234 4756 1281 4810 ex
1298 4735 1445 4810 duobus
1468 4735 1572 4811 dictis
1598 4757 1665 4833 po-

554 4992 581 5056 (¹)
597 4993 628 5045 E.
644 4995 773 5057 generatis
789 4994 866 5046 huius
882 4993 999 5059 capituli,
1016 4994 1043 5046 tn
1059 5009 1119 5060 qur.
1243 4997 1271 5060 (¹)
1288 4998 1318 5048 n
1333 4998 1383 5062 ipat
1399 4999 1517 5050 Thomu.
