4842 6642
790 808 861 875 teu
1180 817 1385 872 commun
1408 817 1577 873 nunnnrsr

785 965 862 1060 guli
887 962 1020 1056 obtusi,
1046 961 1151 1056 quasi
1167 962 1280 1037 dicat:
1299 962 1418 1037 omnis
1435 960 1682 1057 contingentia
1699 961 1738 1035 in
1758 968 1956 1055 conspectu

783 1085 905 1161 divino
931 1090 986 1159 est
1010 1104 1076 1179 per
1100 1103 1141 1159 se
1172 1091 1267 1159 nota.
1295 1082 1387 1159 Dicit
1411 1104 1523 1179 ergo:
1555 1088 1700 1157 Occru
1720 1085 1846 1175 picato
1872 1085 1958 1171 mia,

784 1207 886 1300 idest,
912 1206 1035 1301 planta
1060 1210 1097 1279 et
1123 1204 1226 1278 radin
1251 1204 1396 1299 generis
1423 1204 1508 1297 mei,
1533 1206 1593 1278 obe
1616 1196 1648 1275 si
1670 1206 1695 1276 t'
1707 1204 1830 1292 mouri,
1854 1201 1958 1295 idest,

784 1335 928 1403 unium
954 1332 991 1400 te
1016 1326 1154 1401 exaltas
1179 1332 1218 1399 et
1242 1325 1440 1420 profundas
1465 1325 1502 1399 in
1528 1326 1617 1418 lieo,
1637 1327 1697 1397 cte
1723 1326 1958 1398 caducose

784 1428 992 1540 wndnpeutt'
1016 1450 1105 1519 unzt-
1124 1450 1184 1521 cde
1207 1450 1305 1519 sicuo
1329 1449 1368 1519 iu
1391 1443 1441 1540 sd,
1466 1446 1568 1537 idest,
1586 1453 1786 1540 antequam
1811 1444 1959 1519 veniant

785 1570 822 1645 in
847 1589 928 1644 esse
952 1588 1075 1661 suum,
1102 1570 1268 1641 curando
1291 1570 1459 1660 ilpunto,
1488 1566 1592 1660 idest,
1622 1566 1659 1640 iu
1690 1566 1787 1659 lle03
1812 1565 1961 1660 dequo

786 1697 921 1785 puncto
946 1688 1088 1763 dicetur
1113 1687 1150 1761 in
1176 1688 1336 1782 capitulo
1363 1687 1501 1781 xxlllt,
1521 1708 1547 1760 u
1563 1691 1620 1761 cui
1638 1691 1714 1761 tutti
1732 1690 1758 1761 li
1778 1689 1881 1779 umpt
1894 1706 1960 1759 sou

782 1813 946 1903 presenti,
976 1809 1062 1904 quia
1092 1830 1176 1902 quae
1202 1816 1299 1903 sunt,
1325 1828 1410 1902 quae
1436 1809 1597 1901 luerunt,
1622 1806 1859 1900 venientque,
1886 1826 1960 1879 uno

788 1930 918 2005 mentis
942 1930 1059 2005 cernit
1084 1930 1237 2022 intuitu;
1262 1930 1361 2023 quod
1387 1929 1550 2003 declarat
1580 1949 1646 2024 per
1671 1928 1790 2003 simile
1814 1928 1959 2003 dicens:

786 2070 883 2123 come
906 2052 938 2123 te
962 2057 1098 2124 terrene
1123 2052 1240 2138 murti,
1260 2049 1363 2142 idest,
1381 2049 1586 2123 intellectus
1614 2048 1777 2141 humaui,
1795 2052 1956 2142 etymon,

785 2171 932 2265 scilicet,
958 2171 1069 2264 clare,
1087 2171 1165 2245 sine
1181 2170 1407 2245 dubitatione
1427 2170 1656 2261 sensualiter,
1673 2172 1739 2243 duc
1755 2173 1872 2259 ottuu,
1889 2169 1959 2243 sci-

786 2292 870 2366 lieet
893 2294 1060 2388 anguine,
1089 2313 1161 2365 nou
1191 2312 1317 2384 cupere
1340 2295 1376 2365 iu
1404 2293 1591 2383 emacula.
1618 2290 1671 2365 td
1697 2290 1807 2363 buius
1831 2297 1957 2365 autem
2092 2365 2094 2368 ,

788 2410 1032 2485 similitudinis
1058 2412 1332 2507 intelligentiam
1353 2417 1410 2486 est
1425 2412 1628 2485 notandum
1641 2402 1693 2503 (¹),
1710 2410 1809 2504 quod
1826 2430 1958 2485 secun-

785 2530 874 2605 dum
901 2537 1110 2627 geometras
1137 2532 1268 2627 triplex
1292 2537 1349 2606 est
1377 2531 1516 2626 species
1546 2532 1784 2629 angulorum,
1809 2530 1955 2625 scilicet,

788 2658 922 2745 rectus,
947 2657 1090 2744 acutus,
1116 2650 1281 2725 obtusus.
1299 2650 1465 2747 ungulus
1489 2658 1613 2727 rectus
1637 2657 1693 2725 est
1717 2650 1865 2744 quando
1881 2671 1957 2728 uua

787 2769 881 2844 linea
909 2778 1009 2845 recta
1035 2771 1385 2866 perpendiculariter
1413 2770 1508 2846 cadit
1539 2791 1650 2866 super
1681 2770 1792 2845 aliam
1824 2770 1957 2847 lineam

788 2896 940 2982 rectam,
967 2890 1060 2966 sicut
1091 2898 1189 2985 patet
1222 2892 1258 2964 in
1290 2891 1395 2988 signo
1422 2890 1544 2966 crucis
1568 2888 1606 2985 i.
1632 2891 1798 2987 Angulus
1827 2896 1959 2967 acutus

786 3016 843 3083 est
872 3011 1020 3105 quando
1052 3032 1125 3085 una
1150 3012 1246 3087 linea
1278 3019 1379 3086 recta
1410 3010 1505 3086 cadit
1529 3031 1642 3106 super
1665 3011 1774 3087 aliam
1807 3016 1957 3104 rectam,

786 3129 850 3205 sed
880 3150 952 3204 nou
978 3130 1338 3227 perpendiculariter,
1363 3132 1478 3205 immo
1503 3131 1659 3205 declinat
1678 3130 1726 3205 ad
1743 3138 1885 3225 partem
1913 3131 1957 3208 lt-

789 3269 868 3325 ueae
892 3270 1003 3345 supra
1029 3272 1143 3344 quam
1170 3252 1276 3345 cadit,
1304 3258 1344 3325 ut
1373 3252 1410 3325 iu
1443 3253 1512 3325 bac
1536 3251 1656 3346 ligura
1681 3258 1780 3345 patet
1805 3250 1860 3332 st.
1886 3252 1961 3330 bu-

786 3371 898 3467 gulus
923 3373 1077 3447 obtusus
1102 3380 1157 3447 est
1189 3373 1337 3466 qrraudo
1368 3394 1441 3447 una
1470 3372 1565 3447 linea
1597 3380 1696 3447 recta
1725 3372 1820 3446 cadit
1848 3394 1960 3468 super

788 3496 926 3567 rectam
958 3512 1030 3566 non
1062 3492 1422 3587 perpendiculariter,
1454 3512 1522 3567 uec
1550 3492 1707 3567 declinat
1735 3493 1782 3567 ad
1815 3501 1957 3588 partem

634 3636 644 3646 ’
786 3612 891 3687 tineae
917 3634 1028 3707 super
1054 3634 1166 3707 quam
1192 3614 1300 3706 cadit,
1325 3614 1389 3688 sed
1414 3612 1572 3688 declinat
1587 3613 1634 3688 ad
1651 3613 1853 3708 oppositam
1872 3633 1958 3707 par-

787 3742 875 3828 tem,
894 3740 935 3807 ut
951 3740 1050 3829 patet
1066 3734 1102 3809 in
1122 3736 1190 3809 bac
1207 3734 1328 3830 ligura
1351 3732 1430 3820 i..
1446 3734 1547 3809 Unde
1564 3734 1663 3809 clare
1682 3740 1846 3829 apparet,
1861 3734 1960 3828 quod

785 3854 824 3929 in
850 3874 926 3929 uno
951 3854 1135 3951 triangulo
1162 3876 1234 3929 uon
1259 3862 1412 3950 possunt
1436 3874 1517 3929 esse
1541 3854 1617 3931 duo
1641 3854 1773 3929 obtusi.
1795 3856 1840 3929 Et
1866 3854 1958 3931 ratio

785 3982 842 4051 est
866 3976 953 4070 quia
982 3976 1101 4050 omnis
1134 3977 1339 4072 triangulus
1372 3976 1535 4051 consistit
1567 3977 1604 4049 in
1635 3976 1752 4051 tribus
1781 3974 1894 4051 lineis.
1921 3975 1956 4049 Si
2047 4068 2058 4079 ⁸

783 4116 877 4192 ergo
902 4096 1079 4172 iaciamus
1105 4097 1204 4191 quod
1229 4097 1313 4171 duae
1338 4096 1497 4171 habeant
1527 4118 1567 4171 se
1596 4117 1662 4191 per
1690 4097 1870 4193 angulum
1898 4116 1958 4171 re·

784 4222 901 4311 ctum,
926 4216 1047 4291 statim
1074 4216 1241 4311 sequitur
1266 4216 1365 4311 quod
1389 4216 1465 4290 duo
1493 4216 1619 4311 anguli
1650 4223 1736 4291 sunt
1763 4217 1884 4309 acuti;
1909 4216 1958 4294 si-

787 4336 921 4411 militer
947 4336 977 4411 si
1002 4337 1180 4412 iaciamus
1206 4337 1306 4431 quod
1331 4336 1416 4411 duae
1440 4334 1546 4410 lineae
1571 4336 1730 4411 habeant
1749 4358 1791 4410 se
1809 4356 1874 4431 per
1891 4358 1959 4411 ao·

786 4458 917 4553 guium
943 4463 1107 4551 acutum,
1134 4457 1302 4551 sequitur
1327 4456 1428 4550 quod
1453 4456 1637 4531 secundus
1665 4463 1722 4531 est
1752 4464 1875 4531 rectus
1901 4456 1958 4533 vel

786 4581 937 4671 acutus3
962 4577 991 4650 si
1017 4585 1072 4653 est
1098 4585 1231 4670 rectus,
1251 4584 1292 4650 ut
1307 4576 1445 4650 dictum
1464 4583 1530 4667 est,
1547 4583 1690 4671 oportet
1708 4596 1789 4651 esse
1805 4584 1958 4671 acutus,

788 4696 817 4769 si
842 4698 1024 4771 secundus
1049 4707 1086 4773 et
1111 4699 1252 4794 primus
1282 4703 1368 4771 sunt
1399 4697 1497 4772 acuti
1529 4719 1603 4772 uon
1633 4704 1861 4793 potestesse
1890 4697 1957 4773 nisi

851 4956 879 5017 (¹)
895 4954 921 5007 8.
938 4958 1079 5009 sciendum.
