4842 6642
786 876 925 933 CANTUS
949 878 1140 933 vloustutts
1164 878 1294 933 Nouus.
1555 870 1625 935 429

452 1020 547 1095 sieut
571 1022 736 1115 arbores,
755 1022 879 1097 berbae
905 1030 943 1097 et
968 1024 1120 1117 plantae:
1143 1043 1375 1117 supremum,
1392 1024 1485 1099 sicut
1504 1025 1625 1126 bruta.

453 1141 589 1217 Eodem
619 1142 727 1219 modo
753 1140 1014 1218 intellectuales
1041 1150 1078 1217 et
1103 1142 1313 1239 corporales
1344 1144 1454 1218 simul
1479 1151 1566 1218 sunt
1591 1145 1628 1218 in

454 1264 581 1359 triplici
608 1264 738 1360 gradu,
754 1263 851 1358 ‚quia
878 1262 1011 1357 atiquae
1041 1264 1270 1339 intellectiva
1300 1265 1512 1341 substantie
1543 1271 1629 1338 sunt

452 1384 659 1459 coniunctae
684 1404 771 1459 cum
798 1384 1013 1479 corporibus
1038 1390 1228 1478 tamquam
1252 1392 1427 1478 moturae,
1453 1386 1547 1459 sicut
1574 1386 1628 1460 in-

452 1504 660 1600 totttgenuae
686 1513 877 1581 moventes
903 1505 1035 1599 coelos3
1053 1504 1134 1579 aliae
1158 1512 1244 1579 sunt
1264 1506 1405 1602 juncte
1428 1526 1515 1580 cum
1542 1526 1627 1579 cor-

453 1625 603 1721 poribus
624 1634 813 1720 tamquam
828 1647 896 1699 sua
911 1626 1042 1718 torma,
1062 1626 1157 1701 siout
1176 1625 1353 1701 homines.
1372 1626 1478 1701 blodo
1497 1645 1627 1701 omnes

454 1746 635 1841 praedictae
660 1746 872 1821 substantiae
898 1744 1142 1821 diversimode
1170 1745 1306 1820 babent
1335 1747 1417 1840 plus
1441 1751 1480 1820 et
1505 1746 1627 1821 minus

454 1865 635 1959 bonitatis,
653 1866 857 1941 secundum
882 1864 980 1959 quod
998 1865 1080 1961 plus
1098 1872 1135 1941 et
1156 1866 1278 1939 minus
1298 1887 1339 1941 se
1355 1867 1500 1961 aperuit
1519 1874 1628 1942 aeter·

453 2005 523 2057 nus
548 2005 655 2059 amor
672 1984 708 2059 in
726 1985 797 2080 eis3
815 1992 853 2060 et
870 1985 1039 2081 predicta
1058 1985 1239 2060 distinctio
1261 1992 1299 2061 et
1320 1986 1499 2060 ordinatio
1516 1986 1627 2060 simul

452 2113 577 2181 ereata
603 2111 699 2199 sunt,
726 2115 768 2180 ut
794 2106 879 2181 dicit
904 2113 1014 2182 autor
1038 2107 1075 2180 in
1101 2105 1219 2200 litera,
1245 2127 1357 2200 quam
1384 2107 1436 2181 sic
1461 2126 1625 2202 expone:

457 2230 589 2301 Ordiate
606 2250 624 2299 c
640 2234 843 2318 nouorum,
862 2226 963 2320 idest,
984 2226 1219 2320 constructio,
1235 2230 1277 2322 su
1296 2235 1494 2317 omento,
1520 2226 1625 2319 idest,

451 2346 563 2421 simul
587 2354 747 2442 oreatus,
773 2351 842 2423 olle
865 2350 1060 2441 numani&
1087 2354 1124 2423 et
1149 2348 1270 2442 primo
1296 2350 1410 2445 tangit
1434 2348 1627 2424 sublimio·

450 2486 530 2543 rem
564 2466 721 2562 gradum
757 2468 1058 2561 substantiarum,
1092 2468 1235 2543 dicens:
1271 2490 1290 2541 e
1321 2472 1441 2560 puelle,
1476 2468 1625 2561 scilicet,

449 2585 662 2661 substantie
696 2586 958 2663 intellectuales
995 2587 1205 2682 simpliciter
1242 2587 1338 2663 inter
1374 2588 1485 2681 alias,
1513 2593 1624 2682 [mon

450 2709 542 2779 mma
566 2708 624 2781 nel
646 2710 789 2803 mondo,
810 2708 913 2801 idest,
934 2714 1134 2783 tenuerunt
1154 2709 1343 2783 excelsum
1363 2706 1533 2805 gradum,
1551 2709 1623 2783 sci-

450 2826 546 2922 licet,
572 2828 714 2924 angeli3
741 2828 839 2903 unde
864 2828 968 2905 dicit:
994 2832 1031 2903 ln
1062 2831 1133 2921 clu,
1168 2828 1271 2925 idest,
1297 2830 1335 2905 in
1359 2830 1506 2924 quibus,
1529 2850 1622 2923 puro

450 2954 522 3023 atto
543 2950 585 3043 su
606 2952 796 3041 produtto:
819 2956 924 3025 actus
949 2970 1066 3045 purus
1090 2956 1146 3043 est
1171 2949 1231 3025 ille
1263 2951 1327 3045 qul
1360 2958 1416 3025 est
1449 2950 1527 3025 sina
1556 2950 1624 3025 ali-

451 3090 526 3163 qua
551 3069 717 3163 materia,
744 3088 812 3147 nec
839 3060 1063 3165 impotentia,
1090 3075 1132 3145 ut
1157 3070 1219 3146 liat
1244 3070 1344 3145 aliud
1368 3071 1548 3165 quianon
1567 3078 1624 3145 est

450 3195 558 3284 aptus
584 3189 669 3285 pati,
695 3189 777 3265 ideo
802 3196 858 3265 est
884 3190 1187 3286 incorruptibilis3
1211 3197 1249 3265 et
1273 3191 1311 3266 in
1336 3190 1399 3267 tali
1423 3196 1480 3267 est
1505 3192 1624 3267 maior

450 3310 605 3385 bonitas.
631 3311 675 3384 ut
700 3309 804 3385 dicit:
827 3332 922 3405 pura
941 3315 1131 3405 petebam
1157 3310 1217 3386 illa
1249 3318 1305 3385 est
1336 3333 1431 3406 pura
1461 3310 1623 3406 potentia

451 3429 504 3505 rei
530 3450 614 3524 quae
640 3437 695 3505 est
719 3438 804 3527 apta
830 3430 904 3527 pati
929 3437 966 3506 et
992 3452 1064 3505 non
1091 3451 1217 3527 agere,
1239 3430 1333 3505 sicut
1358 3436 1484 3527 petrae,
1510 3431 1623 3505 arbo·

449 3570 520 3645 res,
546 3551 667 3644 bruta,
693 3558 731 3627 et
756 3552 792 3625 in
820 3552 881 3627 tali
907 3558 962 3627 est
989 3552 1109 3625 minor
1143 3551 1299 3645 bonitas,
1326 3558 1424 3625 brute
1454 3554 1491 3624 lu
1517 3557 1623 3643 parte

446 3674 532 3765 inca,
558 3671 660 3766 idest,
687 3672 823 3749 inllma.
850 3674 895 3747 ttt
920 3672 1041 3746 subdit
1064 3671 1226 3746 medium
1252 3671 1412 3766 gradum
1439 3671 1620 3763 bonitatis,

447 3792 591 3869 dicens:
619 3796 670 3867 tut
693 3796 794 3883 mate,
820 3793 924 3887 idest,
951 3793 1023 3867 tale
1049 3792 1251 3883 vinculum,
1276 3794 1337 3864 cte
1358 3794 1530 3882 picmmci
1547 3810 1621 3865 non

446 3918 479 3987 si
502 3917 648 4006 diuma,
675 3914 778 4007 idest,
805 3933 1009 4008 numquam
1035 3911 1255 4004 dissolvitur,
1278 3910 1424 4005 scilicet,
1441 3932 1549 3987 amor
1565 3912 1621 3986 di·

448 4034 567 4129 vinuS,
593 4038 651 4111 vel
677 4036 768 4110 ordo
795 4034 984 4127 naturalis,
1008 4031 1217 4108 stttnse'uet
1241 4054 1376 4125 mezzo,
1402 4033 1505 4126 idest,
1529 4054 1620 4109 con·

447 4155 565 4230 iunxit
597 4156 633 4231 in
665 4155 785 4231 medio
818 4154 950 4251 gradu,
976 4156 1141 4247 poemia
1164 4174 1232 4227 non
1258 4161 1342 4244 otto,
1372 4153 1478 4248 quasi
1510 4153 1618 4246 dicat,

447 4275 547 4370 quod
573 4296 706 4371 corpus
732 4275 970 4351 coniunctum
996 4294 1083 4349 cum
1103 4274 1288 4349 intellectu
1311 4280 1437 4349 tenent
1454 4273 1618 4349 modium

447 4395 605 4494 gradum
631 4396 812 4488 bonitatis,
833 4395 927 4471 sicut
952 4393 1197 4491 intelligentiae
1231 4400 1429 4469 moventes
1444 4393 1556 4467 orbes
1581 4402 1620 4468 et

448 4518 572 4592 bomo.
586 4556 636 4571 -
652 4520 851 4591 Gerontmo.
870 4516 936 4591 llic
961 4514 1107 4589 Beatrix
1125 4514 1279 4589 intendit
1303 4516 1448 4591 solvere
1473 4515 1619 4589 tertiam

448 4637 689 4732 quaestionem
707 4657 818 4731 quam
838 4644 949 4711 autor
969 4635 1134 4709 lauturus
1151 4640 1241 4710 erat.
1260 4636 1304 4709 ut
1319 4635 1438 4729 primo
1461 4634 1621 4710 excludit

446 4755 654 4851 opinionem
681 4754 892 4853 Hieronymi
920 4761 1108 4847 umquam
1136 4774 1209 4829 non
1235 4772 1383 4849 veram3
1409 4774 1523 4849 quam
1541 4754 1621 4849 opi-

447 4877 595 4953 nionem
622 4875 742 4971 primo
769 4876 884 4972 tangit
909 4875 946 4948 in
972 4874 1088 4949 litera.
1118 4874 1173 4950 td
1203 4874 1310 4949 cuius
1342 4874 1618 4971 intelligentiam

446 4997 641 5073 clariorem
669 5003 724 5073 est
749 4995 1040 5093 praenotandum
1058 4995 1156 5089 quod
1174 4996 1420 5093 Hieronymus
1437 4995 1563 5071 scribit
1579 4996 1616 5071 in
