<?xml version="1.0" encoding="UTF-8"?>
<!DOCTYPE html PUBLIC "-//W3C//DTD XHTML 1.0 Transitional//EN"
    "http://www.w3.org/TR/xhtml1/DTD/xhtml1-transitional.dtd">
<html xmlns="http://www.w3.org/1999/xhtml" xml:lang="en" lang="en">
 <head>
  <title>
</title>
<meta http-equiv="Content-Type" content="text/html;charset=utf-8" />
  <meta name='ocr-system' content='tesseract 3.04.00' />
  <meta name='ocr-capabilities' content='ocr_page ocr_carea ocr_par ocr_line ocrx_word'/>
</head>
<body>
  <div class='ocr_page' id='page_1' title='image "./comentumsuperda02benvgoog_0156.png"; bbox 0 0 4842 6642; ppageno 0'>
   <div class='ocr_carea' id='block_1_1' title="bbox 763 769 1549 836">
    <p class='ocr_par' dir='ltr' id='par_1_1' title="bbox 763 769 1549 836">
     <span class='ocr_line' id='line_1_1' title="bbox 763 769 1549 836; baseline -0.005 -1"><span class='ocrx_word' id='word_1_1' title='bbox 763 769 832 836; x_wconf 69' lang='grc'>146</span> <span class='ocrx_word' id='word_1_2' title='bbox 1152 777 1360 834; x_wconf 70' lang='lat' dir='ltr'>COEENTUH</span> <span class='ocrx_word' id='word_1_3' title='bbox 1383 777 1549 832; x_wconf 68' lang='lat' dir='ltr'>annotet</span> 
     </span>
    </p>
   </div>
   <div class='ocr_carea' id='block_1_2' title="bbox 633 924 2059 4516">
    <p class='ocr_par' dir='ltr' id='par_1_2' title="bbox 633 924 2059 4516">
     <span class='ocr_line' id='line_1_2' title="bbox 759 924 1936 1029; baseline -0.006 -29"><span class='ocrx_word' id='word_1_4' title='bbox 759 925 854 1001; x_wconf 86' lang='lat' dir='ltr'>siout</span> <span class='ocrx_word' id='word_1_5' title='bbox 878 945 988 1000; x_wconf 86' lang='lat' dir='ltr'>nuno.</span> <span class='ocrx_word' id='word_1_6' title='bbox 1014 925 1117 1001; x_wconf 84' lang='lat' dir='ltr'><strong>Unde</strong></span> <span class='ocrx_word' id='word_1_7' title='bbox 1142 924 1228 1028; x_wconf 85' lang='lat' dir='ltr'>dicit</span> <span class='ocrx_word' id='word_1_8' title='bbox 1237 949 1250 996; x_wconf 74' lang='grc' dir='ltr'>ε-</span> <span class='ocrx_word' id='word_1_9' title='bbox 1265 928 1327 1029; x_wconf 22' lang='lat' dir='ltr'>,Lo</span> <span class='ocrx_word' id='word_1_10' title='bbox 1339 925 1441 1016; x_wconf 66' lang='lat' dir='ltr'>totto</span> <span class='ocrx_word' id='word_1_11' title='bbox 1455 943 1529 996; x_wconf 80' lang='lat' dir='ltr'>nou</span> <span class='ocrx_word' id='word_1_12' title='bbox 1543 925 1671 1016; x_wconf 74' lang='lat' dir='ltr'>[aomo</span> <span class='ocrx_word' id='word_1_13' title='bbox 1690 941 1803 995; x_wconf 76' lang='lat' dir='ltr'>necor</span> <span class='ocrx_word' id='word_1_14' title='bbox 1814 939 1936 1014; x_wconf 70' lang='lat' dir='ltr'>poteo</span> 
     </span>
     <span class='ocr_line' id='line_1_3' title="bbox 760 1041 1935 1139; baseline -0.003 -19"><span class='ocrx_word' id='word_1_15' title='bbox 760 1049 799 1120; x_wconf 90' lang='lat' dir='ltr'>ol</span> <span class='ocrx_word' id='word_1_16' title='bbox 818 1049 936 1139; x_wconf 80' lang='lat' dir='ltr'>padre</span> <span class='ocrx_word' id='word_1_17' title='bbox 959 1047 1147 1138; x_wconf 64' lang='lat' dir='ltr'>ancardo,</span> <span class='ocrx_word' id='word_1_18' title='bbox 1174 1045 1262 1139; x_wconf 83' lang='lat' dir='ltr'>quia</span> <span class='ocrx_word' id='word_1_19' title='bbox 1287 1042 1463 1138; x_wconf 81' lang='lat' dir='ltr'>quioquid</span> <span class='ocrx_word' id='word_1_20' title='bbox 1490 1047 1595 1138; x_wconf 83' lang='lat' dir='ltr'>pater</span> <span class='ocrx_word' id='word_1_21' title='bbox 1626 1041 1738 1138; x_wconf 80' lang='lat' dir='ltr'>habet</span> <span class='ocrx_word' id='word_1_22' title='bbox 1770 1041 1870 1115; x_wconf 87' lang='lat' dir='ltr'>radit</span> <span class='ocrx_word' id='word_1_23' title='bbox 1897 1041 1935 1116; x_wconf 92' lang='lat' dir='ltr'>in</span> 
     </span>
     <span class='ocr_line' id='line_1_4' title="bbox 635 1153 1937 1256; baseline -0.006 -14"><span class='ocrx_word' id='word_1_24' title='bbox 635 1153 638 1162; x_wconf 68' lang='grc'><em>’</em></span> <span class='ocrx_word' id='word_1_25' title='bbox 760 1167 885 1242; x_wconf 90' lang='lat' dir='ltr'>dotem</span> <span class='ocrx_word' id='word_1_26' title='bbox 912 1166 1004 1240; x_wconf 86' lang='lat' dir='ltr'>liliae.</span> <span class='ocrx_word' id='word_1_27' title='bbox 1031 1165 1075 1240; x_wconf 81' lang='lat' dir='ltr'>Et</span> <span class='ocrx_word' id='word_1_28' title='bbox 1101 1165 1218 1240; x_wconf 89' lang='lat' dir='ltr'>reddit</span> <span class='ocrx_word' id='word_1_29' title='bbox 1244 1163 1437 1256; x_wconf 85' lang='lat' dir='ltr'>rationem,</span> <span class='ocrx_word' id='word_1_30' title='bbox 1454 1162 1599 1238; x_wconf 86' lang='lat' dir='ltr'>dicens:</span> <span class='ocrx_word' id='word_1_31' title='bbox 1615 1157 1714 1236; x_wconf 75' lang='lat' dir='ltr'>otl’l</span> <span class='ocrx_word' id='word_1_32' title='bbox 1729 1170 1842 1254; x_wconf 72' lang='lat' dir='ltr'>eotpo</span> <span class='ocrx_word' id='word_1_33' title='bbox 1861 1183 1881 1234; x_wconf 80' lang='lat' dir='ltr'>a</span> <span class='ocrx_word' id='word_1_34' title='bbox 1900 1165 1937 1234; x_wconf 88' lang='lat' dir='ltr'>to</span> 
     </span>
     <span class='ocr_line' id='line_1_5' title="bbox 762 1278 1938 1382; baseline -0.003 -21"><span class='ocrx_word' id='word_1_35' title='bbox 762 1289 841 1362; x_wconf 81' lang='lat' dir='ltr'>don</span> <span class='ocrx_word' id='word_1_36' title='bbox 866 1308 939 1360; x_wconf 84' lang='lat' dir='ltr'>ooo</span> <span class='ocrx_word' id='word_1_37' title='bbox 961 1278 1112 1382; x_wconf 66' lang='lat' dir='ltr'>setanion</span> <span class='ocrx_word' id='word_1_38' title='bbox 1136 1287 1253 1379; x_wconf 79' lang='lat' dir='ltr'>quinci</span> <span class='ocrx_word' id='word_1_39' title='bbox 1276 1306 1295 1357; x_wconf 80' lang='lat' dir='ltr'><strong>e</strong></span> <span class='ocrx_word' id='word_1_40' title='bbox 1320 1286 1442 1375; x_wconf 64' lang='lat' dir='ltr'>qenai</span> <span class='ocrx_word' id='word_1_41' title='bbox 1465 1286 1503 1357; x_wconf 86' lang='lat' dir='ltr'>lo</span> <span class='ocrx_word' id='word_1_42' title='bbox 1527 1287 1674 1357; x_wconf 58' lang='lat' dir='ltr'>moero.</span> <span class='ocrx_word' id='word_1_43' title='bbox 1699 1281 1736 1356; x_wconf 88' lang='lat' dir='ltr'>Si</span> <span class='ocrx_word' id='word_1_44' title='bbox 1762 1282 1817 1356; x_wconf 77' lang='lat' dir='ltr'>r&#39;m</span> <span class='ocrx_word' id='word_1_45' title='bbox 1841 1282 1938 1358; x_wconf 74' lang='lat' dir='ltr'>nene</span> 
     </span>
     <span class='ocr_line' id='line_1_6' title="bbox 764 1403 1938 1508; baseline -0.002 -28"><span class='ocrx_word' id='word_1_46' title='bbox 764 1407 967 1508; x_wconf 83' lang='lat' dir='ltr'>intelligere</span> <span class='ocrx_word' id='word_1_47' title='bbox 987 1407 1094 1480; x_wconf 87' lang='lat' dir='ltr'>istam</span> <span class='ocrx_word' id='word_1_48' title='bbox 1121 1406 1266 1480; x_wconf 83' lang='lat' dir='ltr'>literam</span> <span class='ocrx_word' id='word_1_49' title='bbox 1291 1425 1377 1498; x_wconf 73' lang='lat' dir='ltr'>quae</span> <span class='ocrx_word' id='word_1_50' title='bbox 1402 1403 1650 1479; x_wconf 87' lang='lat' dir='ltr'>communiter</span> <span class='ocrx_word' id='word_1_51' title='bbox 1679 1411 1735 1478; x_wconf 90' lang='lat' dir='ltr'>est</span> <span class='ocrx_word' id='word_1_52' title='bbox 1760 1403 1858 1478; x_wconf 87' lang='lat' dir='ltr'>male</span> <span class='ocrx_word' id='word_1_53' title='bbox 1882 1404 1938 1477; x_wconf 91' lang='lat' dir='ltr'>in-</span> 
     </span>
     <span class='ocr_line' id='line_1_7' title="bbox 764 1526 1937 1626; baseline -0.001 -23"><span class='ocrx_word' id='word_1_54' title='bbox 764 1530 917 1622; x_wconf 82' lang='lat' dir='ltr'>tellecta,</span> <span class='ocrx_word' id='word_1_55' title='bbox 943 1535 1100 1624; x_wconf 84' lang='lat' dir='ltr'><strong>oportet,</strong></span> <span class='ocrx_word' id='word_1_56' title='bbox 1126 1527 1225 1622; x_wconf 84' lang='lat' dir='ltr'>quod</span> <span class='ocrx_word' id='word_1_57' title='bbox 1252 1527 1382 1602; x_wconf 79' lang='lat' dir='ltr'><strong>reddas</strong></span> <span class='ocrx_word' id='word_1_58' title='bbox 1411 1527 1555 1623; x_wconf 77' lang='lat' dir='ltr'>singula</span> <span class='ocrx_word' id='word_1_59' title='bbox 1587 1526 1752 1622; x_wconf 64' lang='lat' dir='ltr'>angulis,</span> <span class='ocrx_word' id='word_1_60' title='bbox 1780 1533 1820 1602; x_wconf 90' lang='lat' dir='ltr'>et</span> <span class='ocrx_word' id='word_1_61' title='bbox 1848 1547 1937 1626; x_wconf 77' lang='lat' dir='ltr'>oon·</span> 
     </span>
     <span class='ocr_line' id='line_1_8' title="bbox 763 1638 1938 1743; baseline -0.002 -21"><span class='ocrx_word' id='word_1_62' title='bbox 763 1655 885 1722; x_wconf 84' lang='lat' dir='ltr'><strong>struas</strong></span> <span class='ocrx_word' id='word_1_63' title='bbox 918 1649 989 1722; x_wconf 88' lang='lat' dir='ltr'>sio:</span> <span class='ocrx_word' id='word_1_64' title='bbox 1025 1645 1087 1722; x_wconf 73' lang='lat' dir='ltr'>etri</span> <span class='ocrx_word' id='word_1_65' title='bbox 1108 1651 1134 1721; x_wconf 83' lang='lat' dir='ltr'>&#39;l</span> <span class='ocrx_word' id='word_1_66' title='bbox 1163 1655 1275 1740; x_wconf 82' lang='lat' dir='ltr'>tempo</span> <span class='ocrx_word' id='word_1_67' title='bbox 1307 1668 1381 1720; x_wconf 84' lang='lat' dir='ltr'>non</span> <span class='ocrx_word' id='word_1_68' title='bbox 1407 1638 1534 1741; x_wconf 71' lang='lat' dir='ltr'>[anolo</span> <span class='ocrx_word' id='word_1_69' title='bbox 1565 1649 1603 1720; x_wconf 83' lang='lat' dir='ltr'>ra</span> <span class='ocrx_word' id='word_1_70' title='bbox 1635 1649 1772 1720; x_wconf 73' lang='lat' dir='ltr'>neura</span> <span class='ocrx_word' id='word_1_71' title='bbox 1809 1650 1938 1743; x_wconf 65' lang='lat' dir='ltr'>nemrot,</span> 
     </span>
     <span class='ocr_line' id='line_1_9' title="bbox 763 1767 1939 1864; baseline 0.001 -23"><span class='ocrx_word' id='word_1_72' title='bbox 763 1768 866 1862; x_wconf 88' lang='lat' dir='ltr'>idest,</span> <span class='ocrx_word' id='word_1_73' title='bbox 891 1775 980 1842; x_wconf 75' lang='lat' dir='ltr'>aetas</span> <span class='ocrx_word' id='word_1_74' title='bbox 1005 1769 1137 1864; x_wconf 86' lang='lat' dir='ltr'>puellae</span> <span class='ocrx_word' id='word_1_75' title='bbox 1163 1789 1237 1842; x_wconf 93' lang='lat' dir='ltr'>non</span> <span class='ocrx_word' id='word_1_76' title='bbox 1263 1767 1425 1864; x_wconf 73' lang='lat' dir='ltr'><strong>fugiebat</strong></span> <span class='ocrx_word' id='word_1_77' title='bbox 1442 1786 1656 1842; x_wconf 83' lang='lat' dir='ltr'>mensuram</span> <span class='ocrx_word' id='word_1_78' title='bbox 1673 1787 1723 1842; x_wconf 80' lang='lat' dir='ltr'>err</span> <span class='ocrx_word' id='word_1_79' title='bbox 1741 1789 1817 1842; x_wconf 90' lang='lat' dir='ltr'>una</span> <span class='ocrx_word' id='word_1_80' title='bbox 1832 1776 1939 1863; x_wconf 85' lang='lat' dir='ltr'>parte</span> 
     </span>
     <span class='ocr_line' id='line_1_10' title="bbox 764 1886 1945 1984; baseline 0.002 -22"><span class='ocrx_word' id='word_1_81' title='bbox 764 1887 859 1962; x_wconf 82' lang='lat' dir='ltr'>sient</span> <span class='ocrx_word' id='word_1_82' title='bbox 883 1909 1002 1982; x_wconf 89' lang='lat' dir='ltr'>nunc;</span> <span class='ocrx_word' id='word_1_83' title='bbox 1035 1908 1121 1963; x_wconf 89' lang='lat' dir='ltr'>nam</span> <span class='ocrx_word' id='word_1_84' title='bbox 1154 1888 1287 1984; x_wconf 75' lang='lat' dir='ltr'>puellm</span> <span class='ocrx_word' id='word_1_85' title='bbox 1317 1887 1487 1962; x_wconf 84' lang='lat' dir='ltr'>solebant</span> <span class='ocrx_word' id='word_1_86' title='bbox 1515 1886 1658 1962; x_wconf 86' lang='lat' dir='ltr'>nubere</span> <span class='ocrx_word' id='word_1_87' title='bbox 1691 1887 1729 1961; x_wconf 92' lang='lat' dir='ltr'>in</span> <span class='ocrx_word' id='word_1_88' title='bbox 1759 1886 1945 1984; x_wconf 79' lang='lat' dir='ltr'>vigesimo</span> 
     </span>
     <span class='ocr_line' id='line_1_11' title="bbox 765 1988 1995 2106; baseline 0 -24"><span class='ocrx_word' id='word_1_89' title='bbox 765 2009 823 2083; x_wconf 87' lang='lat' dir='ltr'>rel</span> <span class='ocrx_word' id='word_1_90' title='bbox 848 2009 1026 2106; x_wconf 83' lang='lat' dir='ltr'>vigesimo</span> <span class='ocrx_word' id='word_1_91' title='bbox 1052 2009 1180 2104; x_wconf 88' lang='lat' dir='ltr'>quinto</span> <span class='ocrx_word' id='word_1_92' title='bbox 1211 2029 1332 2102; x_wconf 87' lang='lat' dir='ltr'>anno;</span> <span class='ocrx_word' id='word_1_93' title='bbox 1363 1988 1464 2082; x_wconf 80' lang='lat' dir='ltr'>nnnc</span> <span class='ocrx_word' id='word_1_94' title='bbox 1494 2027 1586 2082; x_wconf 87' lang='lat' dir='ltr'>vero</span> <span class='ocrx_word' id='word_1_95' title='bbox 1618 2009 1675 2084; x_wconf 85' lang='lat' dir='ltr'>vel</span> <span class='ocrx_word' id='word_1_96' title='bbox 1705 2001 1853 2101; x_wconf 55' lang='lat' dir='ltr'>nonni)</span> <span class='ocrx_word' id='word_1_97' title='bbox 1881 2011 1939 2084; x_wconf 84' lang='lat' dir='ltr'>rel</span> <span class='ocrx_word' id='word_1_98' title='bbox 1988 2039 1995 2054; x_wconf 95' lang='lat'><strong>·</strong></span> 
     </span>
     <span class='ocr_line' id='line_1_12' title="bbox 767 2120 1940 2222; baseline -0.001 -19"><span class='ocrx_word' id='word_1_99' title='bbox 767 2128 973 2205; x_wconf 80' lang='lat' dir='ltr'>undecimo.</span> <span class='ocrx_word' id='word_1_100' title='bbox 993 2129 1186 2205; x_wconf 80' lang='lat' dir='ltr'>Similiter:</span> <span class='ocrx_word' id='word_1_101' title='bbox 1200 2133 1268 2204; x_wconf 84' lang='lat' dir='ltr'>ela</span> <span class='ocrx_word' id='word_1_102' title='bbox 1281 2133 1361 2204; x_wconf 80' lang='lat' dir='ltr'>dote</span> <span class='ocrx_word' id='word_1_103' title='bbox 1375 2151 1449 2204; x_wconf 75' lang='lat' dir='ltr'>non</span> <span class='ocrx_word' id='word_1_104' title='bbox 1458 2120 1583 2222; x_wconf 60' lang='lat' dir='ltr'>stanam</span> <span class='ocrx_word' id='word_1_105' title='bbox 1599 2131 1637 2202; x_wconf 85' lang='lat' dir='ltr'>lo</span> <span class='ocrx_word' id='word_1_106' title='bbox 1653 2132 1790 2202; x_wconf 60' lang='lat' dir='ltr'>aenon</span> <span class='ocrx_word' id='word_1_107' title='bbox 1806 2131 1940 2220; x_wconf 64' lang='lat' dir='ltr'>omani,</span> 
     </span>
     <span class='ocr_line' id='line_1_13' title="bbox 767 2247 1941 2346; baseline 0 -23"><span class='ocrx_word' id='word_1_108' title='bbox 767 2251 870 2344; x_wconf 89' lang='lat' dir='ltr'>idest,</span> <span class='ocrx_word' id='word_1_109' title='bbox 888 2271 932 2326; x_wconf 86' lang='lat' dir='ltr'>er</span> <span class='ocrx_word' id='word_1_110' title='bbox 955 2251 1027 2325; x_wconf 87' lang='lat' dir='ltr'>alia</span> <span class='ocrx_word' id='word_1_111' title='bbox 1053 2259 1157 2346; x_wconf 87' lang='lat' dir='ltr'>parte</span> <span class='ocrx_word' id='word_1_112' title='bbox 1182 2250 1278 2325; x_wconf 84' lang='lat' dir='ltr'>sient</span> <span class='ocrx_word' id='word_1_113' title='bbox 1303 2269 1412 2324; x_wconf 89' lang='lat' dir='ltr'>nnnc.</span> <span class='ocrx_word' id='word_1_114' title='bbox 1431 2250 1476 2322; x_wconf 83' lang='lat' dir='ltr'>Et</span> <span class='ocrx_word' id='word_1_115' title='bbox 1493 2247 1550 2323; x_wconf 85' lang='lat' dir='ltr'>hic</span> <span class='ocrx_word' id='word_1_116' title='bbox 1568 2256 1655 2325; x_wconf 90' lang='lat' dir='ltr'>nota</span> <span class='ocrx_word' id='word_1_117' title='bbox 1675 2249 1775 2342; x_wconf 85' lang='lat' dir='ltr'>quod</span> <span class='ocrx_word' id='word_1_118' title='bbox 1800 2249 1941 2346; x_wconf 76' lang='lat' dir='ltr'>Lycor-</span> 
     </span>
     <span class='ocr_line' id='line_1_14' title="bbox 767 2369 1941 2467; baseline 0.003 -24"><span class='ocrx_word' id='word_1_119' title='bbox 767 2391 838 2466; x_wconf 80' lang='lat' dir='ltr'>gus</span> <span class='ocrx_word' id='word_1_120' title='bbox 863 2369 948 2444; x_wconf 84' lang='lat' dir='ltr'>lecit</span> <span class='ocrx_word' id='word_1_121' title='bbox 972 2370 1106 2467; x_wconf 82' lang='lat' dir='ltr'>legem,</span> <span class='ocrx_word' id='word_1_122' title='bbox 1132 2376 1174 2444; x_wconf 93' lang='lat' dir='ltr'>ut</span> <span class='ocrx_word' id='word_1_123' title='bbox 1200 2370 1361 2467; x_wconf 75' lang='lat' dir='ltr'>immine</span> <span class='ocrx_word' id='word_1_124' title='bbox 1388 2370 1570 2445; x_wconf 82' lang='lat' dir='ltr'><strong>nuberent</strong></span> <span class='ocrx_word' id='word_1_125' title='bbox 1595 2370 1674 2444; x_wconf 87' lang='lat' dir='ltr'>sine</span> <span class='ocrx_word' id='word_1_126' title='bbox 1690 2369 1795 2461; x_wconf 79' lang='lat' dir='ltr'>‹lote3</span> <span class='ocrx_word' id='word_1_127' title='bbox 1817 2376 1941 2446; x_wconf 82' lang='lat' dir='ltr'>tamen</span> 
     </span>
     <span class='ocr_line' id='line_1_15' title="bbox 768 2488 1941 2586; baseline 0 -22"><span class='ocrx_word' id='word_1_128' title='bbox 768 2489 973 2564; x_wconf 86' lang='lat' dir='ltr'>secundum</span> <span class='ocrx_word' id='word_1_129' title='bbox 994 2491 1082 2586; x_wconf 86' lang='lat' dir='ltr'>jura</span> <span class='ocrx_word' id='word_1_130' title='bbox 1107 2489 1226 2565; x_wconf 85' lang='lat' dir='ltr'>civilia</span> <span class='ocrx_word' id='word_1_131' title='bbox 1251 2497 1288 2564; x_wconf 90' lang='lat' dir='ltr'>et</span> <span class='ocrx_word' id='word_1_132' title='bbox 1312 2491 1489 2565; x_wconf 87' lang='lat' dir='ltr'>canonica</span> <span class='ocrx_word' id='word_1_133' title='bbox 1514 2488 1647 2564; x_wconf 80' lang='lat' dir='ltr'>melius</span> <span class='ocrx_word' id='word_1_134' title='bbox 1670 2495 1727 2564; x_wconf 78' lang='lat' dir='ltr'>ost</span> <span class='ocrx_word' id='word_1_135' title='bbox 1751 2489 1851 2583; x_wconf 83' lang='lat' dir='ltr'>qnod</span> <span class='ocrx_word' id='word_1_136' title='bbox 1874 2489 1941 2564; x_wconf 83' lang='lat' dir='ltr'>(los</span> 
     </span>
     <span class='ocr_line' id='line_1_16' title="bbox 767 2601 1940 2705; baseline -0.001 -20"><span class='ocrx_word' id='word_1_137' title='bbox 767 2609 888 2703; x_wconf 86' lang='lat' dir='ltr'>detor,</span> <span class='ocrx_word' id='word_1_138' title='bbox 913 2609 1000 2703; x_wconf 85' lang='lat' dir='ltr'>quia</span> <span class='ocrx_word' id='word_1_139' title='bbox 1026 2610 1167 2684; x_wconf 78' lang='lat' dir='ltr'><strong>solebat</strong></span> <span class='ocrx_word' id='word_1_140' title='bbox 1189 2631 1287 2683; x_wconf 89' lang='lat' dir='ltr'>unus</span> <span class='ocrx_word' id='word_1_141' title='bbox 1306 2610 1484 2705; x_wconf 83' lang='lat' dir='ltr'>praedives</span> <span class='ocrx_word' id='word_1_142' title='bbox 1501 2609 1591 2684; x_wconf 83' lang='lat' dir='ltr'>civis</span> <span class='ocrx_word' id='word_1_143' title='bbox 1607 2610 1699 2684; x_wconf 88' lang='lat' dir='ltr'>dare</span> <span class='ocrx_word' id='word_1_144' title='bbox 1717 2609 1799 2684; x_wconf 85' lang='lat' dir='ltr'>liliae</span> <span class='ocrx_word' id='word_1_145' title='bbox 1816 2601 1940 2701; x_wconf 78' lang='lat' dir='ltr'>snael²l</span> 
     </span>
     <span class='ocr_line' id='line_1_17' title="bbox 769 2729 1943 2822; baseline 0.002 -20"><span class='ocrx_word' id='word_1_146' title='bbox 769 2729 946 2804; x_wconf 86' lang='lat' dir='ltr'>ducentos</span> <span class='ocrx_word' id='word_1_147' title='bbox 973 2731 1030 2804; x_wconf 89' lang='lat' dir='ltr'>rel</span> <span class='ocrx_word' id='word_1_148' title='bbox 1057 2736 1240 2806; x_wconf 88' lang='lat' dir='ltr'>trecentos</span> <span class='ocrx_word' id='word_1_149' title='bbox 1257 2749 1412 2822; x_wconf 82' lang='lat' dir='ltr'>aureos3</span> <span class='ocrx_word' id='word_1_150' title='bbox 1431 2749 1530 2803; x_wconf 85' lang='lat' dir='ltr'>nuno</span> <span class='ocrx_word' id='word_1_151' title='bbox 1546 2736 1672 2805; x_wconf 87' lang='lat' dir='ltr'>antem</span> <span class='ocrx_word' id='word_1_152' title='bbox 1691 2730 1754 2804; x_wconf 91' lang='lat' dir='ltr'>dat</span> <span class='ocrx_word' id='word_1_153' title='bbox 1768 2731 1845 2805; x_wconf 87' lang='lat' dir='ltr'>dno</span> <span class='ocrx_word' id='word_1_154' title='bbox 1862 2731 1943 2804; x_wconf 85' lang='lat' dir='ltr'>mil·</span> 
     </span>
     <span class='ocr_line' id='line_1_18' title="bbox 770 2833 2059 2946; baseline 0.001 -22"><span class='ocrx_word' id='word_1_155' title='bbox 770 2849 817 2924; x_wconf 89' lang='lat' dir='ltr'>lia</span> <span class='ocrx_word' id='word_1_156' title='bbox 843 2856 881 2924; x_wconf 91' lang='lat' dir='ltr'>et</span> <span class='ocrx_word' id='word_1_157' title='bbox 907 2849 1006 2924; x_wconf 93' lang='lat' dir='ltr'>mille</span> <span class='ocrx_word' id='word_1_158' title='bbox 1031 2844 1262 2946; x_wconf 78' lang='lat' dir='ltr'>quingentos.</span> <span class='ocrx_word' id='word_1_159' title='bbox 1279 2849 1324 2923; x_wconf 87' lang='lat' dir='ltr'>Et</span> <span class='ocrx_word' id='word_1_160' title='bbox 1340 2849 1399 2924; x_wconf 87' lang='lat' dir='ltr'>hic</span> <span class='ocrx_word' id='word_1_161' title='bbox 1417 2855 1516 2942; x_wconf 84' lang='lat' dir='ltr'>nota,</span> <span class='ocrx_word' id='word_1_162' title='bbox 1534 2850 1632 2943; x_wconf 85' lang='lat' dir='ltr'>quod</span> <span class='ocrx_word' id='word_1_163' title='bbox 1649 2849 1734 2924; x_wconf 85' lang='lat' dir='ltr'>linet</span> <span class='ocrx_word' id='word_1_164' title='bbox 1752 2850 1820 2924; x_wconf 84' lang='lat' dir='ltr'>dos</span> <span class='ocrx_word' id='word_1_165' title='bbox 1834 2849 1944 2925; x_wconf 77' lang='lat' dir='ltr'>detm</span> <span class='ocrx_word' id='word_1_166' title='bbox 2056 2833 2059 2840; x_wconf 38' lang='lat'>¹</span> 
     </span>
     <span class='ocr_line' id='line_1_19' title="bbox 773 2967 1943 3066; baseline 0.003 -24"><span class='ocrx_word' id='word_1_167' title='bbox 773 2967 933 3042; x_wconf 85' lang='lat' dir='ltr'>loeminae</span> <span class='ocrx_word' id='word_1_168' title='bbox 966 2976 1117 3066; x_wconf 87' lang='lat' dir='ltr'>propter</span> <span class='ocrx_word' id='word_1_169' title='bbox 1150 2989 1264 3044; x_wconf 88' lang='lat' dir='ltr'>onera</span> <span class='ocrx_word' id='word_1_170' title='bbox 1301 2969 1523 3044; x_wconf 82' lang='lat' dir='ltr'>matrimonii</span> <span class='ocrx_word' id='word_1_171' title='bbox 1562 2969 1785 3062; x_wconf 81' lang='lat' dir='ltr'>sustinenda,</span> <span class='ocrx_word' id='word_1_172' title='bbox 1819 2977 1943 3045; x_wconf 88' lang='lat' dir='ltr'>tamen</span> 
     </span>
     <span class='ocr_line' id='line_1_20' title="bbox 753 3077 1944 3185; baseline 0.003 -24"><span class='ocrx_word' id='word_1_173' title='bbox 753 3077 959 3183; x_wconf 75' lang='lat' dir='ltr'>¹superflua</span> <span class='ocrx_word' id='word_1_174' title='bbox 984 3089 1049 3166; x_wconf 91' lang='lat' dir='ltr'>dos</span> <span class='ocrx_word' id='word_1_175' title='bbox 1080 3111 1154 3164; x_wconf 93' lang='lat' dir='ltr'>non</span> <span class='ocrx_word' id='word_1_176' title='bbox 1186 3090 1371 3183; x_wconf 87' lang='lat' dir='ltr'>landatur,</span> <span class='ocrx_word' id='word_1_177' title='bbox 1397 3111 1483 3184; x_wconf 78' lang='lat' dir='ltr'>qnae</span> <span class='ocrx_word' id='word_1_178' title='bbox 1513 3090 1740 3185; x_wconf 86' lang='lat' dir='ltr'>depauperat</span> <span class='ocrx_word' id='word_1_179' title='bbox 1769 3091 1944 3184; x_wconf 79' lang='lat' dir='ltr'>domum3</span> 
     </span>
     <span class='ocr_line' id='line_1_21' title="bbox 759 3201 1945 3308; baseline 0.003 -25"><span class='ocrx_word' id='word_1_180' title='bbox 759 3210 888 3284; x_wconf 56' lang='lat' dir='ltr'>‘immo</span> <span class='ocrx_word' id='word_1_181' title='bbox 901 3211 1092 3308; x_wconf 85' lang='lat' dir='ltr'>Lycurgus</span> <span class='ocrx_word' id='word_1_182' title='bbox 1107 3201 1143 3302; x_wconf 81' lang='lat'>(³)</span> <span class='ocrx_word' id='word_1_183' title='bbox 1160 3211 1256 3306; x_wconf 87' lang='lat' dir='ltr'>inter</span> <span class='ocrx_word' id='word_1_184' title='bbox 1272 3210 1364 3285; x_wconf 79' lang='lat' dir='ltr'>alias&#39;</span> <span class='ocrx_word' id='word_1_185' title='bbox 1379 3212 1480 3307; x_wconf 79' lang='lat' dir='ltr'>leges</span> <span class='ocrx_word' id='word_1_186' title='bbox 1499 3231 1586 3286; x_wconf 86' lang='lat' dir='ltr'>snas</span> <span class='ocrx_word' id='word_1_187' title='bbox 1599 3210 1785 3290; x_wconf 83' lang='lat' dir='ltr'>mandarit</span> <span class='ocrx_word' id='word_1_188' title='bbox 1803 3217 1844 3286; x_wconf 88' lang='lat' dir='ltr'>nt</span> <span class='ocrx_word' id='word_1_189' title='bbox 1862 3232 1945 3286; x_wconf 86' lang='lat' dir='ltr'>mn·</span> 
     </span>
     <span class='ocr_line' id='line_1_22' title="bbox 633 3331 1946 3427; baseline 0.002 -23"><span class='ocrx_word' id='word_1_190' title='bbox 633 3347 639 3362; x_wconf 91' lang='lat'><strong>·</strong></span> <span class='ocrx_word' id='word_1_191' title='bbox 773 3332 880 3406; x_wconf 87' lang='lat' dir='ltr'>lieres</span> <span class='ocrx_word' id='word_1_192' title='bbox 905 3331 983 3406; x_wconf 90' lang='lat' dir='ltr'>sine</span> <span class='ocrx_word' id='word_1_193' title='bbox 1008 3331 1353 3427; x_wconf 82' lang='lat' dir='ltr'>dote-traderentur</span> <span class='ocrx_word' id='word_1_194' title='bbox 1383 3331 1471 3406; x_wconf 81' lang='lat' dir='ltr'>viris</span> <span class='ocrx_word' id='word_1_195' title='bbox 1500 3337 1729 3408; x_wconf 75' lang='lat' dir='ltr'>eto-Noa</span> <span class='ocrx_word' id='word_1_196' title='bbox 1754 3353 1856 3421; x_wconf 70' lang='lat' dir='ltr'>aveo.</span> <span class='ocrx_word' id='word_1_197' title='bbox 1881 3333 1946 3407; x_wconf 83' lang='lat' dir='ltr'>llio</span> 
     </span>
     <span class='ocr_line' id='line_1_23' title="bbox 714 3451 1946 3549; baseline 0.002 -23"><span class='ocrx_word' id='word_1_198' title='bbox 714 3475 715 3478; x_wconf 57' lang='lat'>‘</span> <span class='ocrx_word' id='word_1_199' title='bbox 772 3451 1012 3547; x_wconf 83' lang='lat' dir='ltr'>Caeciaguida</span> <span class='ocrx_word' id='word_1_200' title='bbox 1038 3451 1211 3542; x_wconf 79' lang='lat' dir='ltr'>describit</span> <span class='ocrx_word' id='word_1_201' title='bbox 1235 3453 1366 3526; x_wconf 82' lang='lat' dir='ltr'>texum</span> <span class='ocrx_word' id='word_1_202' title='bbox 1394 3451 1674 3526; x_wconf 87' lang='lat' dir='ltr'>florentinorum</span> <span class='ocrx_word' id='word_1_203' title='bbox 1709 3453 1747 3526; x_wconf 92' lang='lat' dir='ltr'>in</span> <span class='ocrx_word' id='word_1_204' title='bbox 1774 3455 1946 3549; x_wconf 87' lang='lat' dir='ltr'>amplitu-</span> 
     </span>
     <span class='ocr_line' id='line_1_24' title="bbox 772 3571 1947 3668; baseline 0.003 -23"><span class='ocrx_word' id='word_1_205' title='bbox 772 3571 857 3645; x_wconf 87' lang='lat' dir='ltr'>dine</span> <span class='ocrx_word' id='word_1_206' title='bbox 895 3571 1113 3646; x_wconf 85' lang='lat' dir='ltr'>stantiarum</span> <span class='ocrx_word' id='word_1_207' title='bbox 1148 3579 1186 3646; x_wconf 91' lang='lat' dir='ltr'>et</span> <span class='ocrx_word' id='word_1_208' title='bbox 1217 3572 1368 3647; x_wconf 88' lang='lat' dir='ltr'>mollitie</span> <span class='ocrx_word' id='word_1_209' title='bbox 1405 3573 1698 3668; x_wconf 78' lang='lat' dir='ltr'>supellectilium,</span> <span class='ocrx_word' id='word_1_210' title='bbox 1728 3573 1875 3650; x_wconf 82' lang='lat' dir='ltr'>dioens:</span> <span class='ocrx_word' id='word_1_211' title='bbox 1909 3586 1947 3666; x_wconf 82' lang='lat' dir='ltr'>et</span> 
     </span>
     <span class='ocr_line' id='line_1_25' title="bbox 773 3689 1946 3789; baseline 0.005 -25"><span class='ocrx_word' id='word_1_212' title='bbox 773 3689 955 3765; x_wconf 84' lang='lat' dir='ltr'>Florentia</span> <span class='ocrx_word' id='word_1_213' title='bbox 981 3697 1149 3787; x_wconf 88' lang='lat' dir='ltr'>tempore</span> <span class='ocrx_word' id='word_1_214' title='bbox 1176 3712 1272 3784; x_wconf 89' lang='lat' dir='ltr'>meo,</span> <span class='ocrx_word' id='word_1_215' title='bbox 1296 3713 1371 3766; x_wconf 82' lang='lat' dir='ltr'>non</span> <span class='ocrx_word' id='word_1_216' title='bbox 1394 3713 1484 3767; x_wconf 84' lang='lat' dir='ltr'>ovea</span> <span class='ocrx_word' id='word_1_217' title='bbox 1508 3714 1589 3767; x_wconf 78' lang='lat' dir='ltr'>ome</span> <span class='ocrx_word' id='word_1_218' title='bbox 1611 3697 1650 3768; x_wconf 85' lang='lat' dir='ltr'>di</span> <span class='ocrx_word' id='word_1_219' title='bbox 1670 3698 1834 3788; x_wconf 60' lang='lat' dir='ltr'>sonantia</span> <span class='ocrx_word' id='word_1_220' title='bbox 1849 3704 1946 3789; x_wconf 81' lang='lat' dir='ltr'>oete,-</span> 
     </span>
     <span class='ocr_line' id='line_1_26' title="bbox 774 3811 1988 3911; baseline 0.004 -24"><span class='ocrx_word' id='word_1_221' title='bbox 774 3818 963 3906; x_wconf 77' lang='lat' dir='ltr'>exponunt</span> <span class='ocrx_word' id='word_1_222' title='bbox 991 3811 1112 3906; x_wconf 88' lang='lat' dir='ltr'>aliqui.</span> <span class='ocrx_word' id='word_1_223' title='bbox 1134 3813 1222 3905; x_wconf 88' lang='lat' dir='ltr'>qnia</span> <span class='ocrx_word' id='word_1_224' title='bbox 1248 3819 1337 3888; x_wconf 86' lang='lat' dir='ltr'>tune</span> <span class='ocrx_word' id='word_1_225' title='bbox 1362 3814 1526 3888; x_wconf 73' lang='lat' dir='ltr'>nondum</span> <span class='ocrx_word' id='word_1_226' title='bbox 1551 3821 1659 3890; x_wconf 89' lang='lat' dir='ltr'>erant</span> <span class='ocrx_word' id='word_1_227' title='bbox 1690 3815 1795 3890; x_wconf 74' lang='lat' dir='ltr'>lectae</span> <span class='ocrx_word' id='word_1_228' title='bbox 1817 3817 1947 3911; x_wconf 76' lang='lat' dir='ltr'>ernal-</span> <span class='ocrx_word' id='word_1_229' title='bbox 1983 3859 1988 3868; x_wconf 88' lang='lat'><strong>·</strong></span> 
     </span>
     <span class='ocr_line' id='line_1_27' title="bbox 775 3932 1948 4030; baseline -0.002 -18"><span class='ocrx_word' id='word_1_230' title='bbox 775 3932 1092 4026; x_wconf 75' lang='lat' dir='ltr'>sionespartinm,</span> <span class='ocrx_word' id='word_1_231' title='bbox 1114 3953 1198 4026; x_wconf 85' lang='lat' dir='ltr'>quae</span> <span class='ocrx_word' id='word_1_232' title='bbox 1219 3935 1468 4028; x_wconf 65' lang='lat' dir='ltr'>postea-lactan</span> <span class='ocrx_word' id='word_1_233' title='bbox 1483 3941 1571 4008; x_wconf 90' lang='lat' dir='ltr'>sunt</span> <span class='ocrx_word' id='word_1_234' title='bbox 1585 3955 1700 4030; x_wconf 82' lang='lat' dir='ltr'><strong>saepe3</strong></span> <span class='ocrx_word' id='word_1_235' title='bbox 1718 3944 1756 4012; x_wconf 90' lang='lat' dir='ltr'>et</span> <span class='ocrx_word' id='word_1_236' title='bbox 1779 3943 1948 4012; x_wconf 81' lang='lat' dir='ltr'>recenter</span> 
     </span>
     <span class='ocr_line' id='line_1_28' title="bbox 774 4052 1948 4149; baseline 0.005 -23"><span class='ocrx_word' id='word_1_237' title='bbox 774 4057 881 4126; x_wconf 86' lang='lat' dir='ltr'>erant</span> <span class='ocrx_word' id='word_1_238' title='bbox 906 4052 1010 4126; x_wconf 74' lang='lat' dir='ltr'>laetae</span> <span class='ocrx_word' id='word_1_239' title='bbox 1038 4059 1203 4146; x_wconf 87' lang='lat' dir='ltr'>tempore</span> <span class='ocrx_word' id='word_1_240' title='bbox 1228 4052 1300 4128; x_wconf 90' lang='lat' dir='ltr'>illo.</span> <span class='ocrx_word' id='word_1_241' title='bbox 1327 4053 1399 4128; x_wconf 86' lang='lat' dir='ltr'>Sed</span> <span class='ocrx_word' id='word_1_242' title='bbox 1423 4053 1491 4130; x_wconf 86' lang='lat' dir='ltr'>ista</span> <span class='ocrx_word' id='word_1_243' title='bbox 1516 4055 1695 4149; x_wconf 82' lang='lat' dir='ltr'>expositio</span> <span class='ocrx_word' id='word_1_244' title='bbox 1715 4056 1800 4132; x_wconf 85' lang='lat' dir='ltr'>linet</span> <span class='ocrx_word' id='word_1_245' title='bbox 1824 4056 1948 4132; x_wconf 81' lang='lat' dir='ltr'>viden·</span> 
     </span>
     <span class='ocr_line' id='line_1_29' title="bbox 776 4176 1950 4270; baseline 0.005 -23"><span class='ocrx_word' id='word_1_246' title='bbox 776 4180 837 4247; x_wconf 91' lang='lat' dir='ltr'>tur</span> <span class='ocrx_word' id='word_1_247' title='bbox 862 4191 1036 4266; x_wconf 86' lang='lat' dir='ltr'>consona,</span> <span class='ocrx_word' id='word_1_248' title='bbox 1054 4193 1127 4247; x_wconf 92' lang='lat' dir='ltr'>non</span> <span class='ocrx_word' id='word_1_249' title='bbox 1146 4181 1270 4249; x_wconf 86' lang='lat' dir='ltr'>tamen</span> <span class='ocrx_word' id='word_1_250' title='bbox 1294 4181 1350 4249; x_wconf 87' lang='lat' dir='ltr'>est</span> <span class='ocrx_word' id='word_1_251' title='bbox 1375 4195 1476 4270; x_wconf 78' lang='lat' dir='ltr'>vera,</span> <span class='ocrx_word' id='word_1_252' title='bbox 1488 4176 1589 4270; x_wconf 68' lang='lat' dir='ltr'>onia</span> <span class='ocrx_word' id='word_1_253' title='bbox 1605 4177 1690 4254; x_wconf 85' lang='lat' dir='ltr'>lieet</span> <span class='ocrx_word' id='word_1_254' title='bbox 1705 4177 1812 4252; x_wconf 79' lang='lat' dir='ltr'>leotae</span> <span class='ocrx_word' id='word_1_255' title='bbox 1827 4184 1950 4253; x_wconf 73' lang='lat' dir='ltr'>meent</span> 
     </span>
     <span class='ocr_line' id='line_1_30' title="bbox 775 4292 1949 4390; baseline 0.007 -26"><span class='ocrx_word' id='word_1_256' title='bbox 775 4292 854 4366; x_wconf 83' lang='lat' dir='ltr'>istae</span> <span class='ocrx_word' id='word_1_257' title='bbox 880 4293 1123 4387; x_wconf 85' lang='lat' dir='ltr'>expulsiones,</span> <span class='ocrx_word' id='word_1_258' title='bbox 1143 4300 1267 4368; x_wconf 89' lang='lat' dir='ltr'>tamen</span> <span class='ocrx_word' id='word_1_259' title='bbox 1292 4293 1341 4368; x_wconf 86' lang='lat' dir='ltr'>ita</span> <span class='ocrx_word' id='word_1_260' title='bbox 1366 4295 1641 4390; x_wconf 77' lang='lat' dir='ltr'>germinaverat</span> <span class='ocrx_word' id='word_1_261' title='bbox 1667 4298 1949 4373; x_wconf 74' lang='lat' dir='ltr'>florentinorum</span> 
     </span>
     <span class='ocr_line' id='line_1_31' title="bbox 777 4404 1992 4516; baseline 0.006 -28"><span class='ocrx_word' id='word_1_262' title='bbox 777 4433 916 4507; x_wconf 85' lang='lat' dir='ltr'>semen,</span> <span class='ocrx_word' id='word_1_263' title='bbox 937 4413 1037 4508; x_wconf 87' lang='lat' dir='ltr'>qnod</span> <span class='ocrx_word' id='word_1_264' title='bbox 1061 4413 1244 4490; x_wconf 84' lang='lat' dir='ltr'>Florentia</span> <span class='ocrx_word' id='word_1_265' title='bbox 1261 4421 1341 4490; x_wconf 85' lang='lat' dir='ltr'>erat</span> <span class='ocrx_word' id='word_1_266' title='bbox 1356 4404 1393 4507; x_wconf 72' lang='lat'>(⁴)</span> <span class='ocrx_word' id='word_1_267' title='bbox 1411 4415 1459 4492; x_wconf 85' lang='lat' dir='ltr'>de</span> <span class='ocrx_word' id='word_1_268' title='bbox 1473 4415 1585 4511; x_wconf 84' lang='lat' dir='ltr'>duplo</span> <span class='ocrx_word' id='word_1_269' title='bbox 1603 4418 1685 4512; x_wconf 81' lang='lat' dir='ltr'>plns</span> <span class='ocrx_word' id='word_1_270' title='bbox 1701 4420 1841 4513; x_wconf 86' lang='lat' dir='ltr'>repleta</span> <span class='ocrx_word' id='word_1_271' title='bbox 1856 4439 1949 4516; x_wconf 77' lang='lat' dir='ltr'>gen-</span> <span class='ocrx_word' id='word_1_272' title='bbox 1989 4457 1992 4462; x_wconf 96' lang='lat'>·</span> 
     </span>
    </p>
   </div>
   <div class='ocr_carea' id='block_1_3' title="bbox 839 4695 1528 4992">
    <p class='ocr_par' dir='ltr' id='par_1_3' title="bbox 839 4695 1364 4764">
     <span class='ocr_line' id='line_1_32' title="bbox 839 4695 1364 4764; baseline 0.008 -18"><span class='ocrx_word' id='word_1_273' title='bbox 839 4695 867 4759; x_wconf 80' lang='lat'>(¹)</span> <span class='ocrx_word' id='word_1_274' title='bbox 884 4697 914 4749; x_wconf 82' lang='grc' dir='ltr'>Ε.</span> <span class='ocrx_word' id='word_1_275' title='bbox 931 4699 1085 4751; x_wconf 69' lang='lat' dir='ltr'>duodecim</span> <span class='ocrx_word' id='word_1_276' title='bbox 1101 4699 1143 4750; x_wconf 81' lang='lat' dir='ltr'>rel</span> <span class='ocrx_word' id='word_1_277' title='bbox 1159 4699 1364 4764; x_wconf 75' lang='lat' dir='ltr'>deelmoqnlnto.</span> 
     </span>
    </p>

    <p class='ocr_par' dir='ltr' id='par_1_4' title="bbox 840 4773 1528 4915">
     <span class='ocr_line' id='line_1_33' title="bbox 840 4773 1528 4835; baseline 0.006 -12"><span class='ocrx_word' id='word_1_278' title='bbox 840 4773 867 4834; x_wconf 78' lang='lat'>(¹)</span> <span class='ocrx_word' id='word_1_279' title='bbox 884 4773 915 4824; x_wconf 83' lang='grc' dir='ltr'>Ε.</span> <span class='ocrx_word' id='word_1_280' title='bbox 931 4787 985 4824; x_wconf 80' lang='lat' dir='ltr'>sun</span> <span class='ocrx_word' id='word_1_281' title='bbox 1000 4775 1026 4824; x_wconf 88' lang='lat' dir='ltr'>in</span> <span class='ocrx_word' id='word_1_282' title='bbox 1043 4773 1131 4825; x_wconf 80' lang='lat' dir='ltr'>dotem</span> <span class='ocrx_word' id='word_1_283' title='bbox 1148 4775 1299 4835; x_wconf 80' lang='lat' dir='ltr'>dueentem,</span> <span class='ocrx_word' id='word_1_284' title='bbox 1316 4773 1357 4826; x_wconf 79' lang='lat' dir='ltr'>rel</span> <span class='ocrx_word' id='word_1_285' title='bbox 1373 4779 1528 4827; x_wconf 84' lang='lat' dir='ltr'>teroentnm.</span> 
     </span>
     <span class='ocr_line' id='line_1_34' title="bbox 842 4850 1305 4915; baseline 0.006 -16"><span class='ocrx_word' id='word_1_286' title='bbox 842 4850 868 4909; x_wconf 76' lang='lat'>(¹)</span> <span class='ocrx_word' id='word_1_287' title='bbox 886 4851 915 4900; x_wconf 84' lang='lat' dir='ltr'>E.</span> <span class='ocrx_word' id='word_1_288' title='bbox 932 4850 1068 4915; x_wconf 71' lang='lat' dir='ltr'>Lyeurgus</span> <span class='ocrx_word' id='word_1_289' title='bbox 1084 4865 1130 4902; x_wconf 81' lang='lat' dir='ltr'>rer</span> <span class='ocrx_word' id='word_1_290' title='bbox 1147 4852 1216 4902; x_wconf 84' lang='lat' dir='ltr'>inter</span> <span class='ocrx_word' id='word_1_291' title='bbox 1232 4852 1305 4902; x_wconf 81' lang='lat' dir='ltr'>altas.</span> 
     </span>
    </p>

    <p class='ocr_par' dir='ltr' id='par_1_5' title="bbox 843 4926 1352 4992">
     <span class='ocr_line' id='line_1_35' title="bbox 843 4926 1352 4992; baseline 0.01 -17"><span class='ocrx_word' id='word_1_292' title='bbox 843 4926 870 4988; x_wconf 76' lang='lat'>(⁸)</span> <span class='ocrx_word' id='word_1_293' title='bbox 886 4927 917 4976; x_wconf 86' lang='lat' dir='ltr'>E.</span> <span class='ocrx_word' id='word_1_294' title='bbox 933 4931 990 4978; x_wconf 77' lang='lat' dir='ltr'>erat</span> <span class='ocrx_word' id='word_1_295' title='bbox 1006 4928 1116 4992; x_wconf 80' lang='lat' dir='ltr'>decuplo</span> <span class='ocrx_word' id='word_1_296' title='bbox 1134 4928 1198 4992; x_wconf 84' lang='lat' dir='ltr'>plns.</span> <span class='ocrx_word' id='word_1_297' title='bbox 1349 4963 1352 4968; x_wconf 93' lang='lat'>-</span> 
     </span>
    </p>
   </div>
   <div class='ocr_carea' id='block_1_4' title="bbox 0 0 2457 6642">
    <p class='ocr_par' dir='ltr' id='par_1_6' title="bbox 0 0 2457 6642">
     <span class='ocr_line' id='line_1_36' title="bbox 0 0 2457 6642; baseline 0 0"><span class='ocrx_word' id='word_1_298' title='bbox 0 0 2457 6642; x_wconf 95' lang='lat' dir='ltr'> </span> 
     </span>
    </p>
   </div>
  </div>
 </body>
</html>
