4842 6642
837 799 909 871 tao
1229 817 1433 875 conauruu
1457 819 1621 874 sunnam

837 959 911 1036 rita
945 961 1045 1056 quod
1078 961 1125 1035 ab
1159 982 1204 1037 ea
1235 962 1447 1038 obtinebam
1481 981 1631 1038 omnem
1657 961 1813 1059 gratiam
1846 963 2010 1058 justam,

837 1090 976 1176 quanto
993 1082 1110 1180 magis
1127 1101 1226 1156 nuuc
1250 1083 1287 1156 in
1315 1103 1429 1181 regno
1446 1083 1550 1160 eiust
1573 1084 1617 1158 Et
1637 1089 1692 1158 est
1715 1101 1850 1158 nomen
1876 1104 2010 1160 conve-

837 1205 941 1279 niens
966 1203 1038 1298 rei,
1064 1203 1196 1279 dicitur
1223 1204 1319 1279 enim
1348 1205 1568 1299 bernardus,
1594 1204 1696 1296 idest,
1722 1204 1817 1280 bene
1844 1205 2010 1280 redolens

839 1326 985 1421 nardus,
999 1345 1084 1420 quae
1104 1331 1160 1400 est
1176 1324 1289 1400 arbor
1305 1326 1518 1402 aromatica.
1534 1365 1583 1380 -
1599 1328 1717 1415 Quale.
1736 1325 1801 1401 llic
1818 1333 1929 1400 autor
1945 1326 2011 1402 de·

838 1447 961 1522 scribit
978 1467 1083 1522 suam
1102 1445 1363 1540 inspectionem
1382 1445 1419 1520 in
1437 1443 1666 1520 Bernardum
1687 1465 1753 1540 per
1773 1466 1885 1520 unam
1908 1459 2011 1521 com-

837 1566 1067 1663 parationem
1096 1564 1325 1640 manitestam
1351 1565 1419 1640 illis
1452 1565 1625 1656 maxime,
1651 1565 1714 1659 qui
1748 1565 1888 1661 experti
1923 1572 2010 1640 sunt

838 1689 937 1762 bunc
961 1694 1084 1762 actum
1111 1686 1240 1761 Romae
1265 1683 1419 1761 videndo
1444 1683 1646 1760 sudarium.
1673 1686 1759 1760 Vult
1789 1686 1888 1760 enim
1924 1685 2010 1762 bre-

838 1809 932 1884 viter
948 1809 1069 1883 dicere
1085 1806 1185 1902 quod
1201 1806 1248 1880 ad
1265 1805 1492 1882 caritativam
1520 1806 1795 1902 persuasionem
1819 1805 2009 1900 Bernardi,

839 1931 896 2005 vel
912 1929 1042 2004 medus
1056 1927 1272 2023 respiciebat
1284 1927 1475 2002 caritatem
1490 1927 1601 2023 ipsius
1614 1927 1803 2022 Romami,
1817 1929 1875 2002 vel
1895 1927 2011 2024 respi-

837 2049 957 2126 ciebat
982 2043 1110 2124 laciem
1134 2047 1310 2122 Bernardi
1329 2046 1401 2122 iixe
1418 2067 1504 2122 cum
1523 2053 1622 2123 tanta
1639 2047 1881 2123 admiratione
1898 2055 1936 2124 et
1953 2048 2009 2124 di-

837 2170 1003 2264 lectione,
1017 2175 1154 2262 quanta
1171 2168 1282 2243 sclavi
1302 2167 1498 2264 respiciunt
1510 2167 1701 2248 sudarium
1719 2168 1867 2262 quando
1884 2174 2008 2244 osten-

837 2291 936 2367 ditur
959 2291 1087 2365 Romae
1111 2291 1149 2364 in
1173 2289 1326 2366 ecclesia
1343 2289 1440 2365 beati
1461 2288 1569 2364 Petri.
1591 2289 1696 2364 Nunc
1716 2307 1807 2385 ergo
1832 2295 2008 2364 construe

836 2412 979 2487 literam
1005 2411 1076 2485 sic:
1103 2413 1143 2483 lo
1168 2431 1233 2482 ero
1258 2411 1309 2483 tol
1326 2411 1491 2482 mirando
1510 2413 1548 2484 to
1568 2412 1687 2484 uiuam
1709 2400 1823 2500 coritd
1840 2411 1878 2484 di
1903 2411 2006 2500 colui,

837 2533 983 2626 scilicet,
1008 2530 1331 2624 bernardinum
1356 2537 1473 2622 questo
1497 2531 1637 2622 molada,
1655 2530 1802 2624 scilicet,
1820 2529 1947 2606 vivens
1970 2529 2006 2602 in

745 2732 749 2738 ,
836 2672 959 2744 carne,
984 2641 1085 2743 posu
1110 2652 1147 2724 di
1171 2651 1285 2741 puello
1305 2671 1406 2742 poce,
1427 2647 1529 2743 idest,
1547 2650 1786 2746 praegustavit
1809 2649 1857 2724 de
1881 2649 2008 2724 dulce-

837 2771 921 2846 dine
947 2770 1041 2845 illius
1065 2769 1202 2867 gloriae,
1228 2773 1516 2864 columnatum
1541 2769 1800 2865 contemplatio
1824 2769 1922 2846 euim
1952 2774 2006 2844 est

838 2913 950 2968 verus
968 2891 1109 2984 modus,
1131 2911 1208 2986 quo
1233 2891 1344 2965 homo
1361 2889 1520 2966 existens
1536 2889 1656 2966 adbuc
1674 2890 1710 2966 in
1729 2891 1868 2966 mundo
1885 2892 2007 2985 loqui-

838 3021 1002 3090 turcum
1021 3015 1108 3106 lleo,
1126 3020 1164 3088 et
1184 3012 1358 3108 praevidet
1381 3011 1587 3088 felicitatem
1608 3033 1721 3107 quam
1742 3019 1885 3108 sperat;
1907 3015 2008 3106 quob

837 3137 940 3224 colui,
964 3132 1092 3229 supple
1116 3140 1184 3226 est,
1208 3135 1269 3206 cbo
1297 3133 1395 3226 [orso
1424 3153 1532 3207 venae
1561 3135 1599 3207 di
1634 3137 1800 3227 Groazia,
1836 3155 1920 3229 quae
1954 3141 2009 3210 est

838 3253 1023 3350 provincia
1048 3251 1085 3325 in
1110 3251 1274 3347 partibus
1299 3251 1511 3348 Sclavoniae,
1532 3255 1730 3328 caederis
1757 3257 1924 3330 Veronico
1940 3275 2007 3328 no-

836 3382 927 3468 stra,
947 3372 1051 3467 idest,
1071 3372 1263 3448 sudarium
1290 3373 1367 3448 sive
1392 3373 1589 3471 imaginem
1606 3373 1818 3469 Salvatoris,
1835 3395 1920 3470 quae
1939 3396 2009 3450 vo·

838 3497 942 3570 catur
960 3491 1138 3568 veronica
1157 3513 1180 3568 a
1198 3492 1271 3567 lilia
1288 3491 1511 3568 Constantini
1529 3500 1596 3568 etc.
1615 3495 1658 3568 Et
1678 3491 1782 3588 dicit;
1799 3495 1860 3570 cte
1878 3515 1951 3570 nou
1975 3500 2006 3570 si

836 3616 953 3704 sorio,
978 3613 1126 3707 scilicet,
1151 3611 1290 3688 visione
1323 3611 1429 3708 illius,
1462 3633 1523 3686 mo
1556 3616 1629 3688 dice
1665 3617 1725 3688 acl
1754 3618 1908 3707 peusin,
1935 3615 2007 3692 sci-

839 3734 932 3829 licet,
958 3733 995 3808 iu
1021 3740 1145 3808 mente
1174 3753 1253 3828 sua,
1276 3730 1390 3826 fincte*
1420 3736 1453 3807 st
1484 3741 1638 3808 mostra:
1663 3738 1794 3827 Sipnor
1819 3737 1889 3810 mio
1906 3733 2006 3826 ,cest

841 3856 967 3944 druto,
992 3856 1062 3927 Dio
1094 3873 1231 3944 omoce,
1262 3873 1307 3926 or
1333 3856 1373 3949 su
1397 3845 1427 3928 sl
1449 3857 1541 3950 sotto
1566 3855 1603 3928 to
1630 3855 1834 3931 semotanza
1860 3864 2006 3932 amira?

838 3973 941 4068 idest,
965 3996 1013 4049 an
1039 3973 1119 4047 talis
1144 3973 1211 4047 luit
1237 3973 1359 4072 imago
1383 3982 1420 4050 et
1447 3973 1556 4050 iacies
1581 3979 1729 4050 vostra?
1754 3975 1879 4052 illest
1904 3997 2006 4052 com-

839 4095 979 4192 paratio
996 4095 1141 4190 propria
1158 4095 1205 4170 de
1222 4094 1381 4193 imagine
1398 4095 1528 4172 Christi
1542 4090 1594 4189 (¹),
1612 4095 1718 4171 cuius
1735 4095 1873 4172 visione
1894 4097 2006 4172 homo

840 4216 1002 4312 repletur
1027 4215 1150 4291 letitia
1167 4222 1205 4290 et
1222 4223 1373 4311 stupore
1392 4213 1438 4290 ad
1459 4215 1588 4292 taciem
1607 4216 1800 4291 ardentem
1819 4215 2006 4309 bernardi,

839 4357 913 4431 qua
937 4357 1011 4410 non
1037 4335 1239 4411 satiabatur
1263 4335 1362 4410 visus
1391 4333 1542 4411 autoris.
1557 4375 1606 4390 -
1622 4337 1781 4428 liptiuol.
1808 4335 1873 4410 llic
1897 4343 2006 4410 autor

839 4458 944 4553 ponit
963 4455 1253 4532 exhortationem
1272 4455 1446 4532 Bernardi
1473 4456 1520 4532 ad
1545 4477 1585 4532 se
1611 4463 1652 4532 ut
1677 4457 1794 4555 erigat
1816 4457 1935 4532 visum
1961 4457 2006 4532 ad

837 4576 1043 4673 superiora3
1069 4574 1167 4652 unde
1191 4576 1297 4652 dicit:
1318 4579 1409 4670 Epli,
1426 4577 1561 4652 scilicet
1578 4575 1799 4671 Bernardus,
1824 4571 2005 4672 comiaclo,
2042 4580 2046 4589 '

727 4797 733 4805 .
839 4700 977 4794 supple,
998 4699 1120 4774 dicere
1140 4698 1250 4773 mibi:
1276 4720 1298 4773 o
1320 4701 1458 4792 ppliuol
1481 4701 1520 4772 di
1541 4702 1685 4793 mazio,
1712 4695 1814 4792 idest,
1832 4719 1856 4773 o
1873 4699 2006 4774 Dantes

902 4955 930 5020 (¹)
946 4957 977 5008 B.
992 4957 1054 5009 lesu
1069 4957 1171 5010 cbrtsd
