4842 6642
730 794 868 850 CANTUS
893 795 1051 852 DECIMUS
1075 796 1238 850 ruamus·
1523 783 1570 848 95

398 938 500 1032 coeli5
527 939 576 1012 ita
602 937 660 1014 isti
684 939 853 1014 doctores
878 938 1030 1014 reuiuut
1054 960 1077 1013 a
1103 938 1257 1012 diversis
1281 938 1395 1034 plagis
1425 945 1462 1012 et
1486 959 1574 1032 pro·

399 1058 537 1154 vinciis,
551 1059 645 1132 sicut
659 1079 756 1134 uuus
776 1057 823 1132 ab
844 1058 956 1150 ltalia,
974 1059 1067 1134 alter
1084 1080 1107 1133 a
1126 1057 1256 1152 Gallia,
1271 1057 1367 1132 alter
1383 1058 1431 1132 ab
1446 1059 1576 1155 Hispa·

399 1178 471 1272 uia,
488 1184 526 1252 et
545 1178 594 1252 ita
619 1178 666 1253 de
692 1177 827 1252 multis.
854 1179 898 1252 lit
923 1177 1016 1252 sicut
1041 1179 1146 1253 dictae
1163 1179 1278 1252 stellae
1295 1177 1520 1254 irradiabant
1534 1199 1577 1254 se

400 1298 538 1374 mutuis
564 1298 684 1394 radiis,
710 1297 760 1372 ita
786 1298 841 1372 isti
868 1298 1035 1374 doctores
1052 1298 1258 1374 illuminant
1275 1319 1315 1374 se
1332 1298 1487 1374 invicem
1513 1319 1575 1372 ra·

400 1419 466 1494 diis
490 1419 760 1514 scripturarum
792 1419 987 1494 missarum
1012 1421 1060 1494 ab
1086 1439 1160 1494 uuo
1186 1419 1234 1492 ad
1257 1419 1371 1493 alium
1396 1425 1436 1494 et
1459 1438 1574 1514 erpo·

402 1541 567 1616 nentium
600 1533 761 1633 unius(¹)
792 1540 914 1634 aliam,
947 1547 983 1615 et
1012 1541 1060 1614 ita
1087 1541 1133 1614 de
1167 1540 1291 1614 multis
1322 1559 1407 1634 quae
1439 1559 1504 1634 per
1537 1545 1575 1612 te

402 1661 526 1736 videas
552 1665 620 1736 etc.

477 1785 544 1856 Poi
561 1784 622 1854 cle
638 1788 745 1855 toow.
772 1782 843 1856 lsta
868 1789 922 1856 est
947 1781 1107 1856 secunda
1132 1802 1218 1878 pars
1233 1781 1427 1878 generalis,
1445 1780 1480 1854 in
1498 1800 1573 1875 qua

402 1907 510 1976 autor
536 1902 642 1976 solvit
667 1901 871 1976 secundum
897 1901 1050 1975 dubium
1069 1902 1169 1996 quod
1187 1902 1365 1994 restabat;
1392 1908 1430 1976 et
1454 1900 1574 1996 primo

401 2021 446 2096 ad
472 2021 725 2116 apparandum
747 2021 923 2095 Thomam
951 2022 997 2096 de
1023 2021 1166 2116 Aquino
1191 2022 1240 2096 ad
1264 2021 1491 2115 loquendum
1508 2021 1574 2096 ‹le-

402 2142 524 2217 scribit
551 2142 812 2236 quietationem
845 2148 967 2215 motus
993 2148 1030 2215 et
1055 2148 1186 2216 cautus
1218 2141 1429 2216 animarum
1463 2141 1576 2216 dicta·

400 2283 486 2334 rum
513 2281 750 2355 coronarum,
768 2281 880 2355 quem
903 2269 1045 2335 motum
1072 2268 1110 2336 et
1135 2267 1286 2336 cantum
1313 2261 1485 2355 exprimit
1509 2281 1575 2356 per

403 2405 516 2458 unam
543 2383 856 2477 comparationem
885 2383 1050 2477 pulcram
1079 2390 1116 2456 et
1141 2382 1348 2478 propriam;
1369 2401 1453 2474 quae
1473 2400 1577 2454 com-

402 2504 544 2598 paratio
570 2509 641 2576 stat
667 2503 703 2576 iu
730 2503 810 2596 hoc,
836 2502 934 2596 quod
973 2509 1096 2576 motus
1121 2510 1159 2578 et
1183 2509 1314 2576 cantus
1338 2502 1483 2575 illarum
1513 2519 1576 2574 co-

405 2643 582 2698 ronarum
610 2621 797 2716 superavit
818 2627 960 2695 tautum
980 2628 1123 2696 motum
1141 2629 1178 2698 et
1194 2629 1345 2696 cautum
1364 2629 1574 2696 nostrarum

403 2743 624 2836 dantiarum‚
651 2749 831 2835 quantum
864 2751 987 2816 motus
1013 2741 1235 2817 firmamenti
1260 2741 1403 2818 excedit
1431 2749 1574 2816 motum

404 2863 514 2937 unius
539 2862 656 2959 stagni
683 2863 830 2936 mortui.
857 2863 962 2937 Nunc
986 2863 1034 2937 ad
1065 2862 1222 2955 literam,
1247 2867 1421 2965 construe
1446 2869 1483 2936 et
1511 2881 1575 2936 or-

405 2981 488 3056 dina
514 2982 588 3057 sic:
615 2985 798 3056 urantur
822 3005 840 3054 e
864 2985 892 3056 il
916 2986 1036 3074 volpcr
1060 3003 1127 3055 suo
1152 2985 1299 3076 ααεανα,
1327 2982 1415 3075 quia
1445 2988 1576 3054 cautos

403 3101 550 3176 duravit
576 3107 718 3176 tautum
745 3109 924 3195 quantum
952 3101 1152 3196 circulatio,
1178 3108 1216 3176 ot
1240 3101 1291 3174 ita
1323 3099 1436 3174 linivit
1467 3100 1576 3174 simul

403 3241 530 3296 secum
565 3221 715 3316 pariter,
740 3243 759 3294 c
784 3225 863 3312 quei
886 3225 980 3294 sonti
1004 3225 1099 3314 lumi,
1126 3221 1229 3315 idest,
1262 3220 1378 3296 sancti
1409 3221 1578 3296 doctores

403 3340 586 3434 luminosi,
613 3345 770 3415 ottesersi
794 3364 817 3414 a
842 3345 915 3433 coi,
942 3342 1167 3436 quietatione
1195 3342 1301 3436 iacta,
1315 3343 1517 3436 felicitando
1539 3339 1580 3416 sc*

404 3464 441 3536 di
464 3482 553 3534 αανα
577 3464 615 3534 ic
640 3483 741 3553 caro,
767 3463 853 3557 quia
886 3463 1038 3538 feliciter
1069 3464 1232 3538 fecerant
1258 3469 1401 3536 motum
1428 3468 1466 3537 et
1490 3482 1578 3536 cau·

406 3588 496 3676 tum,
523 3589 561 3656 et
586 3575 634 3656 ita
662 3581 813 3658 feliciter
838 3589 1075 3658 cessaverunt
1100 3585 1148 3658 ab
1177 3592 1351 3677 utroque,
1380 3582 1475 3657 sicut
1498 3583 1577 3678 jam

404 3702 483 3776 aliis
507 3701 648 3776 vicibus
673 3702 846 3798 lacerant,
873 3704 979 3797 quasi
1003 3704 1110 3799 dicat,
1136 3703 1256 3778 dando
1281 3703 1350 3776 sibi
1370 3709 1515 3797 tempus
1539 3702 1578 3776 in

405 3820 556 3897 diversis
581 3822 733 3896 actibus.
760 3824 804 3896 Et
829 3825 898 3897 hoc
923 3823 1004 3898 dico
1029 3824 1207 3917 iecerunt,
1226 3819 1350 3915 polotri
1371 3817 1397 3896 li
1419 3825 1452 3896 α’
1475 3814 1578 3898 aaut

405 3961 478 4014 αοα
502 3947 875 4033 neocaesaream,
901 3943 1004 4037 quasi
1021 3935 1058 4036 (²)
1086 3943 1203 4017 dicat:
1231 3942 1280 4016 ibi
1306 3964 1380 4018 uou
1402 3942 1577 4016 landave-

407 4069 495 4135 ruut
524 4063 769 4157 pluralitatem
796 4064 953 4139 deorum
986 4085 1091 4139 more
1115 4064 1308 4161 gentilium
1333 4083 1578 4160 paganorum,

407 4201 570 4275 quornm
590 4182 677 4276 duo,
695 4182 821 4277 Apollo
839 4191 876 4259 et
893 4184 1069 4280 Bacchus
1090 4191 1197 4260 eraut
1222 4183 1270 4258 dii
1296 4183 1470 4278 precipui
1487 4203 1579 4278 poe·
1670 4203 1673 4210 ·

408 4306 530 4374 tarum
558 4302 720 4376 maxime
750 4303 924 4378 celebrati
955 4311 992 4378 et
1026 4303 1158 4379 cantati
1184 4303 1410 4378 carminibus
1434 4323 1579 4398 eornm,

406 4419 500 4494 sicut
521 4421 600 4515 jam
626 4421 854 4497 declaratum
881 4429 936 4498 est
961 4423 1081 4518 primo
1102 4422 1262 4518 capitulo
1279 4422 1390 4496 huius
1407 4422 1577 4498 Paradisi.

408 4540 470 4614 mr
493 4541 591 4616 enim
620 4542 719 4616 Peau
745 4562 862 4616 uuum
880 4542 926 4618 do
943 4543 1152 4619 nominibus
1176 4543 1273 4638 solis,
1290 4550 1334 4616 ut
1357 4549 1459 4638 patet
1481 4542 1581 4638 apud

409 4679 539 4736 omues
559 4667 697 4756 poetas,
718 4661 769 4736 sic
785 4662 920 4758 dictus;
946 4663 1009 4738 sed
1034 4663 1081 4736 ibi
1107 4668 1253 4738 cantata
1279 4662 1348 4736 luit
1372 4662 1527 4737 Trinitas
1542 4663 1579 4738 iu

472 4919 736 4982 piaminum.
985 4921 1265 4988 paparum.
