4842 6642
889 770 936 836 28
1278 777 1485 835 comunt
1508 777 1674 832 PARADssi

885 933 947 999 tur
971 925 1008 998 in
1034 925 1155 1000 medio
1174 924 1257 998 coeli
1274 923 1559 1018 mquidistanter,
1576 943 1723 1019 semper
1747 930 1844 999 esset
1860 922 2058 1018 temperies

888 1046 995 1140 veris,
1021 1051 1058 1120 et
1083 1050 1304 1138 sequeretur
1329 1044 1424 1118 istud
1451 1044 1591 1119 maium
1617 1043 1716 1138 quod
1741 1048 1842 1118 terra
1866 1063 2057 1138 nunquam

887 1165 1106 1260 conciperet,
1124 1163 1224 1260 quod
1249 1164 1324 1260 agit
1349 1164 1386 1238 in
1411 1165 1565 1260 hyeme3
1584 1183 1653 1238 nec
1670 1164 1812 1238 tructus
1830 1173 2061 1239 maturesce-

889 1294 972 1362 rent
995 1286 1186 1362 deficiente
1211 1285 1335 1360 calore
1354 1284 1496 1359 intenso
1514 1284 1576 1378 qui
1594 1284 1640 1359 ad
1663 1284 1912 1359 maturitatem
1935 1285 2060 1378 requi*

890 1405 983 1480 ritur
1009 1406 1238 1482 eorumdem.
1268 1406 1305 1478 Si
1331 1427 1421 1480 vero
1445 1407 1499 1480 soi
1526 1412 1742 1480 moreretur
1773 1404 1877 1478 nobis
1909 1406 2060 1501 propin·

889 1549 985 1622 quus
1011 1529 1104 1602 sicut
1134 1527 1171 1600 in
1197 1519 1430 1619 extremod),
1456 1545 1524 1600 nec
1549 1525 1655 1600 fieret
1685 1524 1876 1622 generatio
1903 1526 2059 1600 alicuius

889 1655 1137 1740 terrenorum,
1156 1667 1224 1722 nec
1241 1654 1444 1741 cresceret3
1470 1647 1499 1720 si
1527 1666 1616 1720 vero
1641 1650 1737 1720 esset
1761 1665 1908 1740 semper
1934 1665 2060 1720 remo-

889 1776 948 1842 tus
975 1767 1076 1842 utin
1103 1770 1249 1864 hyeme,
1276 1787 1346 1840 non
1374 1767 1619 1861 producerent
1653 1766 1875 1854 nerbaenec
1906 1765 2060 1841 amores

889 1888 1049 1964 fructum
1076 1909 1185 1962 suum
1204 1889 1251 1962 ad
1273 1888 1536 1981 maturitatem,
1557 1894 1595 1961 et
1609 1878 1646 1978 (²)
1666 1885 1781 1983 frigus
1796 1886 2059 1963 adversaretur

889 2009 1019 2085 eidem.
1038 2009 1143 2083 Nunc
1163 2029 1254 2104 ergo
1279 2007 1326 2082 ad
1351 2008 1494 2082 literam
1513 2007 1598 2082 dicit
1613 2013 1744 2082 autor:
1772 2013 1857 2081 Ere
1876 2011 1912 2080 In
1934 2012 2062 2082 condo

889 2132 946 2201 tor
970 2149 1040 2201 nort
1063 2133 1157 2222 fosse
1173 2135 1279 2219 torta,
1302 2128 1406 2221 idest,
1423 2127 1453 2201 si
1472 2127 1530 2202 via
1547 2127 1711 2222 ipsorum
1734 2127 1963 2221 planetarum
1987 2149 2061 2203 non

890 2256 987 2324 esset
1012 2248 1173 2343 obliqua,
1190 2249 1254 2322 sed
1273 2253 1385 2342 recta,
1403 2248 1498 2322 sicut
1516 2248 1587 2321 sub
1610 2247 1854 2341 aequinoctiali
1880 2249 1918 2322 in
1943 2249 2065 2324 medio

889 2389 1018 2464 sperae,
1045 2371 1152 2442 morra
1178 2364 1270 2442 curti
1292 2369 1439 2442 sorabos
1461 2371 1572 2442 innon
1596 2371 1655 2441 nei
1675 2371 1774 2458 nelo,
1806 2367 1892 2462 quia
1917 2368 2064 2461 scincet,

890 2511 962 2564 non
1000 2497 1128 2586 ageret
1161 2489 1197 2562 in
1230 2489 1297 2562 ista
1333 2489 1515 2582 interiora,
1549 2489 1644 2564 sicut
1675 2509 1774 2562 nunc
1807 2487 1894 2584 agit,
1918 2509 1939 2560 o
1962 2493 2066 2580 puori

888 2612 973 2702 epm·
991 2613 1157 2703 potensin
1181 2605 1335 2702 pnoppid
1360 2615 1498 2703 morto‚·
1527 2609 1613 2703 qnia
1639 2609 1794 2684 materia
1827 2630 1911 2704 quae
1942 2617 1999 2684 est
2023 2610 2061 2683 in

888 2731 1048 2826 potentia
1072 2731 1118 2836 ad
1142 2749 1291 2804 omnem
1318 2729 1487 2821 sormam,
1513 2749 1587 2803 non
1612 2729 1859 2804 deduceretur
1891 2730 1928 2804 in
1961 2738 2059 2825 actu,

889 2851 1001 2926 etsie
1026 2857 1121 2924 esset
1144 2851 1291 2924 frustra.
1318 2851 1369 2923 lta
1393 2849 1478 2924 dicit
1497 2849 1707 2924 Aristoteles
1737 2849 1774 2923 in
1806 2851 1900 2925 libro
1923 2851 1970 2925 de
1993 2871 2061 2948 ge-

889 2971 1078 3046 neratione
1103 2977 1140 3044 et
1165 2971 1420 3065 corruptione:
1447 2970 1533 3064 quia
1551 2970 1579 3044 si
1605 2972 1660 3045 soi
1680 2977 1719 3045 et
1734 2971 1794 3045 aiii
1815 2972 1970 3066 pianetae
1986 2993 2061 3046 non

889 3089 1151 3184 elongarentur
1181 3109 1203 3162 a
1237 3088 1340 3162 nobis
1370 3095 1408 3163 et
1433 3089 1815 3184 appropinquarentur
1845 3090 1961 3184 nobis,
1986 3111 2059 3166 non

891 3217 987 3285 esset
1011 3209 1049 3282 in
1066 3210 1205 3284 mundo
1222 3209 1413 3304 generatio
1432 3216 1470 3283 et
1486 3210 1692 3304 corrupti03
1709 3219 1747 3285 et
1764 3210 1812 3284 ita
1830 3211 1967 3285 coeium
1988 3233 2062 3288 non

891 3337 1111 3426 operaretur
1136 3331 1194 3404 hic
1219 3329 1382 3424 interius,
1408 3331 1670 3426 quiapropter
1699 3351 1831 3405 eorum
1857 3332 2062 3429 elongatio-

891 3471 976 3526 nem
1003 3457 1038 3526 et
1063 3450 1453 3545 appropinquationem
1472 3449 1512 3523 ut
1528 3450 1708 3526 distinctio
1724 3458 1948 3547 temporum,
1965 3473 2061 3548 puo-

891 3592 975 3645 rum
1003 3591 1118 3643 unum
1146 3577 1200 3644 est
1226 3570 1406 3665 optimum
1431 3570 1479 3645 ad
1503 3570 1772 3666 seminandum,
1792 3572 1892 3647 niiud
1909 3573 1956 3648 ad
1974 3593 2061 3668 pro-

888 3690 1098 3766 ducendum
1126 3691 1292 3784 herbam,
1317 3689 1417 3764 aliud
1442 3690 1489 3765 ad
1513 3691 1777 3787 colligendum
1804 3693 1902 3768 unde
1918 3693 2059 3768 subdit:

890 3833 909 3884 e
939 3813 1036 3883 assat
1059 3813 1137 3883 dell·
1150 3813 1275 3883 ordine
1299 3813 1478 3885 mundano
1502 3812 1647 3885 emente
1671 3833 1797 3885 oroneo
1821 3834 1840 3886 e
1863 3833 1906 3886 ru
1931 3834 1950 3886 e
1973 3809 2060 3908 pub·

890 3930 992 4024 idest,
1020 3931 1178 4004 muitum
1211 3929 1348 4004 ordinis
1382 3929 1555 4006 deiiceret
1583 3931 1753 4025 superius
1783 3939 1821 4006 et
1846 3931 1998 4007 inferius
2021 3932 2059 4006 in

889 4051 1014 4146 speria,
1041 4050 1077 4123 in
1103 4050 1198 4124 coeio
1223 4057 1262 4123 et
1286 4050 1323 4122 in
1349 4056 1461 4144 terra,
1486 4072 1523 4124 se
1545 4052 1574 4123 il
1593 4053 1728 4144 partire
1748 4054 1843 4145 forre
1862 4048 1926 4145 pid
1942 4074 1965 4126 o
1980 4065 2060 4126 metr

890 4175 1045 4262 lontano,
1071 4190 1184 4263 quam
1211 4171 1351 4264 supple,
1383 4189 1481 4244 nunc
1512 4177 1706 4266 vagentur,
1735 4173 1800 4244 dal
1823 4175 1942 4262 dnae,
1968 4172 2060 4248 idest

889 4290 936 4365 ab
970 4289 1223 4384 aequinoctiali,
1258 4289 1361 4383 idest,
1394 4290 1424 4362 si
1457 4309 1590 4364 cursus
1620 4291 1852 4385 planetarum
1886 4293 2062 4368 contiuno

890 4416 985 4484 esset
1003 4409 1224 4505 longinquus
1241 4416 1278 4484 et
1297 4409 1524 4504 propinquus
1541 4410 1657 4503 nobis,
1674 4409 1760 4504 quia
1774 4409 1954 4486 distinctio
1968 4421 2062 4488 tern-

891 4550 1023 4626 porum
1058 4550 1130 4603 non
1165 4536 1271 4624 esset,
1304 4549 1391 4623 quae
1423 4528 1561 4604 iaciunt
1596 4529 1875 4626 generationem
1907 4539 1945 4606 et
1976 4551 2062 4606 cor·

891 4649 1111 4746 ruptionem,
1138 4657 1178 4723 nt
1202 4650 1341 4724 dictum
1367 4657 1433 4724 est
1447 4689 1497 4702 -
1514 4653 1566 4722 Or
1582 4653 1608 4722 ti
1623 4653 1754 4724 moran.
1772 4650 1837 4723 iiio
1857 4651 1985 4724 notens
2004 4653 2062 4726 ni·

953 4823 1054 4897 oreon
1070 4835 1181 4898 rangono
1198 4837 1204 4885 r
1221 4836 1321 4886 consor:
1338 4835 1520 4886 remensem·
1536 4837 1642 4887 aaran
1657 4837 1729 4888 nro:
1744 4839 1811 4887 seur
1823 4838 1854 4886 n
1869 4843 1962 4888 mre.

954 4912 982 4975 (¹)
997 4911 1023 4962 S.
1039 4924 1054 4962 e
1071 4912 1101 4962 E.
1118 4925 1178 4962 cum
1195 4912 1285 4976 frigus.
