4842 6642
780 882 918 938 CANTUs
944 882 1103 938 onerans
1127 882 1300 939 ocrnvus.
1560 873 1630 939 209

455 1026 618 1103 breviter
643 984 722 1102 rnlt
746 1026 881 1122 dicere,
900 1028 999 1123 quod
1020 1028 1098 1123 ipse
1123 1027 1295 1125 cognovit
1318 1048 1384 1123 per
1409 1028 1559 1105 evidens
1584 1030 1634 1103 si-

455 1169 571 1245 gnum
589 1148 753 1225 exterius
771 1148 989 1224 immensam
1007 1148 1240 1225 allectionem
1256 1148 1467 1224 interiorem
1482 1143 1519 1242 (⁴)
1536 1150 1631 1224 illius

454 1267 612 1364 spiritus,
638 1269 732 1343 sicut
756 1290 854 1365 saepe
879 1268 1047 1346 videmus
1077 1270 1115 1343 in
1145 1269 1306 1363 bomine,
1333 1270 1482 1365 quando
1506 1271 1630 1366 aliqua

455 1388 572 1486 passio
597 1396 754 1487 occupat
780 1390 967 1466 bominem
995 1398 1125 1465 lotum.
1152 1389 1288 1464 Ordina
1320 1389 1373 1466 sic
1397 1390 1563 1466 literam:
1589 1396 1630 1464 lo

453 1510 597 1585 wnobbt'
630 1514 666 1584 lo
695 1513 813 1603 voplio
846 1514 883 1585 in
914 1514 975 1604 lot,
1011 1511 1113 1606 idest,
1149 1511 1378 1587 voluntatem
1415 1512 1627 1587 interiorem

387 1620 391 1633 '
453 1630 714 1727 meringuidae,
741 1634 779 1705 di
803 1635 1028 1724 ropionormi
1057 1652 1169 1705 orwor
1198 1635 1380 1724 alquanto,
1411 1630 1499 1727 quia
1529 1632 1627 1706 enim

456 1754 573 1827 multa
606 1752 751 1827 dixerat
781 1752 1020 1849 Cacciaguida
1055 1752 1102 1827 de
1135 1752 1302 1847 prosapia
1337 1774 1417 1846 soa,
1452 1752 1499 1829 de
1531 1760 1627 1827 statu

456 1871 582 1968 patriae
607 1878 644 1947 et
659 1863 697 1966 (¹)
724 1894 838 1949 cursu
864 1874 1022 1949 lortonae
1046 1872 1205 1968 autoris3
1232 1873 1315 1949 ideo
1335 1872 1484 1948 volebat
1507 1873 1628 1948 adhuc

454 1992 648 2087 propalare
685 1992 823 2069 utiliter
854 2000 893 2069 et
922 1994 1186 2069 delectabiliter
1210 2001 1332 2068 certos
1356 1992 1503 2087 spiritus
1528 2012 1630 2068 mar-

453 2112 566 2205 iolas,
592 2114 651 2185 nel
674 2115 922 2206 fiomnwppr'ar
956 2117 1014 2188 dcl
1042 2115 1165 2208 [otyor
1194 2120 1311 2204 conto,
1341 2112 1444 2206 idest,
1471 2112 1507 2185 in
1532 2112 1628 2186 scin-

452 2232 571 2309 tillare
595 2233 796 2329 splendoris
821 2233 917 2309 illius
938 2234 1035 2310 beati
1052 2234 1211 2330 spiritus,
1238 2256 1262 2307 o
1286 2236 1343 2307 cari
1367 2236 1415 2306 mi
1440 2236 1540 2323 colei,
1557 2232 1628 2307 sci·

451 2352 545 2447 licet,
572 2352 619 2429 de
644 2353 817 2429 mandato
842 2354 1027 2429 beatricis.
1062 2356 1107 2428 Et
1137 2354 1299 2429 declarat
1324 2354 1394 2427 boc
1419 2351 1628 2449 persimile

451 2473 592 2549 dicens:
618 2467 690 2548 cosi
716 2495 813 2547 come
838 2478 1003 2568 loffctto,
1031 2474 1135 2570 idest,
1161 2474 1283 2570 aliqua
1305 2474 1423 2570 passio
1439 2472 1552 2548 animi
1570 2472 1627 2546 in-

453 2594 577 2689 terior,
602 2597 635 2668 ri
659 2596 743 2669 aede
766 2597 839 2689 poi,
863 2594 1010 2689 scilicet,
1030 2594 1067 2670 in
1093 2594 1217 2689 aliquo
1243 2594 1392 2668 homine
1417 2592 1565 2669 vivente
1588 2592 1626 2665 in

452 2714 520 2789 isto
546 2714 686 2789 mundo
712 2714 876 2810 mortall3
903 2721 939 2790 et
969 2714 1072 2790 dicit:
1098 2736 1137 2788 sc
1167 2718 1246 2806 cllo,
1280 2714 1425 2809 scilicet,
1456 2712 1622 2803 allectus,

452 2833 597 2928 dtonto,
616 2834 717 2930 idest,
738 2842 811 2910 lam
830 2835 994 2911 intensus
1012 2841 1049 2911 et
1065 2837 1275 2930 vehemens,
1294 2837 1354 2909 cle
1369 2842 1455 2909 tutto
1475 2836 1625 2907 lanima

450 2960 505 3031 sa
531 2960 616 3030 totto
639 2958 690 3029 do
714 2958 775 3048 lot,
803 2956 905 3049 idest,
926 2964 1105 3052 occupata
1129 2964 1167 3031 et
1191 2962 1297 3053 capta
1322 2956 1370 3031 ab
1394 2955 1473 3051 ipso
1490 2954 1552 3029 tali
1569 2954 1625 3027 al·
1674 2978 1678 2985 ·

452 3079 561 3172 lectu,
580 3077 628 3153 ita
645 3076 745 3172 qnod
772 3078 894 3151 trahat
910 3096 1039 3152 omnes
1060 3076 1157 3153 vires
1173 3077 1308 3152 animae
1325 3076 1371 3151 ad
1388 3098 1439 3170 se,
1456 3074 1507 3149 ita
1525 3073 1624 3169 qnod

451 3198 537 3272 nihil
563 3196 660 3273 alind
687 3203 882 3292 operetur3
910 3197 1004 3272 sicut
1021 3196 1122 3273 verbi
1148 3197 1280 3293 gratia,
1298 3198 1410 3271 bomo
1426 3194 1624 3291 aliqnando

451 3326 601 3414 propter
634 3316 789 3391 nimium
829 3316 1008 3415 gandium
1045 3317 1205 3392 efficitur
1238 3323 1337 3392 tolus
1375 3322 1551 3409 tremens,
1585 3322 1622 3389 et

449 3438 500 3514 ita
526 3443 674 3534 propter
699 3438 855 3512 nimium
882 3438 1053 3515 timorem
1078 3437 1237 3513 efficitur
1266 3444 1365 3511 totns
1390 3436 1554 3533 pallidus,
1586 3443 1624 3510 et

448 3564 598 3655 propter
636 3558 787 3633 nimiam
828 3558 919 3633 iram
948 3560 1006 3634 vel
1036 3560 1296 3635 verecundiam
1329 3559 1489 3634 allicitur
1525 3564 1623 3631 totns

449 3679 589 3754 rubeus
614 3685 651 3753 et
676 3678 820 3752 ardens.
847 3677 891 3752 Et
915 3678 973 3753 bic
999 3684 1085 3753 nota
1111 3678 1210 3774 quod
1230 3687 1341 3753 autor
1357 3679 1436 3751 volt
1452 3676 1575 3752 dicere
1600 3697 1622 3748 a

448 3798 555 3874 simili
582 3804 732 3895 propter
758 3800 955 3873 tremulam
984 3798 1222 3875 radiationem
1241 3799 1336 3873 illins
1353 3798 1512 3893 spiritns,
1534 3818 1619 3892 per-

449 3919 572 4016 pendit
598 3940 776 4016 magnum
800 3920 976 4017 gandium
1005 3920 1112 4015 illius,
1144 3920 1207 4014 qul
1237 3919 1383 3994 volebat
1407 3918 1474 3992 sibi
1498 3918 1622 4023 dicere

448 4040 571 4134 aliqua
597 4046 701 4136 gesta
726 4039 903 4115 nobilium
929 4040 1094 4137 paritura
1118 4040 1295 4137 gandium
1323 4040 1449 4135 stipsi
1474 4039 1620 4131 dicenti,

448 4166 486 4236 et
511 4160 632 4236 autori
656 4159 838 4256 audienti3
865 4168 944 4235 tom
976 4162 1061 4257 quia
1087 4167 1173 4236 sont
1198 4162 1236 4235 in
1261 4182 1302 4236 se
1325 4162 1453 4257 pulcra
1479 4168 1517 4236 et
1542 4182 1621 4235 ma-

447 4278 579 4377 gnilica
604 4280 822 4355 delectantia
848 4282 1024 4357 lectorem
1051 4301 1175 4377 snum,
1200 4289 1281 4356 tnm
1313 4280 1398 4376 qnia
1428 4281 1506 4376 ipse
1529 4281 1621 4357 Cac-

447 4398 616 4497 ciaguida
641 4406 723 4475 erat
748 4399 947 4494 nobiliaci
971 4400 1092 4477 luerat
1117 4408 1293 4477 strenuus
1318 4401 1473 4477 bellator
1496 4409 1535 4477 et
1558 4424 1621 4477 ar-

447 4520 578 4617 miger,
603 4520 667 4615 qui
694 4541 862 4618 pugnans
878 4541 946 4617 pro
964 4518 1034 4595 fide
1051 4520 1181 4596 Christi
1197 4513 1235 4613 (³)
1255 4521 1407 4598 leliciter
1426 4522 1619 4614 ceciderat,

447 4646 484 4715 et
508 4647 619 4717 autor
645 4640 792 4736 nobills3
818 4648 855 4715 et
880 4641 971 4717 tales
1000 4642 1147 4737 spiritus
1178 4642 1319 4717 strenui
1350 4662 1545 4717 armornm
1582 4650 1623 4716 nt

446 4761 647 4857 plurimum
681 4768 767 4836 sunt
797 4761 1055 4837 nobiles-E
1076 4755 1255 4838 comiooid.
1286 4764 1350 4837 llic
1379 4769 1490 4838 antor
1520 4762 1621 4859 ponit

507 4948 534 5009 tl
549 4949 576 4999 S.
593 4951 709 5001 interino
1085 4948 1113 5011 υ)
1129 4950 1160 5001 Ε.
1176 4956 1203 5002 et
1220 4950 1251 5001 oe
1267 4963 1355 5000 com.

508 5023 535 5089 (¹)
551 5024 581 5075 Ε.
597 5024 659 5075 leon
675 5024 770 5078 Cbrlrtl
785 5026 913 5078 bsmdlotl
929 5024 1041 5077 feliciter
1057 5024 1195 5089 oeclderot,
1211 5030 1238 5077 et
1253 5030 1331 5077 rotor
1347 5025 1425 5075 etlam
1442 5026 1541 5077 nobilia

577 5134 603 5179 V·
1461 5136 1486 5175 14
