4842 6642
983 764 1031 832 ol
1372 773 1579 830 conmuni
1602 774 1769 828 omanus

983 921 1103 996 visum
1138 919 1425 1018 respicientibus.
1457 919 1512 994 dd
1543 919 1771 1014 propositum
1802 936 1894 1014 ergo
1925 917 2004 990 vult
2034 916 2159 992 dicem

981 1049 1102 1138 auton,
1128 1043 1230 1138 qnod
1255 1043 1348 1116 tales
1370 1047 1478 1115 erant
1502 1041 1573 1114 lllae
1597 1059 1747 1114 munnae
1770 1038 1954 1133 fulgentes
1984 1037 2022 1110 in
2047 1058 2155 1132 spera

981 1163 1077 1258 solis,
1095 1164 1214 1259 qualis
1239 1170 1296 1238 est
1319 1162 1382 1236 illa
1407 1161 1632 1236 constellatio
1652 1160 1691 1234 iu
1706 1159 1813 1252 ooelo,
1830 1179 1916 1253 quae
1935 1158 2068 1232 dicitur
2084 1158 2156 1234 Co-

984 1305 1086 1380 rona,
1112 1307 1197 1380 quae
1223 1291 1279 1359 ost
1302 1289 1341 1358 et
1364 1289 1506 1358 constat
1530 1287 1598 1356 etc
1625 1282 1669 1354 Et
1693 1280 1838 1354 subdit:
1870 1281 2022 1353 etwco
2056 1299 2158 1370 coer,

983 1405 1086 1498 idest,
1105 1407 1306 1497 reflectere,
1323 1406 1349 1476 li
1366 1405 1474 1493 roupi
1495 1404 1575 1476 suoi
1597 1403 1801 1493 ncllnltr03
1820 1406 1859 1474 et
1874 1399 1933 1473 nic
1950 1405 2037 1474 nota
2055 1399 2155 1493 quod

985 1525 1062 1599 istae
1081 1526 1215 1600 animae
1234 1524 1392 1598 duarum
1412 1541 1634 1596 coronarum
1658 1520 1759 1596 ibant
1780 1519 1965 1614 opposito,
1987 1519 2035 1593 ita
2057 1519 2157 1612 quod

985 1666 1058 1720 uua
1076 1645 1234 1718 habebat
1250 1643 1370 1716 visum
1389 1642 1558 1716 volutum
1576 1640 1671 1715 visui
1687 1639 1851 1733 alterius,
1868 1659 1974 1714 moue
1993 1639 2155 1714 duorum

986 1764 1248 1859 tripudiorum3
1266 1771 1304 1837 et
1320 1762 1418 1836 oculi
1435 1762 1584 1836 illorum
1602 1760 1713 1834 unlus
1729 1778 1877 1835 corona>
1889 1759 2076 1854 iaciebant
2096 1779 2159 1832 ra·

984 1883 1061 1958 dios
1087 1883 1124 1956 in
1150 1883 1278 1958 oculos
1303 1881 1513 1956 animarum
1538 1881 1691 1956 alienus
1720 1898 1868 1956 cononae
1898 1881 1946 1956 ad
1978 1875 2157 1956 maiorem

986 2003 1147 2078 laetitiam
1169 2009 1206 2078 et
1222 2002 1494 2100 gaudiosiorem
1520 2005 1681 2076 cantum.
1709 2001 1754 2076 lit
1777 2001 1884 2076 dicit:
1908 2003 1954 2074 ed
1976 2001 2154 2093 omleduc,

986 2124 1089 2219 idest,
1120 2130 1158 2199 et
1191 2124 1303 2198 ambo
1327 2121 1500 2217 praedicta
1531 2121 1636 2218 sigua
1668 2141 1906 2214 coronarum,
1929 2124 2069 2214 pircrsi
2090 2141 2160 2214 per

987 2248 1159 2338 maura,
1187 2244 1290 2339 idest,
1316 2243 1498 2336 circulari,
1517 2259 1583 2337 pen
1601 2243 1752 2318 modum
1770 2243 1869 2337 quod
1887 2263 1960 2317 una
1978 2243 2049 2318 liet
2067 2263 2156 2317 oon·
2238 2231 2243 2240 ’

987 2374 1044 2442 tm
1069 2367 1192 2461 aliam,
1219 2365 1319 2440 uude
1342 2363 1446 2439 dicit:
1479 2366 1540 2438 cte
1568 2366 1689 2455 luno,
1718 2364 1855 2438 scilicet
1885 2365 2030 2460 signum
2063 2365 2158 2439 *se-

988 2487 1165 2579 cundum,
1191 2489 1346 2560 undasse
1369 2489 1409 2559 cl
1427 2489 1560 2578 ptimo,
1576 2485 1679 2578 idest,
1696 2494 1824 2560 contra
1840 2485 2014 2580 primum,
2030 2507 2051 2557 e
2066 2488 2158 2558 l'ul-

989 2615 1058 2700 tro,
1084 2608 1232 2700 scilicet,
1261 2599 1493 2702 signum*(¹)
1524 2605 1701 2701 primum,
1724 2608 1765 2678 ol
1792 2609 1867 2698 poi,
1899 2606 2001 2700 idest,
2030 2612 2159 2681 contra

987 2727 1133 2823 signum
1169 2727 1374 2802 secuudum
1407 2725 1507 2820 quod
1539 2733 1664 2820 postca
1698 2726 1808 2800 veuit.
1822 2729 1940 2800 -Ed
1964 2719 2067 2800 nord.
2093 2725 2160 2800 llic

987 2858 1096 2922 auton
1122 2847 1317 2940 concludit,
1334 2847 1434 2941 quod
1459 2847 1520 2922 ille
1545 2846 1625 2920 talis
1650 2846 1715 2940 qui
1740 2845 1867 2922 lecerit
1891 2847 2004 2922 talem
2026 2847 2159 2944 imagi·

987 2967 1172 3042 nationem
1194 2967 1348 3042 faciliter
1366 2967 1500 3061 poterit
1516 2966 1719 3063 intelligere
1734 2966 1849 3040 dictas
1868 2987 2040 3061 cononas3
2061 2967 2160 3042 unde

988 3087 1095 3162 dicit:
1122 3090 1178 3160 Ed
1207 3078 1301 3160 cord
1334 3091 1436 3184 quusi
1467 3087 1641 3180 lombro,
1670 3086 1772 3180 idest,
1798 3087 2072 3162 similitudinem
2103 3087 2162 3162 vel

988 3209 1214 3303 exemplum,
1240 3210 1334 3282 della
1351 3229 1438 3282 vera
1453 3211 1709 3298 costellaziouc,
1725 3207 1829 3301 quasi
1847 3207 1954 3300 dicat,
1972 3208 2159 3302 peciolam

987 3328 1245 3424 imaginariam
1275 3329 1601 3420 constellationem,
1627 3349 1742 3422 quam
1771 3327 1881 3404 docui
1910 3348 1998 3402 eum
2029 3329 2163 3422 lacere,

986 3447 1162 3544 intelliget
1187 3449 1500 3524 constellationem
1533 3469 1661 3524 uenam
1698 3448 1823 3544 viginti
1855 3457 2018 3542 quatuor
2042 3449 2163 3524 stella·

987 3587 1083 3662 rum,
1109 3568 1156 3644 de
1181 3591 1256 3663 qua
1282 3571 1459 3664 loquutus
1484 3589 1567 3644 sum
1594 3589 1718 3664 snpra,
1736 3571 1864 3643 edatio
1880 3571 2012 3662 duppin
2027 3573 2163 3662 donizo,

986 3688 1078 3764 idest
1095 3689 1340 3764 simulationis
1356 3690 1539 3764 dictarum
1556 3709 1781 3764 coronarum
1803 3689 2077 3783 quodammodo
2097 3691 2163 3764 tri·

987 3808 1229 3906 pudiantium.
1256 3810 1360 3884 Unde
1380 3811 1485 3884 dicit:
1503 3813 1563 3885 cla
1578 3813 1758 3883 cirmclaoo
1773 3813 1801 3884 it
1814 3817 1923 3902 macto
1938 3813 2018 3884 doti
2030 3814 2066 3882 lo
2082 3831 2158 3905 ero,

988 3929 1123 4004 scilicet
1148 3949 1236 4004 cnm
1262 3931 1440 4024 Beatrico,
1458 3930 1546 4024 quia
1563 3951 1715 4005 eramus
1731 3936 1908 4025 tanquam
1927 3937 2097 4006 mutuum
2123 3931 2162 4004 iu

989 4049 1121 4126 medio.
1150 4050 1193 4124 lit
1218 4051 1433 4148 imaginare,
1460 4051 1587 4145 lector,
1614 4057 1796 4144 quantum
1826 4052 2000 4146 predicta
2031 4052 2164 4149 imagi·

989 4170 1087 4245 uado
1112 4171 1189 4245 sive
1215 4170 1442 4266 companatio
1457 4163 1495 4262 (¹)
1520 4171 1566 4246 sit
1592 4171 1814 4266 pulcerrima
1844 4179 1882 4246 et
1915 4172 2164 4268 propriissime

986 4289 1033 4363 ad
1057 4290 1309 4387 propositum3
1335 4290 1552 4366 sicutenim
1579 4291 1616 4364 in
1643 4291 1805 4366 maxima
1826 4291 2059 4368 multitudine
2078 4291 2165 4367 stel-

990 4409 1110 4483 larum
1136 4411 1220 4486 ooeli
1245 4417 1332 4485 sunt
1356 4411 1490 4505 aliqua
1506 4431 1635 4507 pauooe
1655 4411 1817 4486 maiores
1836 4420 1874 4488 et
1890 4411 2164 4506 luminosiores3

989 4527 1100 4602 itaet
1126 4529 1163 4604 in
1189 4550 1327 4627 magno
1352 4551 1512 4608 numero
1533 4531 1731 4606 doctorum
1758 4540 1845 4606 suut
1869 4531 1981 4625 aliqui
2006 4531 2166 4606 maiores

988 4655 1026 4724 et
1051 4650 1245 4745 clariores3
1263 4659 1301 4727 et
1318 4652 1411 4726 sicut
1436 4651 1550 4728 stellae
1567 4653 1653 4748 ipsae
1669 4659 1757 4726 sunt
1773 4653 1811 4726 iu
1827 4653 1980 4728 diversis
2000 4651 2166 4748 partibus

1050 4835 1081 4974 Q)
1092 4833 1129 4962 lsn
1146 4834 1235 4898 parole
1250 4835 1291 4886 tm
1306 4838 1316 4887 l
1331 4837 1383 4888 dun
1398 4837 1533 4888 mtemsclnl
1549 4850 1614 4888 sono
1629 4837 1671 4888 del
1686 4835 1774 4889 Codlcl
1789 4837 1941 4888 Stroulano
1956 4849 1971 4887 o
1988 4837 2105 4888 listcnno.

1051 4916 1059 4976 i
1114 4913 1264 4976 .opemtio.
