<?xml version="1.0" encoding="UTF-8"?>
<!DOCTYPE html PUBLIC "-//W3C//DTD XHTML 1.0 Transitional//EN"
    "http://www.w3.org/TR/xhtml1/DTD/xhtml1-transitional.dtd">
<html xmlns="http://www.w3.org/1999/xhtml" xml:lang="en" lang="en">
 <head>
  <title>
</title>
<meta http-equiv="Content-Type" content="text/html;charset=utf-8" />
  <meta name='ocr-system' content='tesseract 3.04.00' />
  <meta name='ocr-capabilities' content='ocr_page ocr_carea ocr_par ocr_line ocrx_word'/>
</head>
<body>
  <div class='ocr_page' id='page_1' title='image "./comentumsuperda02benvgoog_0072.png"; bbox 0 0 4842 6642; ppageno 0'>
   <div class='ocr_carea' id='block_1_1' title="bbox 950 764 1739 836">
    <p class='ocr_par' dir='ltr' id='par_1_1' title="bbox 950 764 1739 836">
     <span class='ocr_line' id='line_1_1' title="bbox 950 764 1739 836; baseline -0.003 -2"><span class='ocrx_word' id='word_1_1' title='bbox 950 764 996 834; x_wconf 77' lang='lat' dir='ltr'><strong>tt</strong></span> <span class='ocrx_word' id='word_1_2' title='bbox 1343 779 1549 836; x_wconf 72' lang='lat' dir='ltr'><strong>counnrw</strong></span> <span class='ocrx_word' id='word_1_3' title='bbox 1572 780 1739 835; x_wconf 77' lang='lat' dir='ltr'><strong>nanuum</strong></span> 
     </span>
    </p>
   </div>
   <div class='ocr_carea' id='block_1_2' title="bbox 944 923 2123 3082">
    <p class='ocr_par' dir='ltr' id='par_1_2' title="bbox 944 923 2123 3082">
     <span class='ocr_line' id='line_1_2' title="bbox 948 923 2123 1023; baseline 0.002 -25"><span class='ocrx_word' id='word_1_4' title='bbox 948 943 1023 998; x_wconf 91' lang='lat' dir='ltr'><strong>uon</strong></span> <span class='ocrx_word' id='word_1_5' title='bbox 1058 923 1266 1000; x_wconf 84' lang='lat' dir='ltr'><strong>tremebant</strong></span> <span class='ocrx_word' id='word_1_6' title='bbox 1298 925 1421 1022; x_wconf 80' lang='lat' dir='ltr'><strong>magni</strong></span> <span class='ocrx_word' id='word_1_7' title='bbox 1455 945 1574 1023; x_wconf 71' lang='lat' dir='ltr'><strong>reges,</strong></span> <span class='ocrx_word' id='word_1_8' title='bbox 1604 925 1718 1000; x_wconf 76' lang='lat' dir='ltr'><strong>&#39;lortm</strong></span> <span class='ocrx_word' id='word_1_9' title='bbox 1743 923 1935 1022; x_wconf 79' lang='lat' dir='ltr'>principes,</span> <span class='ocrx_word' id='word_1_10' title='bbox 1961 923 2123 1022; x_wconf 76' lang='lat' dir='ltr'><strong>legiones</strong></span> 
     </span>
     <span class='ocr_line' id='line_1_3' title="bbox 946 1045 2123 1141; baseline 0 -23"><span class='ocrx_word' id='word_1_11' title='bbox 946 1050 1114 1140; x_wconf 74' lang='lat' dir='ltr'><strong>armate,</strong></span> <span class='ocrx_word' id='word_1_12' title='bbox 1147 1046 1261 1120; x_wconf 88' lang='lat' dir='ltr'><strong>urhes</strong></span> <span class='ocrx_word' id='word_1_13' title='bbox 1292 1046 1445 1141; x_wconf 82' lang='lat' dir='ltr'><strong>vallatae,</strong></span> <span class='ocrx_word' id='word_1_14' title='bbox 1472 1047 1607 1124; x_wconf 78' lang='lat' dir='ltr'><strong>classes</strong></span> <span class='ocrx_word' id='word_1_15' title='bbox 1638 1065 1859 1139; x_wconf 73' lang='lat' dir='ltr'><strong>numerose,</strong></span> <span class='ocrx_word' id='word_1_16' title='bbox 1894 1065 1968 1120; x_wconf 91' lang='lat' dir='ltr'><strong>non</strong></span> <span class='ocrx_word' id='word_1_17' title='bbox 2002 1045 2123 1120; x_wconf 78' lang='lat' dir='ltr'><strong>timuit</strong></span> 
     </span>
     <span class='ocr_line' id='line_1_4' title="bbox 948 1164 2121 1264; baseline 0.002 -24"><span class='ocrx_word' id='word_1_18' title='bbox 948 1164 1107 1241; x_wconf 80' lang='lat' dir='ltr'><strong>hmiclas</strong></span> <span class='ocrx_word' id='word_1_19' title='bbox 1131 1166 1296 1263; x_wconf 87' lang='lat' dir='ltr'><strong>privatus</strong></span> <span class='ocrx_word' id='word_1_20' title='bbox 1327 1166 1397 1241; x_wconf 91' lang='lat' dir='ltr'><strong>suh</strong></span> <span class='ocrx_word' id='word_1_21' title='bbox 1429 1167 1538 1242; x_wconf 92' lang='lat' dir='ltr'><strong>dehili</strong></span> <span class='ocrx_word' id='word_1_22' title='bbox 1569 1167 1719 1264; x_wconf 78' lang='lat' dir='ltr'><strong>tugurio</strong></span> <span class='ocrx_word' id='word_1_23' title='bbox 1748 1187 1835 1242; x_wconf 89' lang='lat' dir='ltr'><strong>cum</strong></span> <span class='ocrx_word' id='word_1_24' title='bbox 1861 1165 1942 1241; x_wconf 89' lang='lat' dir='ltr'><strong>cius</strong></span> <span class='ocrx_word' id='word_1_25' title='bbox 1965 1167 2121 1262; x_wconf 77' lang='lat' dir='ltr'><strong>parvula</strong></span> 
     </span>
     <span class='ocr_line' id='line_1_5' title="bbox 950 1285 2119 1383; baseline 0.003 -25"><span class='ocrx_word' id='word_1_26' title='bbox 950 1285 1118 1362; x_wconf 83' lang='lat' dir='ltr'><strong>navicula</strong></span> <span class='ocrx_word' id='word_1_27' title='bbox 1145 1287 1357 1383; x_wconf 80' lang='lat' dir='ltr'><strong>piscatoria3</strong></span> <span class='ocrx_word' id='word_1_28' title='bbox 1374 1294 1413 1363; x_wconf 90' lang='lat' dir='ltr'><strong>et</strong></span> <span class='ocrx_word' id='word_1_29' title='bbox 1427 1288 1536 1364; x_wconf 88' lang='lat' dir='ltr'><strong>dicit:</strong></span> <span class='ocrx_word' id='word_1_30' title='bbox 1552 1291 1594 1362; x_wconf 87' lang='lat' dir='ltr'><strong>ut</strong></span> <span class='ocrx_word' id='word_1_31' title='bbox 1614 1309 1704 1362; x_wconf 86' lang='lat' dir='ltr'><strong>suun</strong></span> <span class='ocrx_word' id='word_1_32' title='bbox 1729 1291 1822 1363; x_wconf 81' lang='lat' dir='ltr'><strong>detta</strong></span> <span class='ocrx_word' id='word_1_33' title='bbox 1836 1309 1904 1362; x_wconf 83' lang='lat' dir='ltr'><strong>suu</strong></span> <span class='ocrx_word' id='word_1_34' title='bbox 1920 1310 2015 1378; x_wconf 82' lang='lat' dir='ltr'><strong>uoce,</strong></span> <span class='ocrx_word' id='word_1_35' title='bbox 2033 1287 2119 1382; x_wconf 78' lang='lat' dir='ltr'><strong>quia</strong></span> 
     </span>
     <span class='ocr_line' id='line_1_6' title="bbox 946 1401 2120 1500; baseline 0.003 -20"><span class='ocrx_word' id='word_1_36' title='bbox 946 1404 1106 1482; x_wconf 79' lang='lat' dir='ltr'><strong>dmiclas</strong></span> <span class='ocrx_word' id='word_1_37' title='bbox 1120 1401 1157 1500; x_wconf 81' lang='lat'><strong>(¹)</strong></span> <span class='ocrx_word' id='word_1_38' title='bbox 1182 1409 1229 1483; x_wconf 89' lang='lat' dir='ltr'><strong>ad</strong></span> <span class='ocrx_word' id='word_1_39' title='bbox 1249 1411 1379 1484; x_wconf 79' lang='lat' dir='ltr'><strong>rocem</strong></span> <span class='ocrx_word' id='word_1_40' title='bbox 1395 1409 1549 1484; x_wconf 77' lang='lat' dir='ltr'><strong>cesaris</strong></span> <span class='ocrx_word' id='word_1_41' title='bbox 1567 1430 1641 1484; x_wconf 92' lang='lat' dir='ltr'><strong>non</strong></span> <span class='ocrx_word' id='word_1_42' title='bbox 1657 1416 1714 1486; x_wconf 88' lang='lat' dir='ltr'><strong>est</strong></span> <span class='ocrx_word' id='word_1_43' title='bbox 1730 1410 1902 1485; x_wconf 86' lang='lat' dir='ltr'><strong>territus:</strong></span> <span class='ocrx_word' id='word_1_44' title='bbox 1929 1408 2028 1485; x_wconf 91' lang='lat' dir='ltr'><strong>unde</strong></span> <span class='ocrx_word' id='word_1_45' title='bbox 2045 1411 2120 1484; x_wconf 84' lang='lat' dir='ltr'><strong>Ln-</strong></span> 
     </span>
     <span class='ocr_line' id='line_1_7' title="bbox 950 1527 2119 1625; baseline 0.002 -23"><span class='ocrx_word' id='word_1_46' title='bbox 950 1545 1063 1602; x_wconf 87' lang='lat' dir='ltr'><strong>canus</strong></span> <span class='ocrx_word' id='word_1_47' title='bbox 1088 1527 1322 1625; x_wconf 90' lang='lat' dir='ltr'><strong>insecundo,</strong></span> <span class='ocrx_word' id='word_1_48' title='bbox 1348 1529 1411 1604; x_wconf 93' lang='lat' dir='ltr'><strong>uhi</strong></span> <span class='ocrx_word' id='word_1_49' title='bbox 1439 1529 1611 1606; x_wconf 76' lang='lat' dir='ltr'><strong>describit</strong></span> <span class='ocrx_word' id='word_1_50' title='bbox 1634 1530 1771 1606; x_wconf 86' lang='lat' dir='ltr'><strong>lactum</strong></span> <span class='ocrx_word' id='word_1_51' title='bbox 1808 1529 1910 1604; x_wconf 89' lang='lat' dir='ltr'><strong>istius</strong></span> <span class='ocrx_word' id='word_1_52' title='bbox 1936 1529 2119 1604; x_wconf 77' lang='lat' dir='ltr'><strong>Amiclatis</strong></span> 
     </span>
     <span class='ocr_line' id='line_1_8' title="bbox 948 1648 2118 1746; baseline 0.002 -24"><span class='ocrx_word' id='word_1_53' title='bbox 948 1649 1130 1722; x_wconf 81' lang='lat' dir='ltr'><strong>exclamat</strong></span> <span class='ocrx_word' id='word_1_54' title='bbox 1159 1648 1194 1721; x_wconf 90' lang='lat' dir='ltr'><strong>in</strong></span> <span class='ocrx_word' id='word_1_55' title='bbox 1226 1649 1584 1726; x_wconf 76' lang='lat' dir='ltr'><strong>commendationem</strong></span> <span class='ocrx_word' id='word_1_56' title='bbox 1616 1649 1852 1746; x_wconf 79' lang='lat' dir='ltr'><strong>paupertatis,</strong></span> <span class='ocrx_word' id='word_1_57' title='bbox 1883 1672 1906 1724; x_wconf 91' lang='lat' dir='ltr'><strong>o</strong></span> <span class='ocrx_word' id='word_1_58' title='bbox 1937 1654 2016 1726; x_wconf 83' lang='lat' dir='ltr'><strong>nitu</strong></span> <span class='ocrx_word' id='word_1_59' title='bbox 2044 1657 2118 1724; x_wconf 75' lang='lat' dir='ltr'><strong>hita</strong></span> 
     </span>
     <span class='ocr_line' id='line_1_9' title="bbox 944 1770 2119 1866; baseline 0.003 -24"><span class='ocrx_word' id='word_1_60' title='bbox 944 1771 1095 1863; x_wconf 77' lang='lat' dir='ltr'><strong>suendae</strong></span> <span class='ocrx_word' id='word_1_61' title='bbox 1114 1772 1285 1862; x_wconf 67' lang='lat' dir='ltr'><strong>pauperat</strong></span> <span class='ocrx_word' id='word_1_62' title='bbox 1308 1777 1378 1846; x_wconf 82' lang='lat' dir='ltr'><strong>etc.</strong></span> <span class='ocrx_word' id='word_1_63' title='bbox 1409 1770 1466 1846; x_wconf 78' lang='lat' dir='ltr'><strong>dd</strong></span> <span class='ocrx_word' id='word_1_64' title='bbox 1493 1770 1594 1866; x_wconf 90' lang='lat' dir='ltr'><strong>quud</strong></span> <span class='ocrx_word' id='word_1_65' title='bbox 1624 1771 1832 1846; x_wconf 81' lang='lat' dir='ltr'><strong>luvenalis:</strong></span> <span class='ocrx_word' id='word_1_66' title='bbox 1867 1772 2027 1846; x_wconf 72' lang='lat' dir='ltr'><strong>comante</strong></span> <span class='ocrx_word' id='word_1_67' title='bbox 2054 1791 2119 1846; x_wconf 84' lang='lat' dir='ltr'><strong>ou-</strong></span> 
     </span>
     <span class='ocr_line' id='line_1_10' title="bbox 946 1890 2120 1987; baseline 0.001 -23"><span class='ocrx_word' id='word_1_68' title='bbox 946 1909 1030 1964; x_wconf 81' lang='lat' dir='ltr'><strong>ouus</strong></span> <span class='ocrx_word' id='word_1_69' title='bbox 1054 1911 1177 1964; x_wconf 86' lang='lat' dir='ltr'><strong>corum</strong></span> <span class='ocrx_word' id='word_1_70' title='bbox 1202 1893 1340 1964; x_wconf 67' lang='lat' dir='ltr'><strong>tudone</strong></span> <span class='ocrx_word' id='word_1_71' title='bbox 1364 1893 1481 1966; x_wconf 84' lang='lat' dir='ltr'><strong>uiator</strong></span> <span class='ocrx_word' id='word_1_72' title='bbox 1504 1897 1574 1966; x_wconf 87' lang='lat' dir='ltr'><strong>etc.</strong></span> <span class='ocrx_word' id='word_1_73' title='bbox 1604 1892 1667 1964; x_wconf 85' lang='lat' dir='ltr'><strong>Est</strong></span> <span class='ocrx_word' id='word_1_74' title='bbox 1695 1912 1786 1987; x_wconf 79' lang='lat' dir='ltr'><strong>ergo</strong></span> <span class='ocrx_word' id='word_1_75' title='bbox 1816 1897 2012 1986; x_wconf 79' lang='lat' dir='ltr'><strong>paupertas</strong></span> <span class='ocrx_word' id='word_1_76' title='bbox 2039 1890 2120 1965; x_wconf 91' lang='lat' dir='ltr'><strong>odi·</strong></span> 
     </span>
     <span class='ocr_line' id='line_1_11' title="bbox 946 2009 2119 2107; baseline 0 -21"><span class='ocrx_word' id='word_1_77' title='bbox 946 2011 1019 2086; x_wconf 89' lang='lat' dir='ltr'><strong>hile</strong></span> <span class='ocrx_word' id='word_1_78' title='bbox 1053 2011 1192 2086; x_wconf 89' lang='lat' dir='ltr'><strong>honum</strong></span> <span class='ocrx_word' id='word_1_79' title='bbox 1223 2017 1263 2086; x_wconf 91' lang='lat' dir='ltr'><strong>et</strong></span> <span class='ocrx_word' id='word_1_80' title='bbox 1292 2018 1370 2087; x_wconf 89' lang='lat' dir='ltr'><strong>tnta</strong></span> <span class='ocrx_word' id='word_1_81' title='bbox 1396 2012 1584 2107; x_wconf 77' lang='lat' dir='ltr'><strong>possessio.</strong></span> <span class='ocrx_word' id='word_1_82' title='bbox 1599 2051 1649 2066; x_wconf 95' lang='lat'><em>-</em></span> <span class='ocrx_word' id='word_1_83' title='bbox 1662 2009 1717 2086; x_wconf 69' lang='lat' dir='ltr'><strong>Na*</strong></span> <span class='ocrx_word' id='word_1_84' title='bbox 1740 2015 1845 2086; x_wconf 77' lang='lat' dir='ltr'><strong>nahe.</strong></span> <span class='ocrx_word' id='word_1_85' title='bbox 1871 2011 1937 2087; x_wconf 88' lang='lat' dir='ltr'><strong>llic</strong></span> <span class='ocrx_word' id='word_1_86' title='bbox 1961 2012 2119 2086; x_wconf 86' lang='lat' dir='ltr'><strong>Thomas</strong></span> 
     </span>
     <span class='ocr_line' id='line_1_12' title="bbox 946 2131 2120 2228; baseline -0.002 -20"><span class='ocrx_word' id='word_1_87' title='bbox 946 2139 1093 2208; x_wconf 87' lang='lat' dir='ltr'><strong>ostenso</strong></span> <span class='ocrx_word' id='word_1_88' title='bbox 1119 2153 1194 2207; x_wconf 93' lang='lat' dir='ltr'><strong>uno</strong></span> <span class='ocrx_word' id='word_1_89' title='bbox 1219 2131 1352 2208; x_wconf 86' lang='lat' dir='ltr'><strong>ellectu</strong></span> <span class='ocrx_word' id='word_1_90' title='bbox 1378 2131 1614 2228; x_wconf 79' lang='lat' dir='ltr'><strong>paupertatis,</strong></span> <span class='ocrx_word' id='word_1_91' title='bbox 1631 2132 1768 2207; x_wconf 87' lang='lat' dir='ltr'><strong>scilicet</strong></span> <span class='ocrx_word' id='word_1_92' title='bbox 1783 2131 1982 2206; x_wconf 85' lang='lat' dir='ltr'><strong>securitate</strong></span> <span class='ocrx_word' id='word_1_93' title='bbox 1998 2131 2034 2204; x_wconf 96' lang='lat' dir='ltr'><strong>in</strong></span> <span class='ocrx_word' id='word_1_94' title='bbox 2052 2132 2120 2206; x_wconf 92' lang='lat' dir='ltr'><strong>ho-</strong></span> 
     </span>
     <span class='ocr_line' id='line_1_13' title="bbox 949 2250 2118 2348; baseline -0.003 -21"><span class='ocrx_word' id='word_1_95' title='bbox 949 2254 1049 2328; x_wconf 88' lang='lat' dir='ltr'><strong>mine</strong></span> <span class='ocrx_word' id='word_1_96' title='bbox 1084 2271 1238 2348; x_wconf 82' lang='lat' dir='ltr'><strong>pagano,</strong></span> <span class='ocrx_word' id='word_1_97' title='bbox 1271 2271 1370 2328; x_wconf 91' lang='lat' dir='ltr'><strong>nunc</strong></span> <span class='ocrx_word' id='word_1_98' title='bbox 1401 2251 1559 2327; x_wconf 68' lang='lat' dir='ltr'><strong>mandit</strong></span> <span class='ocrx_word' id='word_1_99' title='bbox 1589 2252 1703 2326; x_wconf 91' lang='lat' dir='ltr'><strong>alium</strong></span> <span class='ocrx_word' id='word_1_100' title='bbox 1739 2251 1910 2326; x_wconf 83' lang='lat' dir='ltr'><strong>ellectum</strong></span> <span class='ocrx_word' id='word_1_101' title='bbox 1942 2250 2118 2345; x_wconf 86' lang='lat' dir='ltr'><strong>eiusdem,</strong></span> 
     </span>
     <span class='ocr_line' id='line_1_14' title="bbox 948 2373 2119 2472; baseline -0.003 -21"><span class='ocrx_word' id='word_1_102' title='bbox 948 2377 1034 2472; x_wconf 77' lang='lat' dir='ltr'><strong>unia</strong></span> <span class='ocrx_word' id='word_1_103' title='bbox 1059 2377 1195 2453; x_wconf 90' lang='lat' dir='ltr'><strong>scilicet</strong></span> <span class='ocrx_word' id='word_1_104' title='bbox 1220 2376 1306 2451; x_wconf 85' lang='lat' dir='ltr'><strong>lacit</strong></span> <span class='ocrx_word' id='word_1_105' title='bbox 1329 2375 1515 2450; x_wconf 89' lang='lat' dir='ltr'><strong>hominem</strong></span> <span class='ocrx_word' id='word_1_106' title='bbox 1533 2380 1761 2450; x_wconf 82' lang='lat' dir='ltr'><strong>constantem</strong></span> <span class='ocrx_word' id='word_1_107' title='bbox 1779 2379 1817 2449; x_wconf 90' lang='lat' dir='ltr'><strong>et</strong></span> <span class='ocrx_word' id='word_1_108' title='bbox 1834 2373 2008 2468; x_wconf 79' lang='lat' dir='ltr'><strong>ferocem,</strong></span> <span class='ocrx_word' id='word_1_109' title='bbox 2025 2373 2119 2448; x_wconf 86' lang='lat' dir='ltr'><strong>sicut</strong></span> 
     </span>
     <span class='ocr_line' id='line_1_15' title="bbox 945 2488 2114 2593; baseline -0.003 -22"><span class='ocrx_word' id='word_1_110' title='bbox 945 2497 1065 2593; x_wconf 84' lang='lat' dir='ltr'><strong>patuit</strong></span> <span class='ocrx_word' id='word_1_111' title='bbox 1088 2498 1126 2571; x_wconf 91' lang='lat' dir='ltr'><strong>in</strong></span> <span class='ocrx_word' id='word_1_112' title='bbox 1140 2488 1178 2589; x_wconf 80' lang='lat'><strong>(²)</strong></span> <span class='ocrx_word' id='word_1_113' title='bbox 1199 2497 1341 2572; x_wconf 84' lang='lat' dir='ltr'><strong>Christo</strong></span> <span class='ocrx_word' id='word_1_114' title='bbox 1360 2495 1397 2569; x_wconf 94' lang='lat' dir='ltr'><strong>in</strong></span> <span class='ocrx_word' id='word_1_115' title='bbox 1422 2516 1487 2569; x_wconf 89' lang='lat' dir='ltr'><strong>ara</strong></span> <span class='ocrx_word' id='word_1_116' title='bbox 1513 2494 1643 2569; x_wconf 89' lang='lat' dir='ltr'><strong>crucis.</strong></span> <span class='ocrx_word' id='word_1_117' title='bbox 1670 2493 1773 2569; x_wconf 88' lang='lat' dir='ltr'><strong>Unde</strong></span> <span class='ocrx_word' id='word_1_118' title='bbox 1797 2493 1905 2568; x_wconf 87' lang='lat' dir='ltr'><strong>dicit:</strong></span> <span class='ocrx_word' id='word_1_119' title='bbox 1932 2488 1984 2568; x_wconf 69' lang='lat' dir='ltr'><strong>Ne*</strong></span> <span class='ocrx_word' id='word_1_120' title='bbox 2007 2497 2114 2588; x_wconf 78' lang='lat' dir='ltr'><strong>vuhe,</strong></span> 
     </span>
     <span class='ocr_line' id='line_1_16' title="bbox 947 2616 2117 2712; baseline -0.001 -21"><span class='ocrx_word' id='word_1_121' title='bbox 947 2619 1048 2712; x_wconf 84' lang='lat' dir='ltr'><strong>idest,</strong></span> <span class='ocrx_word' id='word_1_122' title='bbox 1075 2637 1143 2693; x_wconf 87' lang='lat' dir='ltr'><strong>nec</strong></span> <span class='ocrx_word' id='word_1_123' title='bbox 1168 2618 1278 2693; x_wconf 88' lang='lat' dir='ltr'><strong>etiam</strong></span> <span class='ocrx_word' id='word_1_124' title='bbox 1305 2617 1440 2712; x_wconf 84' lang='lat' dir='ltr'><strong>proluit</strong></span> <span class='ocrx_word' id='word_1_125' title='bbox 1464 2617 1572 2691; x_wconf 88' lang='lat' dir='ltr'><strong>alicui</strong></span> <span class='ocrx_word' id='word_1_126' title='bbox 1598 2616 1712 2712; x_wconf 88' lang='lat' dir='ltr'><strong>ipsam</strong></span> <span class='ocrx_word' id='word_1_127' title='bbox 1739 2621 2005 2711; x_wconf 88' lang='lat' dir='ltr'><strong>paupertatem,</strong></span> <span class='ocrx_word' id='word_1_128' title='bbox 2022 2636 2117 2690; x_wconf 79' lang='lat' dir='ltr'><strong>esser</strong></span> 
     </span>
     <span class='ocr_line' id='line_1_17' title="bbox 945 2726 2116 2832; baseline -0.003 -20"><span class='ocrx_word' id='word_1_129' title='bbox 945 2745 1099 2813; x_wconf 80' lang='lat' dir='ltr'><strong>contuntc</strong></span> <span class='ocrx_word' id='word_1_130' title='bbox 1123 2733 1168 2812; x_wconf 70' lang='lat' dir='ltr'><strong>aa*</strong></span> <span class='ocrx_word' id='word_1_131' title='bbox 1187 2740 1320 2832; x_wconf 77' lang='lat' dir='ltr'><strong>scrocc,</strong></span> <span class='ocrx_word' id='word_1_132' title='bbox 1345 2737 1438 2811; x_wconf 88' lang='lat' dir='ltr'><strong>sicut</strong></span> <span class='ocrx_word' id='word_1_133' title='bbox 1463 2736 1581 2832; x_wconf 87' lang='lat' dir='ltr'><strong>patuit</strong></span> <span class='ocrx_word' id='word_1_134' title='bbox 1604 2736 1642 2811; x_wconf 93' lang='lat' dir='ltr'><strong>in</strong></span> <span class='ocrx_word' id='word_1_135' title='bbox 1655 2726 1694 2828; x_wconf 81' lang='lat'><strong>(³)</strong></span> <span class='ocrx_word' id='word_1_136' title='bbox 1720 2735 1872 2812; x_wconf 90' lang='lat' dir='ltr'><strong>Christo.</strong></span> <span class='ocrx_word' id='word_1_137' title='bbox 1891 2735 1994 2810; x_wconf 89' lang='lat' dir='ltr'><strong>Unde</strong></span> <span class='ocrx_word' id='word_1_138' title='bbox 2009 2735 2116 2810; x_wconf 90' lang='lat' dir='ltr'><strong>dicit:</strong></span> 
     </span>
     <span class='ocr_line' id='line_1_18' title="bbox 949 2850 2116 2951; baseline 0 -21"><span class='ocrx_word' id='word_1_139' title='bbox 949 2850 1063 2933; x_wconf 79' lang='lat' dir='ltr'><strong>sinite</strong></span> <span class='ocrx_word' id='word_1_140' title='bbox 1088 2861 1168 2951; x_wconf 78' lang='lat' dir='ltr'><strong>adu,</strong></span> <span class='ocrx_word' id='word_1_141' title='bbox 1196 2857 1342 2950; x_wconf 89' lang='lat' dir='ltr'><strong>scilicet,</strong></span> <span class='ocrx_word' id='word_1_142' title='bbox 1368 2854 1515 2930; x_wconf 89' lang='lat' dir='ltr'><strong>domina</strong></span> <span class='ocrx_word' id='word_1_143' title='bbox 1541 2862 1749 2951; x_wconf 88' lang='lat' dir='ltr'><strong>paupertas,</strong></span> <span class='ocrx_word' id='word_1_144' title='bbox 1777 2859 1871 2930; x_wconf 83' lang='lat' dir='ltr'><strong>salse</strong></span> <span class='ocrx_word' id='word_1_145' title='bbox 1903 2877 1970 2930; x_wconf 88' lang='lat' dir='ltr'><strong>con</strong></span> <span class='ocrx_word' id='word_1_146' title='bbox 2003 2859 2116 2930; x_wconf 76' lang='lat' dir='ltr'><strong>croto</strong></span> 
     </span>
     <span class='ocr_line' id='line_1_19' title="bbox 946 2966 2118 3082; baseline -0.002 -30"><span class='ocrx_word' id='word_1_147' title='bbox 946 2983 984 3052; x_wconf 86' lang='lat' dir='ltr'><strong>tn</strong></span> <span class='ocrx_word' id='word_1_148' title='bbox 1008 3001 1050 3052; x_wconf 86' lang='lat' dir='ltr'><strong>su</strong></span> <span class='ocrx_word' id='word_1_149' title='bbox 1075 2981 1111 3052; x_wconf 88' lang='lat' dir='ltr'><strong>iu</strong></span> <span class='ocrx_word' id='word_1_150' title='bbox 1135 2997 1250 3082; x_wconf 71' lang='lat' dir='ltr'><strong>macc,</strong></span> <span class='ocrx_word' id='word_1_151' title='bbox 1276 2976 1362 3072; x_wconf 88' lang='lat' dir='ltr'><strong>qnia</strong></span> <span class='ocrx_word' id='word_1_152' title='bbox 1386 2997 1534 3081; x_wconf 88' lang='lat' dir='ltr'><strong>semper</strong></span> <span class='ocrx_word' id='word_1_153' title='bbox 1547 2975 1741 3052; x_wconf 85' lang='lat' dir='ltr'><strong>associavit</strong></span> <span class='ocrx_word' id='word_1_154' title='bbox 1758 2976 1941 3052; x_wconf 84' lang='lat' dir='ltr'><strong>Christum</strong></span> <span class='ocrx_word' id='word_1_155' title='bbox 1958 2966 2008 3070; x_wconf 75' lang='lat'><strong>(⁸),</strong></span> <span class='ocrx_word' id='word_1_156' title='bbox 2029 2979 2118 3052; x_wconf 85' lang='lat' dir='ltr'><strong>douc</strong></span> 
     </span>
    </p>
   </div>
   <div class='ocr_carea' id='block_1_3' title="bbox 947 3096 2251 3191">
    <p class='ocr_par' dir='ltr' id='par_1_3' title="bbox 947 3096 2251 3191">
     <span class='ocr_line' id='line_1_20' title="bbox 947 3096 2251 3191; baseline -0.003 -16"><span class='ocrx_word' id='word_1_157' title='bbox 947 3101 1068 3175; x_wconf 76' lang='lat' dir='ltr'><strong>niatu</strong></span> <span class='ocrx_word' id='word_1_158' title='bbox 1095 3102 1227 3172; x_wconf 68' lang='lat' dir='ltr'><strong>manusc</strong></span> <span class='ocrx_word' id='word_1_159' title='bbox 1256 3102 1370 3191; x_wconf 80' lang='lat' dir='ltr'><strong>pinso,</strong></span> <span class='ocrx_word' id='word_1_160' title='bbox 1402 3097 1440 3172; x_wconf 94' lang='lat' dir='ltr'><strong>in</strong></span> <span class='ocrx_word' id='word_1_161' title='bbox 1473 3103 1598 3172; x_wconf 89' lang='lat' dir='ltr'><strong>moute</strong></span> <span class='ocrx_word' id='word_1_162' title='bbox 1630 3096 1809 3189; x_wconf 88' lang='lat' dir='ltr'><strong>Calvario,</strong></span> <span class='ocrx_word' id='word_1_163' title='bbox 1835 3099 1884 3170; x_wconf 85' lang='lat' dir='ltr'><strong>du</strong></span> <span class='ocrx_word' id='word_1_164' title='bbox 1917 3100 1977 3190; x_wconf 84' lang='lat' dir='ltr'><strong>tui,</strong></span> <span class='ocrx_word' id='word_1_165' title='bbox 2015 3097 2116 3191; x_wconf 82' lang='lat' dir='ltr'><strong>idest,</strong></span> <span class='ocrx_word' id='word_1_166' title='bbox 2248 3145 2251 3149; x_wconf 89' lang='lat'><em>-</em></span> 
     </span>
    </p>
   </div>
   <div class='ocr_carea' id='block_1_4' title="bbox 943 3217 2221 4516">
    <p class='ocr_par' dir='ltr' id='par_1_4' title="bbox 943 3217 2221 4516">
     <span class='ocr_line' id='line_1_21' title="bbox 948 3217 2221 3318; baseline -0.004 -22"><span class='ocrx_word' id='word_1_167' title='bbox 948 3227 1155 3316; x_wconf 88' lang='lat' dir='ltr'><strong>postquam,</strong></span> <span class='ocrx_word' id='word_1_168' title='bbox 1180 3218 1315 3294; x_wconf 87' lang='lat' dir='ltr'><strong>scilicet</strong></span> <span class='ocrx_word' id='word_1_169' title='bbox 1340 3219 1516 3315; x_wconf 83' lang='lat' dir='ltr'><strong>plangens</strong></span> <span class='ocrx_word' id='word_1_170' title='bbox 1530 3217 1577 3292; x_wconf 89' lang='lat' dir='ltr'><strong>ad</strong></span> <span class='ocrx_word' id='word_1_171' title='bbox 1595 3217 1705 3312; x_wconf 87' lang='lat' dir='ltr'><strong>pedes</strong></span> <span class='ocrx_word' id='word_1_172' title='bbox 1725 3217 1879 3292; x_wconf 85' lang='lat' dir='ltr'><strong>Domini.</strong></span> <span class='ocrx_word' id='word_1_173' title='bbox 1893 3224 2018 3292; x_wconf 80' lang='lat' dir='ltr'><strong>-lln</strong></span> <span class='ocrx_word' id='word_1_174' title='bbox 2033 3241 2117 3312; x_wconf 81' lang='lat' dir='ltr'><strong>pcr-</strong></span> <span class='ocrx_word' id='word_1_175' title='bbox 2212 3309 2221 3318; x_wconf 77' lang='lat'><em>,</em></span> 
     </span>
     <span class='ocr_line' id='line_1_22' title="bbox 948 3338 2119 3435; baseline 0.002 -21"><span class='ocrx_word' id='word_1_176' title='bbox 948 3344 999 3415; x_wconf 83' lang='lat' dir='ltr'><strong>ct&#39;</strong></span> <span class='ocrx_word' id='word_1_177' title='bbox 1011 3345 1056 3414; x_wconf 88' lang='lat' dir='ltr'><strong>in.</strong></span> <span class='ocrx_word' id='word_1_178' title='bbox 1082 3341 1147 3415; x_wconf 85' lang='lat' dir='ltr'><strong>llic</strong></span> <span class='ocrx_word' id='word_1_179' title='bbox 1172 3341 1331 3414; x_wconf 88' lang='lat' dir='ltr'><strong>Thomas</strong></span> <span class='ocrx_word' id='word_1_180' title='bbox 1356 3339 1521 3435; x_wconf 84' lang='lat' dir='ltr'><strong>propalat</strong></span> <span class='ocrx_word' id='word_1_181' title='bbox 1538 3358 1674 3413; x_wconf 90' lang='lat' dir='ltr'><strong>nomen</strong></span> <span class='ocrx_word' id='word_1_182' title='bbox 1691 3338 1849 3412; x_wconf 91' lang='lat' dir='ltr'><strong>amantis</strong></span> <span class='ocrx_word' id='word_1_183' title='bbox 1865 3345 1902 3412; x_wconf 90' lang='lat' dir='ltr'><strong>et</strong></span> <span class='ocrx_word' id='word_1_184' title='bbox 1919 3347 2054 3414; x_wconf 80' lang='lat' dir='ltr'><strong>arnatae</strong></span> <span class='ocrx_word' id='word_1_185' title='bbox 2070 3361 2119 3416; x_wconf 87' lang='lat' dir='ltr'><strong>ue</strong></span> 
     </span>
     <span class='ocr_line' id='line_1_23' title="bbox 947 3458 2117 3555; baseline -0.002 -19"><span class='ocrx_word' id='word_1_186' title='bbox 947 3461 1118 3536; x_wconf 79' lang='lat' dir='ltr'><strong>rideatur</strong></span> <span class='ocrx_word' id='word_1_187' title='bbox 1135 3460 1335 3555; x_wconf 88' lang='lat' dir='ltr'><strong>procedere</strong></span> <span class='ocrx_word' id='word_1_188' title='bbox 1353 3459 1460 3534; x_wconf 88' lang='lat' dir='ltr'><strong>nimis</strong></span> <span class='ocrx_word' id='word_1_189' title='bbox 1476 3459 1644 3534; x_wconf 88' lang='lat' dir='ltr'><strong>obscure.</strong></span> <span class='ocrx_word' id='word_1_190' title='bbox 1663 3458 1766 3533; x_wconf 81' lang='lat' dir='ltr'><strong>Unde</strong></span> <span class='ocrx_word' id='word_1_191' title='bbox 1782 3459 1885 3535; x_wconf 85' lang='lat' dir='ltr'><strong>dicit:</strong></span> <span class='ocrx_word' id='word_1_192' title='bbox 1904 3465 1966 3534; x_wconf 82' lang='lat' dir='ltr'><strong>lla</strong></span> <span class='ocrx_word' id='word_1_193' title='bbox 1988 3463 2117 3554; x_wconf 76' lang='lat' dir='ltr'><strong>prendi</strong></span> 
     </span>
     <span class='ocr_line' id='line_1_24' title="bbox 944 3579 2117 3676; baseline 0.002 -20"><span class='ocrx_word' id='word_1_194' title='bbox 944 3585 1063 3656; x_wconf 84' lang='lat' dir='ltr'><strong>armat</strong></span> <span class='ocrx_word' id='word_1_195' title='bbox 1085 3585 1144 3656; x_wconf 87' lang='lat' dir='ltr'><strong>nat</strong></span> <span class='ocrx_word' id='word_1_196' title='bbox 1167 3586 1237 3654; x_wconf 86' lang='lat' dir='ltr'><strong>mio</strong></span> <span class='ocrx_word' id='word_1_197' title='bbox 1257 3584 1390 3676; x_wconf 83' lang='lat' dir='ltr'><strong>portur</strong></span> <span class='ocrx_word' id='word_1_198' title='bbox 1414 3583 1554 3673; x_wconf 77' lang='lat' dir='ltr'><strong>diffuso,</strong></span> <span class='ocrx_word' id='word_1_199' title='bbox 1588 3579 1735 3673; x_wconf 80' lang='lat' dir='ltr'><strong>scilicet,</strong></span> <span class='ocrx_word' id='word_1_200' title='bbox 1768 3579 1855 3674; x_wconf 85' lang='lat' dir='ltr'><strong>qnia</strong></span> <span class='ocrx_word' id='word_1_201' title='bbox 1882 3581 1963 3676; x_wconf 86' lang='lat' dir='ltr'><strong>jam</strong></span> <span class='ocrx_word' id='word_1_202' title='bbox 2000 3581 2117 3658; x_wconf 87' lang='lat' dir='ltr'><strong>multa</strong></span> 
     </span>
     <span class='ocr_line' id='line_1_25' title="bbox 946 3691 2117 3797; baseline -0.003 -19"><span class='ocrx_word' id='word_1_203' title='bbox 946 3703 1019 3778; x_wconf 85' lang='lat' dir='ltr'><strong>dixi</strong></span> <span class='ocrx_word' id='word_1_204' title='bbox 1036 3703 1083 3779; x_wconf 88' lang='lat' dir='ltr'><strong>de</strong></span> <span class='ocrx_word' id='word_1_205' title='bbox 1102 3703 1190 3797; x_wconf 89' lang='lat' dir='ltr'><strong>istis,</strong></span> <span class='ocrx_word' id='word_1_206' title='bbox 1208 3707 1439 3776; x_wconf 71' lang='lat' dir='ltr'><strong>Fruncmme</strong></span> <span class='ocrx_word' id='word_1_207' title='bbox 1461 3691 1611 3774; x_wconf 82' lang='lat' dir='ltr'><strong>Pooertd</strong></span> <span class='ocrx_word' id='word_1_208' title='bbox 1627 3722 1695 3796; x_wconf 84' lang='lat' dir='ltr'><strong>par</strong></span> <span class='ocrx_word' id='word_1_209' title='bbox 1714 3703 1823 3793; x_wconf 75' lang='lat' dir='ltr'><strong>piasti</strong></span> <span class='ocrx_word' id='word_1_210' title='bbox 1838 3704 1982 3774; x_wconf 82' lang='lat' dir='ltr'><strong>umenti.</strong></span> <span class='ocrx_word' id='word_1_211' title='bbox 2003 3701 2117 3776; x_wconf 78' lang='lat' dir='ltr'><strong>Fran·</strong></span> 
     </span>
     <span class='ocr_line' id='line_1_26' title="bbox 946 3819 2116 3916; baseline -0.002 -18"><span class='ocrx_word' id='word_1_212' title='bbox 946 3823 1064 3898; x_wconf 83' lang='lat' dir='ltr'><strong>uiscus</strong></span> <span class='ocrx_word' id='word_1_213' title='bbox 1089 3828 1143 3898; x_wconf 88' lang='lat' dir='ltr'><strong>est</strong></span> <span class='ocrx_word' id='word_1_214' title='bbox 1169 3842 1304 3897; x_wconf 90' lang='lat' dir='ltr'><strong>nomen</strong></span> <span class='ocrx_word' id='word_1_215' title='bbox 1324 3827 1536 3916; x_wconf 89' lang='lat' dir='ltr'><strong>competens</strong></span> <span class='ocrx_word' id='word_1_216' title='bbox 1555 3820 1653 3915; x_wconf 86' lang='lat' dir='ltr'><strong>viro;</strong></span> <span class='ocrx_word' id='word_1_217' title='bbox 1677 3819 1796 3894; x_wconf 92' lang='lat' dir='ltr'><strong>dictus</strong></span> <span class='ocrx_word' id='word_1_218' title='bbox 1812 3826 1868 3896; x_wconf 87' lang='lat' dir='ltr'><strong>est</strong></span> <span class='ocrx_word' id='word_1_219' title='bbox 1885 3821 1982 3897; x_wconf 88' lang='lat' dir='ltr'><strong>enirn</strong></span> <span class='ocrx_word' id='word_1_220' title='bbox 2000 3821 2116 3896; x_wconf 84' lang='lat' dir='ltr'><strong>Fran-</strong></span> 
     </span>
     <span class='ocr_line' id='line_1_27' title="bbox 945 3939 2116 4039; baseline 0 -21"><span class='ocrx_word' id='word_1_221' title='bbox 945 3943 1075 4039; x_wconf 87' lang='lat' dir='ltr'><strong>ciscus,</strong></span> <span class='ocrx_word' id='word_1_222' title='bbox 1107 3941 1213 4038; x_wconf 89' lang='lat' dir='ltr'><strong>quasi</strong></span> <span class='ocrx_word' id='word_1_223' title='bbox 1246 3942 1420 4035; x_wconf 89' lang='lat' dir='ltr'><strong>Francus,</strong></span> <span class='ocrx_word' id='word_1_224' title='bbox 1455 3941 1558 4034; x_wconf 80' lang='lat' dir='ltr'><strong>idest,</strong></span> <span class='ocrx_word' id='word_1_225' title='bbox 1591 3940 1682 4016; x_wconf 92' lang='lat' dir='ltr'><strong>liher</strong></span> <span class='ocrx_word' id='word_1_226' title='bbox 1715 3940 1764 4014; x_wconf 90' lang='lat' dir='ltr'><strong>ah</strong></span> <span class='ocrx_word' id='word_1_227' title='bbox 1794 3939 1895 4015; x_wconf 92' lang='lat' dir='ltr'><strong>omni</strong></span> <span class='ocrx_word' id='word_1_228' title='bbox 1920 3941 2116 4037; x_wconf 82' lang='lat' dir='ltr'><strong>cupiditate</strong></span> 
     </span>
     <span class='ocr_line' id='line_1_28' title="bbox 943 4061 2116 4158; baseline -0.002 -18"><span class='ocrx_word' id='word_1_229' title='bbox 943 4071 1180 4140; x_wconf 83' lang='lat' dir='ltr'><strong>turrenorum</strong></span> <span class='ocrx_word' id='word_1_230' title='bbox 1215 4069 1254 4138; x_wconf 90' lang='lat' dir='ltr'><strong>et</strong></span> <span class='ocrx_word' id='word_1_231' title='bbox 1283 4062 1462 4138; x_wconf 88' lang='lat' dir='ltr'><strong>servitute</strong></span> <span class='ocrx_word' id='word_1_232' title='bbox 1490 4068 1738 4156; x_wconf 86' lang='lat' dir='ltr'><strong>peccatorum.</strong></span> <span class='ocrx_word' id='word_1_233' title='bbox 1772 4061 1973 4158; x_wconf 87' lang='lat' dir='ltr'><strong>Paupertas</strong></span> <span class='ocrx_word' id='word_1_234' title='bbox 2003 4063 2116 4138; x_wconf 83' lang='lat' dir='ltr'><strong>etiam</strong></span> 
     </span>
     <span class='ocr_line' id='line_1_29' title="bbox 945 4180 2113 4278; baseline -0.002 -17"><span class='ocrx_word' id='word_1_235' title='bbox 945 4189 1001 4261; x_wconf 83' lang='lat' dir='ltr'><strong>cst</strong></span> <span class='ocrx_word' id='word_1_236' title='bbox 1025 4204 1162 4260; x_wconf 91' lang='lat' dir='ltr'><strong>nomen</strong></span> <span class='ocrx_word' id='word_1_237' title='bbox 1187 4203 1415 4278; x_wconf 80' lang='lat' dir='ltr'><strong>congrnnm3</strong></span> <span class='ocrx_word' id='word_1_238' title='bbox 1441 4180 1573 4256; x_wconf 90' lang='lat' dir='ltr'><strong>dicitur</strong></span> <span class='ocrx_word' id='word_1_239' title='bbox 1598 4181 1696 4256; x_wconf 81' lang='lat' dir='ltr'><strong>eninr</strong></span> <span class='ocrx_word' id='word_1_240' title='bbox 1731 4188 1927 4277; x_wconf 87' lang='lat' dir='ltr'><strong>paupertas</strong></span> <span class='ocrx_word' id='word_1_241' title='bbox 1943 4203 1966 4258; x_wconf 90' lang='lat' dir='ltr'><strong>a</strong></span> <span class='ocrx_word' id='word_1_242' title='bbox 1983 4203 2113 4278; x_wconf 69' lang='lat' dir='ltr'><strong>muco,</strong></span> 
     </span>
     <span class='ocr_line' id='line_1_30' title="bbox 945 4300 2113 4399; baseline 0 -21"><span class='ocrx_word' id='word_1_243' title='bbox 945 4305 1043 4380; x_wconf 91' lang='lat' dir='ltr'><strong>nnde</strong></span> <span class='ocrx_word' id='word_1_244' title='bbox 1068 4309 1265 4399; x_wconf 89' lang='lat' dir='ltr'><strong>paupertas</strong></span> <span class='ocrx_word' id='word_1_245' title='bbox 1296 4307 1352 4376; x_wconf 81' lang='lat' dir='ltr'><strong>est</strong></span> <span class='ocrx_word' id='word_1_246' title='bbox 1382 4300 1516 4394; x_wconf 90' lang='lat' dir='ltr'><strong>sobria,</strong></span> <span class='ocrx_word' id='word_1_247' title='bbox 1552 4307 1767 4396; x_wconf 87' lang='lat' dir='ltr'><strong>temperata,</strong></span> <span class='ocrx_word' id='word_1_248' title='bbox 1798 4301 1912 4378; x_wconf 88' lang='lat' dir='ltr'><strong>lihera</strong></span> <span class='ocrx_word' id='word_1_249' title='bbox 1938 4309 1975 4378; x_wconf 89' lang='lat' dir='ltr'><strong>et</strong></span> <span class='ocrx_word' id='word_1_250' title='bbox 2000 4321 2113 4398; x_wconf 80' lang='lat' dir='ltr'><strong>erpe-</strong></span> 
     </span>
     <span class='ocr_line' id='line_1_31' title="bbox 943 4420 2114 4516; baseline 0 -18"><span class='ocrx_word' id='word_1_251' title='bbox 943 4424 1028 4498; x_wconf 82' lang='lat' dir='ltr'><strong>dita.</strong></span> <span class='ocrx_word' id='word_1_252' title='bbox 1042 4429 1155 4497; x_wconf 84' lang='lat' dir='ltr'><strong>-La</strong></span> <span class='ocrx_word' id='word_1_253' title='bbox 1180 4427 1247 4496; x_wconf 87' lang='lat' dir='ltr'><strong>lor.</strong></span> <span class='ocrx_word' id='word_1_254' title='bbox 1274 4422 1339 4497; x_wconf 89' lang='lat' dir='ltr'><strong>llic</strong></span> <span class='ocrx_word' id='word_1_255' title='bbox 1364 4421 1522 4495; x_wconf 80' lang='lat' dir='ltr'><strong>Thomas</strong></span> <span class='ocrx_word' id='word_1_256' title='bbox 1547 4421 1664 4516; x_wconf 82' lang='lat' dir='ltr'><strong>tangit</strong></span> <span class='ocrx_word' id='word_1_257' title='bbox 1688 4422 1809 4496; x_wconf 81' lang='lat' dir='ltr'><strong>laetam</strong></span> <span class='ocrx_word' id='word_1_258' title='bbox 1829 4420 1939 4497; x_wconf 87' lang='lat' dir='ltr'><strong>vitam</strong></span> <span class='ocrx_word' id='word_1_259' title='bbox 1954 4423 2114 4500; x_wconf 26' lang='lat' dir='ltr'><strong>sistorum</strong></span> 
     </span>
    </p>
   </div>
   <div class='ocr_carea' id='block_1_5' title="bbox 1008 4685 2115 4828">
    <p class='ocr_par' dir='ltr' id='par_1_5' title="bbox 1008 4685 2115 4828">
     <span class='ocr_line' id='line_1_32' title="bbox 1009 4685 1291 4752; baseline -0.007 -15"><span class='ocrx_word' id='word_1_260' title='bbox 1009 4688 1036 4752; x_wconf 78' lang='lat'><strong>(¹)</strong></span> <span class='ocrx_word' id='word_1_261' title='bbox 1053 4687 1084 4738; x_wconf 85' lang='grc' dir='ltr'><strong>Ε.</strong></span> <span class='ocrx_word' id='word_1_262' title='bbox 1101 4687 1148 4736; x_wconf 81' lang='lat' dir='ltr'><strong>iste</strong></span> <span class='ocrx_word' id='word_1_263' title='bbox 1165 4685 1291 4736; x_wconf 71' lang='lat' dir='ltr'><strong>Anticles.</strong></span> 
     </span>
     <span class='ocr_line' id='line_1_33' title="bbox 1008 4755 2115 4828; baseline -0.005 -15"><span class='ocrx_word' id='word_1_264' title='bbox 1008 4763 1035 4828; x_wconf 78' lang='lat'><strong>(¹)</strong></span> <span class='ocrx_word' id='word_1_265' title='bbox 1052 4765 1083 4814; x_wconf 87' lang='grc' dir='ltr'><strong>Ε.</strong></span> <span class='ocrx_word' id='word_1_266' title='bbox 1099 4765 1125 4813; x_wconf 90' lang='lat' dir='ltr'><strong>lu</strong></span> <span class='ocrx_word' id='word_1_267' title='bbox 1141 4763 1253 4812; x_wconf 82' lang='lat' dir='ltr'><strong>Domino</strong></span> <span class='ocrx_word' id='word_1_268' title='bbox 1268 4766 1358 4812; x_wconf 75' lang='lat' dir='ltr'><strong>nostru</strong></span> <span class='ocrx_word' id='word_1_269' title='bbox 1374 4759 1635 4825; x_wconf 67' lang='lat' dir='ltr'><strong>nomannorum</strong></span> <span class='ocrx_word' id='word_1_270' title='bbox 1651 4757 1754 4809; x_wconf 78' lang='lat' dir='ltr'><strong>Christo</strong></span> <span class='ocrx_word' id='word_1_271' title='bbox 1769 4758 1796 4808; x_wconf 89' lang='lat' dir='ltr'><strong>ln</strong></span> <span class='ocrx_word' id='word_1_272' title='bbox 1812 4771 1865 4809; x_wconf 74' lang='lat' dir='ltr'><strong>suu</strong></span> <span class='ocrx_word' id='word_1_273' title='bbox 1886 4757 1972 4808; x_wconf 81' lang='lat' dir='ltr'><strong>crucis</strong></span> <span class='ocrx_word' id='word_1_274' title='bbox 1990 4755 2115 4820; x_wconf 83' lang='lat' dir='ltr'><strong>putihulo.</strong></span> 
     </span>
    </p>
   </div>
   <div class='ocr_carea' id='block_1_6' title="bbox 944 4843 2090 4984">
    <p class='ocr_par' dir='ltr' id='par_1_6' title="bbox 944 4843 2090 4984">
     <span class='ocr_line' id='line_1_34' title="bbox 944 4843 2090 4984; baseline -0.004 -15"><span class='ocrx_word' id='word_1_275' title='bbox 944 4843 1034 4984; x_wconf 47' lang='grc' dir='ltr'>Πῃᾱῖὲ)</span> <span class='ocrx_word' id='word_1_276' title='bbox 1051 4919 1081 4970; x_wconf 84' lang='grc' dir='ltr'><strong>Ε.</strong></span> <span class='ocrx_word' id='word_1_277' title='bbox 1098 4918 1125 4969; x_wconf 90' lang='lat' dir='ltr'><strong>in</strong></span> <span class='ocrx_word' id='word_1_278' title='bbox 1141 4917 1254 4969; x_wconf 77' lang='lat' dir='ltr'><strong>homino</strong></span> <span class='ocrx_word' id='word_1_279' title='bbox 1269 4922 1359 4968; x_wconf 86' lang='lat' dir='ltr'><strong>nostro</strong></span> <span class='ocrx_word' id='word_1_280' title='bbox 1372 4915 1436 4966; x_wconf 75' lang='lat' dir='ltr'><strong>iesu</strong></span> <span class='ocrx_word' id='word_1_281' title='bbox 1451 4913 1562 4965; x_wconf 79' lang='lat' dir='ltr'><strong>Christo.</strong></span> <span class='ocrx_word' id='word_1_282' title='bbox 1687 4911 1713 4974; x_wconf 79' lang='lat'><strong>(⁸)</strong></span> <span class='ocrx_word' id='word_1_283' title='bbox 1731 4911 1761 4962; x_wconf 80' lang='grc' dir='ltr'><strong>Ε.</strong></span> <span class='ocrx_word' id='word_1_284' title='bbox 1777 4925 1793 4962; x_wconf 89' lang='lat' dir='ltr'><strong>e</strong></span> <span class='ocrx_word' id='word_1_285' title='bbox 1809 4917 1833 4972; x_wconf 90' lang='lat' dir='ltr'><strong>t,</strong></span> <span class='ocrx_word' id='word_1_286' title='bbox 1848 4912 1933 4975; x_wconf 78' lang='lat' dir='ltr'><strong>ipsum</strong></span> <span class='ocrx_word' id='word_1_287' title='bbox 1948 4907 2090 4967; x_wconf 80' lang='lat' dir='ltr'><strong>Chrhturn.</strong></span> 
     </span>
    </p>
   </div>
   <div class='ocr_carea' id='block_1_7' title="bbox 0 0 2426 6642">
    <p class='ocr_par' dir='ltr' id='par_1_7' title="bbox 0 0 2426 6642">
     <span class='ocr_line' id='line_1_35' title="bbox 0 0 2426 6642; baseline 0 2"><span class='ocrx_word' id='word_1_288' title='bbox 0 0 2426 6642; x_wconf 95' lang='lat' dir='ltr'><strong> </strong></span> 
     </span>
    </p>
   </div>
  </div>
 </body>
</html>
