4842 6642
956 797 1002 864 80
1348 809 1555 864 coununuu
1580 810 1746 864 ranrnmr

955 953 1157 1027 notandum
1185 953 1285 1048 quod
1311 960 1475 1048 quatuor
1499 960 1586 1028 sunt
1609 953 1758 1030 consilia
1784 955 1945 1029 Domini:
1967 955 2128 1051 primum

954 1073 1140 1148 humilitas
1166 1080 1202 1149 ct
1234 1073 1503 1169 mansuetud03
1537 1074 1741 1150 secuudum
1775 1074 1945 1169 castitas,
1980 1075 2128 1152 tertium

953 1202 1171 1292 paupertas3
1200 1201 1375 1289 quartum
1407 1195 1542 1270 caritas
1566 1201 1655 1292 erga
1687 1195 1854 1272 inimicos
1886 1204 1924 1271 et
1958 1218 2130 1292 persecu·

956 1322 1055 1390 tores
1080 1320 1234 1388 nostros.
1259 1315 1366 1389 Modo
1390 1315 1449 1390 hic
1466 1316 1631 1410 loquitur
1654 1315 1702 1390 de
1728 1317 1859 1411 primo,
1877 1317 1977 1412 quod
1997 1317 2130 1393 indicat

954 1435 1061 1510 litera
1086 1455 1260 1528 sequens3
1288 1433 1386 1510 unde
1409 1435 1551 1510 subdit:
1578 1435 1655 1530 ipse
1684 1435 1907 1531 Dominicus,
1925 1440 1966 1531 su
1990 1444 2130 1511 trovato

954 1557 993 1628 in
1018 1561 1114 1628 terra
1139 1556 1239 1627 dotto
1269 1573 1337 1627 suo
1364 1557 1498 1628 κωνίου
1527 1557 1644 1648 molto,
1676 1555 1825 1649 scilicet,
1859 1554 1939 1631 sine
1969 1558 2127 1652 planctu,

955 1675 1041 1768 quia
1066 1674 1213 1768 scilicet,
1240 1694 1314 1750 non
1338 1674 1521 1750 ceciderat
1546 1673 1753 1768 casualiter,
1785 1675 1879 1750 sicut
1911 1697 2009 1772 saepe
2037 1676 2129 1752 solet

954 1794 1120 1870 accidere
1146 1795 1353 1889 infantibus,
1378 1817 1398 1868 e
1421 1799 1530 1887 desto,
1556 1795 1659 1888 idest,
1694 1795 1792 1892 vigil,
1825 1816 1898 1870 non
1929 1795 2127 1890 dormiens,

954 1915 1047 1992 sicut
1071 1914 1269 2010 aliquando
1295 1915 1401 2010 pueri
1417 1915 1672 1990 inveniuntur:
1691 1922 1728 1990 ct
1744 1914 1850 1990 dicit:
1868 1937 1965 1990 come
1981 1918 2128 1990 ἀίοεεεοε

952 2039 987 2110 io
1011 2057 1076 2108 son
1102 2045 1226 2110 venato
1250 2057 1276 2110 o
1300 2043 1432 2128 questo,
1457 2036 1605 2129 scilicet,
1629 2035 1676 2110 ad
1701 2036 1812 2110 istum
1839 2043 1974 2111 statum
2005 2038 2128 2112 humi-

953 2157 1072 2252 litatis,
1099 2158 1200 2232 velut
1224 2156 1255 2231 si
1279 2157 1417 2232 diceret
1442 2157 1509 2231 sibi
1535 2156 1600 2251 ipsi
1626 2156 1855 2230 llominicus:
1882 2157 1996 2232 Terra
2021 2175 2073 2251 es,
2091 2164 2128 2232 et

953 2279 990 2352 in
1017 2283 1154 2352 terram
1183 2277 1390 2354 reverteris.
1405 2282 1502 2352 -0
1524 2281 1649 2370 padre.
1676 2277 1741 2350 llic
1765 2282 1876 2350 autor
1895 2275 2130 2351 considerans

859 2387 863 2396 ’
954 2397 1133 2472 mirabilia
1159 2397 1260 2472 initia
1285 2419 1441 2494 operum
1459 2397 1637 2472 Dominici
1655 2396 1838 2472 exclamat
1858 2416 1944 2470 cum
1965 2395 2127 2471 admira·

954 2519 1052 2594 tione
1077 2518 1123 2592 ad
1151 2524 1334 2614 parentes,
1360 2519 1495 2612 quibus
1519 2518 1627 2594 datus
1642 2511 1679 2610 (¹)
1706 2522 1763 2592 cst
1787 2515 1997 2591 Dominicus
2016 2516 2125 2590 talem

953 2638 1067 2712 lilium
1093 2658 1288 2735 generare,
1314 2637 1452 2712 dicens:
1488 2642 1519 2712 0
1546 2641 1665 2730 poure
1691 2659 1756 2710 ruo
1785 2644 1982 2712 acromonte
2009 2639 2126 2730 surdoe!

953 2761 1040 2856 quia
1065 2766 1220 2836 vocatus
1246 2766 1303 2834 est
1327 2759 1426 2834 Felix
1442 2750 1492 2853 (¹),
1519 2765 1557 2833 el
1587 2759 1654 2832 luit
1683 2779 1773 2834 vere
1798 2758 1882 2832 lelix
1908 2777 1981 2830 nou
2006 2757 2125 2830 solum

954 2879 1102 2955 nomine
1127 2879 1191 2955 sed
1218 2900 1272 2973 re,
1298 2899 1372 2953 non
1399 2878 1547 2953 lortuita
1572 2878 1742 2953 felicitate
1767 2883 1926 2973 terrena,
1953 2876 2017 2952 sed
2038 2895 2125 2949 vera

953 3006 991 3076 et
1015 3004 1173 3090 aeterna3
1204 3001 1385 3072 Omodre
1409 3018 1476 3072 orto
1505 3006 1703 3072 aucmento
1729 3001 1936 3071 Gwoonucl
1962 3016 2035 3071 non
2060 3014 2126 3070 no-

956 3121 1066 3213 mine,
1093 3119 1156 3194 sed
1183 3139 1236 3194 re.
1263 3119 1427 3194 Iohanne
1453 3119 1551 3194 enim
1578 3119 1841 3214 interpretatur
1860 3117 1978 3215 gratia
1999 3117 2125 3213 plena,

953 3239 1036 3316 ideo
1055 3239 1163 3314 dicit:
1190 3261 1229 3312 se
1251 3242 1479 3332 interpretata
1497 3242 1558 3312 vul
1576 3261 1674 3314 come
1697 3243 1729 3313 si
1753 3243 1836 3313 dioc
1852 3279 1902 3294 --
1915 3244 1994 3312 Non
2007 3259 2075 3331 per
2090 3241 2126 3312 lo

832 3355 835 3360 ’
953 3363 1093 3434 mondo.
1108 3360 1172 3432 llic
1189 3359 1447 3434 Bonaventura
1462 3359 1632 3434 describit
1648 3359 1810 3435 studium
1823 3358 2013 3452 Dominici,
2027 3358 2125 3452 quod

952 3479 1035 3556 lecit
1059 3479 1106 3555 ad
1133 3479 1243 3554 linem
1270 3499 1369 3554 verae
1395 3478 1572 3554 felicitatis
1596 3485 1758 3573 aeternae,
1780 3485 1817 3554 et
1843 3499 1917 3554 non
1942 3476 1989 3552 ad
2014 3477 2125 3551 linem

951 3599 1172 3692 divitiarum,
1200 3598 1360 3692 honoris,
1386 3599 1568 3693 potentiae,
1592 3599 1721 3696 gloriae
1745 3605 1792 3674 et·
1809 3598 2016 3694 voluptatis,
2041 3617 2125 3692 quae

953 3720 1200 3796 communiter
1218 3719 1384 3794 homines
1404 3725 1624 3814 sequuntur,
1642 3721 1737 3795 sicut
1751 3721 1881 3817 pulcre
1896 3719 2124 3796 declaratum

953 3846 1009 3916 est
1033 3840 1070 3914 in
1095 3839 1272 3934 principio
1296 3839 1445 3935 capituli
1466 3840 1635 3934 proxime
1653 3840 1902 3936 precedentis.
1928 3839 1970 3913 ln
1995 3839 2125 3915 talibus

952 3960 1048 4036 enim
1077 3981 1150 4035 non
1177 3961 1360 4056 reperitur
1386 3982 1474 4036 vera
1499 3961 1662 4055 felicitas,
1687 3961 1783 4036 sicut
1812 3961 1943 4056 probat
1976 3961 2125 4058 egregie

951 4081 1163 4157 Aristoteles
1188 4081 1281 4156 libro
1307 4080 1531 4176 Ethicorum,
1556 4089 1594 4156 et
1618 4081 1766 4157 Boetius
1791 4081 1885 4157 libro
1914 4082 1961 4156 de
1988 4083 2125 4158 (lonso-

951 4202 1095 4278 latione.
1123 4201 1215 4276 llicit
1232 4223 1346 4300 ergo:
1364 4209 1402 4277 et
1419 4203 1479 4278 ille
1498 4201 1721 4295 Dominicus,
1739 4206 1778 4276 Si
1793 4206 1865 4297 seo,
1885 4201 1988 4296 idest,
2005 4202 2124 4278 lactus

951 4330 1017 4418 est,
1042 4345 1139 4415 gran
1163 4327 1312 4418 dottorc,
1339 4323 1487 4417 scilicet,
1512 4323 1549 4396 in
1574 4322 1724 4398 scientia
1750 4329 1788 4396 et
1804 4341 1909 4397 sacra
1930 4322 2123 4419 theologia,

950 4446 988 4515 in
1009 4446 1136 4536 puciol
1159 4451 1294 4536 muno,
1319 4463 1386 4538 per
1411 4445 1481 4518 lroc
1506 4449 1658 4516 notatur
1682 4441 1781 4536 quod
1797 4433 1834 4534 (³)
1862 4442 1989 4517 habuit
2006 4441 2125 4517 scien-

950 4563 1040 4637 tiam
1066 4563 1224 4638 inlusam
1254 4583 1277 4637 a
1310 4563 1406 4657 Deo,
1433 4583 1520 4636 nam
1554 4582 1711 4657 magnus
1740 4560 1870 4636 doctor
1900 4582 1974 4637 non
2007 4568 2126 4658 potest

951 4682 1034 4778 quis
1058 4702 1149 4776 csse,
1176 4683 1245 4756 nisi
1269 4684 1307 4756 in
1334 4703 1469 4779 magno
1490 4690 1668 4776 tempore,
1695 4687 1737 4754 ut
1761 4680 1899 4756 dictum
1925 4688 1982 4756 est
2005 4681 2125 4778 primo

1013 4867 1041 4928 (¹)
1057 4867 1088 4916 E.
1104 4868 1192 4916 dolum
1208 4873 1249 4918 est
1264 4868 1438 4918 llominicurn.
1626 4864 1654 4929 (¹)
1671 4866 1701 4916 ll.
1716 4866 1790 4916 Felix
1805 4866 1924 4916 nominc:
1940 4869 1977 4916 ot.

1014 4941 1042 5004 (⁸)
1057 4943 1088 4993 ll.
1105 4943 1176 5006 quod
1190 4945 1245 5007 inse
1261 4943 1413 4995 llomlnlcus
1427 4943 1527 4995 habuit.
