4842 6642
793 870 933 927 CANTUS
957 870 1150 927 vicesimus
1173 869 1340 936 QUINTUS.
1569 858 1640 925 369

469 1019 610 1108 mentio,
624 1016 726 1111 idest,
746 1016 962 1112 periculum.
989 1017 1033 1091 Et
1047 1010 1084 1108 θ)
1108 1014 1189 1090 vide
1205 1015 1305 1109 quod
1324 1014 1551 1111 comparatio
1568 1020 1639 1088 stat

469 1138 505 1211 in
532 1139 614 1230 boc,
641 1137 740 1231 quod
766 1136 860 1212 sicut
886 1157 983 1211 unus
1008 1138 1107 1212 solus
1131 1136 1256 1209 sibilus
1273 1134 1416 1231 patroni
1436 1135 1537 1210 navis
1555 1134 1639 1209 iacit

467 1278 613 1333 cessare
647 1263 778 1332 nautas
807 1278 829 1331 a
861 1257 1093 1355 navigatione
1124 1264 1162 1333 et
1191 1256 1367 1349 clamore,
1403 1256 1454 1331 ita
1487 1255 1642 1351 simplex

468 1377 624 1453 verbum
652 1378 803 1473 apostoli
830 1378 915 1453 lecit
938 1377 1114 1455 desistere
1138 1378 1228 1453 alios
1255 1400 1279 1452 a
1309 1383 1415 1451 motu
1446 1384 1485 1452 et
1517 1382 1639 1451 cantu.

467 1500 528 1573 Est
552 1499 650 1573 enlm
675 1499 877 1594 sciendum,
902 1500 995 1575 sicut
1020 1498 1216 1593 aliquando
1238 1498 1320 1591 vidi,
1338 1497 1438 1592 quod
1459 1503 1639 1593 patronus

466 1621 593 1717 galeae,
612 1620 759 1713 quando
786 1620 865 1694 vult
890 1620 1051 1717 remiges
1076 1640 1269 1695 cessarea
1297 1618 1412 1694 ductu
1432 1638 1638 1711 remorum,

466 1740 525 1815 rel
549 1739 597 1814 ad
618 1739 897 1833 quiescendum,
912 1742 970 1815 vel
987 1740 1034 1815 ad
1055 1740 1243 1815 vitandum
1260 1739 1409 1833 aliquod
1430 1739 1634 1834 periculum

466 1858 783 1954 imminenslacit
809 1879 925 1933 unum
953 1860 1111 1953 sibilum,
1143 1860 1190 1933 ad
1211 1879 1328 1952 quem
1354 1858 1476 1933 subito
1506 1878 1637 1931 omnes

466 1979 681 2075 quiescunt3
704 2000 771 2057 nec
795 1988 852 2056 est
879 2002 946 2057 rer
972 1982 1030 2057 vel
1055 1982 1130 2055 dux
1157 1980 1193 2053 in
1220 1978 1369 2073 mundo,
1388 1979 1449 2054 cui
1470 1985 1546 2052 tam
1565 1978 1638 2053 cito

467 2106 640 2196 pareatur
665 2121 688 2175 a
714 2099 800 2195 suis,
827 2101 921 2177 sicut
956 2100 1017 2176 tali
1047 2106 1201 2196 patrono
1231 2105 1383 2194 paretur
1408 2120 1432 2173 a
1462 2098 1639 2193 navigan-

468 2222 576 2297 tibus.
604 2220 658 2294 Ad
681 2221 912 2317 propositum
934 2241 1025 2319 ergo
1049 2226 1159 2296 autor
1189 2219 1320 2295 indicat
1350 2217 1517 2293 festinam
1549 2218 1639 2292 obe-

465 2341 639 2418 dientiam
652 2343 916 2437 apostolorum,
929 2342 994 2436 qui
1007 2341 1128 2416 statim
1143 2340 1295 2435 quietati
1311 2346 1397 2413 sunt
1414 2338 1462 2414 ad
1479 2339 1637 2413 verbum

464 2461 654 2555 lobannis,
672 2482 739 2557 per
751 2453 789 2555 (²)
803 2462 969 2537 festinam
991 2461 1236 2537 obedientiam
1253 2467 1466 2553 nautarum,
1484 2459 1548 2552 qui
1564 2459 1639 2533 sta*

465 2583 532 2657 tim
551 2583 763 2678 quietantur
780 2583 827 2659 ad
844 2583 989 2658 sibilum
1008 2582 1163 2678 patroni.
1178 2581 1330 2657 Volebat
1342 2582 1441 2657 euim
1455 2581 1638 2656 lebannes

468 2726 597 2781 omnes
622 2703 825 2799 quiescere,
843 2708 884 2778 ut
901 2703 1117 2798 loqueretur
1142 2724 1229 2779 curn
1250 2710 1394 2778 autore.
1413 2705 1552 2777 -aut
1573 2700 1639 2775 llic

465 2831 575 2907 autor
602 2824 731 2900 ultimo
756 2823 940 2899 concludit
964 2830 1002 2899 et
1025 2823 1234 2918 dicitquod
1250 2823 1425 2897 contusus
1443 2822 1511 2897 luit
1531 2820 1636 2896 valde

465 2944 613 3040 quando
639 2945 818 3020 convertit
843 2965 883 3018 se
908 2944 954 3017 ad
981 2942 1170 3019 videndam
1192 2942 1411 3033 beatricem,
1432 2963 1501 3017 nec
1521 2940 1638 3036 potuit

465 3065 591 3140 videre
608 3085 711 3159 eam3
738 3064 823 3139 dicit
848 3084 938 3160 ergo
955 3064 1165 3139 exclamans
1183 3082 1270 3138 cum
1289 3061 1547 3137 admiratione:
1567 3061 1635 3134 att

467 3192 597 3278 quanto
623 3188 672 3259 mi
694 3188 878 3259 comnmsst'
901 3185 994 3258 nella
1019 3190 1140 3277 mene,
1170 3182 1273 3277 idest,
1300 3188 1480 3276 quantum
1512 3190 1639 3276 stupe-

467 3304 583 3381 factus
601 3305 664 3399 lui,
672 3327 740 3399 per
757 3326 830 3379 non
841 3312 945 3398 poter
961 3308 1103 3381 oedertc
1119 3306 1262 3397 amodo
1279 3307 1327 3377 mi
1342 3306 1432 3377 veut
1445 3325 1513 3396 per
1528 3306 1634 3377 ceder

468 3428 648 3520 Beatum
673 3432 710 3501 et
734 3425 840 3501 dicit:
875 3427 1047 3515 benet'io,
1073 3426 1174 3519 idest,
1201 3424 1382 3519 quamvis,
1405 3430 1497 3520 sossi
1510 3447 1636 3517 presso

469 3548 508 3620 di
531 3549 587 3637 tet,
612 3546 698 3641 quia
724 3566 797 3621 non
820 3552 1036 3639 recesserat,
1063 3566 1131 3621 nee
1155 3547 1393 3642 elongaverat
1424 3566 1465 3620 se
1497 3545 1545 3619 ab
1577 3566 1636 3639 eo,
1726 3584 1729 3589 ·

470 3686 490 3738 e
512 3668 571 3739 nel
593 3670 722 3741 mondo
745 3669 860 3761 selice!
877 3666 981 3760 idest,
999 3666 1035 3739 in
1061 3665 1238 3760 paradiso.
1260 3665 1304 3738 Et
1321 3666 1391 3739 boc
1405 3663 1508 3760 lingit
1523 3671 1637 3738 autor

469 3788 556 3881 quia
580 3808 776 3883 percussus
803 3786 914 3861 nimio
947 3787 1095 3883 lulgum
1123 3785 1241 3860 stabat
1271 3784 1376 3881 quasi
1410 3805 1531 3860 caecus
1563 3792 1636 3859 etc.

530 4019 558 4082 (¹)
575 4022 605 4073 E.
622 4022 657 4072 ut
672 4022 715 4073 bic
730 4022 797 4073 ride.

531 4094 560 4160 (¹)
574 4098 604 4149 E.
620 4113 667 4162 pcc
681 4098 901 4161 comparationem
919 4094 1017 4147 lestlnn
1034 4096 1185 4148 omutentts
1201 4101 1349 4145 nautarum.
