4842 6642
814 830 887 902 tot
1206 846 1411 903 conserunt
1436 846 1602 901 omnent

814 998 932 1087 potest
956 991 1105 1068 attribui
1131 990 1281 1091 angelis,
1300 997 1338 1067 et
1358 991 1410 1065 sio
1435 989 1672 1066 oonluoditur
1693 988 1841 1065 veritas.
1863 990 1904 1063 ln
1923 1009 1992 1066 an-

814 1112 906 1208 gelis
931 1113 1028 1187 enim
1056 1133 1129 1186 non
1147 1120 1233 1187 sunt
1251 1112 1456 1187 intellectus
1480 1131 1606 1209 ageos,
1629 1130 1698 1186 neo
1718 1110 1907 1206 possibilis,
1927 1111 1993 1207 qui

813 1241 899 1306 sunt
923 1233 960 1307 in
985 1233 1109 1307 anima
1134 1232 1304 1328 hominis,
1322 1254 1410 1309 curn
1433 1232 1637 1327 intelligere
1661 1232 1706 1304 sit
1730 1231 1768 1305 in
1794 1233 1899 1307 uobis
1923 1232 1992 1308 ali-

811 1352 959 1447 quando
985 1352 1022 1425 in
1048 1353 1222 1446 potentia,
1246 1352 1446 1446 aliquando
1470 1352 1509 1425 in
1533 1358 1631 1427 actu.
1661 1352 1758 1448 Ergo
1783 1352 1992 1428 intellectus

813 1491 885 1546 non
912 1479 1031 1567 potest
1055 1470 1123 1546 dici
1150 1470 1187 1545 in
1212 1472 1346 1569 angelo
1381 1472 1448 1547 nisi
1481 1471 1672 1566 aequivooe
1699 1473 1756 1547 vel
1783 1471 1991 1547 similitudi-

814 1592 940 1687 narie3
965 1592 1053 1687 quia
1078 1594 1234 1689 angelus
1259 1593 1425 1690 intelligit
1456 1613 1522 1689 per
1547 1593 1688 1689 species
1713 1594 1867 1686 innatas,
1902 1596 1989 1689 quia

812 1720 938 1788 tamen
955 1714 1068 1809 aliqui
1093 1714 1222 1789 volunt
1244 1712 1344 1807 quod
1366 1714 1411 1787 sit
1432 1713 1645 1810 simpliciter
1666 1736 1800 1810 onum3
1819 1716 1901 1793 ideo
1918 1739 1989 1791 au-

816 1841 872 1908 tor
897 1840 1026 1909 eontra
1052 1834 1142 1909 tales
1167 1834 1220 1909 sic
1244 1833 1409 1928 loquitur
1434 1834 1472 1907 in
1498 1833 1620 1909 litera:
1638 1834 1686 1909 de
1709 1837 1902 1911 voluntate
1918 1856 1989 1911 arr-

815 1964 889 2031 tem
915 1956 1104 2031 sciendum
1131 1954 1312 2050 estquod
1337 1955 1450 2029 horno
1476 1956 1555 2029 vult
1580 1956 1720 2031 bonum
1754 1977 1820 2052 per
1845 1958 1990 2031 discur-

814 2097 897 2150 sum
929 2076 1089 2169 rationiS,
1122 2076 1276 2172 angelus
1310 2076 1348 2148 in
1381 2075 1540 2150 instanti.
1576 2076 1677 2151 Sicut
1710 2097 1802 2173 ergo
1836 2078 1990 2173 angelus

815 2196 1052 2271 excellentius
1083 2195 1250 2293 intelligit
1280 2196 1441 2289 homine,
1473 2196 1523 2271 ita
1554 2196 1665 2273 debet
1695 2198 1858 2295 intelligi,
1890 2197 1991 2293 quod

815 2316 853 2389 in
870 2335 915 2390 eo
935 2316 981 2390 sit
999 2316 1183 2393 inclinatio
1201 2316 1238 2390 in
1256 2315 1396 2390 bonum
1414 2315 1651 2391 excellentior
1669 2339 1783 2412 quam
1806 2318 1990 2393 inclinatio

815 2456 900 2531 quae
925 2443 980 2511 est
1005 2436 1042 2511 in
1069 2426 1235 2529 nobis(¹)‚
1261 2457 1346 2530 qoae
1371 2436 1577 2532 appellatur
1602 2438 1793 2532 voluntas;
1812 2441 1850 2513 et
1866 2438 1918 2512 sio
1935 2445 1991 2513 est

815 2556 1060 2650 aequivoeum.
1084 2556 1137 2631 lie
1163 2556 1342 2633 memoria
1361 2562 1488 2631 autem
1510 2555 1699 2631 sciendum
1717 2557 1890 2653 estquod
1909 2578 1989 2634 me·

816 2676 933 2753 moria
959 2676 1105 2772 proprie
1131 2698 1203 2752 non
1230 2682 1285 2751 est
1310 2677 1348 2750 in
1372 2677 1523 2773 engel05
1547 2697 1633 2751 uam
1652 2678 1832 2754 memoria
1849 2686 1905 2753 est
1921 2700 1990 2775 po-

817 2796 929 2873 tentia
947 2796 1081 2871 animae
1098 2796 1249 2871 lundata
1267 2797 1304 2871 in
1320 2818 1463 2893 organo
1487 2799 1681 2893 corporali,
1700 2818 1785 2893 quae
1803 2798 1840 2873 in
1856 2801 1990 2896 angelo

814 2938 895 2993 esse
921 2938 993 2991 non
1012 2922 1140 3012 potest,
1162 2937 1250 2993 eum
1276 2916 1323 2991 sit
1346 2918 1549 3013 substantia
1575 2918 1789 3014 spiritualis3
1808 2926 1989 3016 praeterea

816 3038 996 3115 memoria
1022 3044 1077 3113 est
1102 3037 1224 3112 solum
1249 3036 1297 3113 de
1321 3037 1524 3133 preterito3
1549 3038 1704 3136 angelus
1725 3058 1816 3114 vero
1834 3040 1932 3115 ridet
1951 3040 1990 3113 io

816 3159 891 3234 Deo
918 3158 1192 3255 presentialiter
1218 3178 1308 3233 vera
1333 3166 1372 3234 et
1393 3159 1530 3234 lutura.
1544 3198 1594 3213 -
1611 3164 1741 3249 Querte.
1760 3159 1825 3234 llic
1842 3159 1988 3235 Beatrix

816 3280 1013 3374 exequitur
1039 3280 1137 3374 quod
1164 3278 1329 3375 promisit
1352 3280 1399 3355 do
1425 3280 1606 3356 memoria
1631 3288 1788 3375 tantum,
1807 3288 1845 3355 et
1864 3289 1991 3357 osten·

815 3399 867 3473 dit
892 3400 990 3493 quod
1017 3420 1090 3474 non
1116 3406 1172 3476 est
1192 3401 1229 3474 in
1245 3401 1389 3497 angelo,
1408 3400 1551 3476 dicens:
1574 3407 1694 3490 oreste
1713 3405 1902 3493 sumzu,
1918 3403 1991 3479 sci·

816 3520 910 3615 lieet,
936 3521 1068 3618 angeli,
1091 3524 1154 3614 poi
1177 3522 1238 3596 ode
1260 3526 1371 3615 [ieron
1393 3526 1564 3614 monenda
1585 3519 1685 3598 dello
1700 3525 1818 3618 saona
1841 3526 1879 3597 di
1906 3528 1991 3615 Dio,

814 3640 917 3736 idest,
938 3648 1132 3737 postquam
1160 3643 1312 3717 luerunt
1336 3642 1456 3717 beate
1476 3642 1615 3718 visione
1631 3642 1765 3738 divina,
1783 3664 1855 3717 non
1875 3646 1992 3717 volsar

815 3766 889 3837 viro
914 3766 963 3837 du
987 3785 1080 3855 essu,
1107 3763 1254 3857 seilicet,
1281 3764 1374 3838 lacis
1399 3763 1475 3857 liei,
1493 3784 1606 3858 quam
1625 3764 1801 3839 continuo
1823 3770 1991 3839 contem·

815 3884 981 3979 plantur3
1017 3892 1053 3959 et
1086 3883 1190 3959 dicit:
1225 3885 1274 3958 du
1303 3887 1359 3958 oui
1392 3886 1490 3959 nullo
1519 3888 1552 3958 ri
1582 3886 1773 3977 nmoorrde,
1799 3885 1902 3978 idest,
1927 3884 1989 3960 cui

816 4004 902 4079 nilril
927 4012 983 4081 est
1007 4005 1206 4080 occultum.
1236 4004 1279 4079 Et
1308 4004 1395 4100 quia
1431 4026 1622 4101 nunquam
1648 4014 1842 4082 removent
1867 4006 1989 4081 visum

815 4124 954 4199 asaele
979 4122 1055 4218 Dei,
1082 4124 1163 4199 ideo
1189 4122 1312 4199 subdit
1336 4124 1437 4220 quod
1462 4125 1522 4201 illa
1552 4126 1644 4201 lucie
1674 4125 1798 4201 rident
1826 4146 1992 4223 presen-

815 4244 947 4320 tialiter
972 4244 1212 4340 preteritum,
1240 4265 1402 4342 presens
1433 4253 1471 4321 et
1502 4246 1696 4341 luturum;
1723 4246 1821 4323 unde
1845 4246 1989 4322 subdit:

812 4356 901 4459 perd
925 4386 997 4439 non
1014 4366 1133 4439 donno
1152 4368 1257 4440 venter
1272 4369 1449 4458 interciso,
1470 4366 1573 4458 idest,
1594 4366 1842 4463 interruptum
1861 4374 1899 4445 et
1919 4368 1992 4441 im-

817 4493 1014 4581 mutatum,
1033 4490 1082 4560 do
1101 4507 1217 4560 nuovo
1234 4487 1369 4581 obedo,
1391 4486 1570 4583 quianon
1593 4486 1717 4563 vident
1738 4506 1818 4563 rem
1840 4508 1989 4583 noram,

818 4606 921 4701 quasi
947 4607 1054 4701 dieat,
1076 4606 1175 4701 quod
1194 4627 1268 4681 non
1288 4615 1517 4704 cognoscunt
1536 4628 1605 4683 nee
1623 4609 1792 4684 recolunt
1811 4610 1906 4685 sicut
1923 4630 1991 4685 nos

819 4748 885 4822 per
910 4729 1052 4803 obiecta
1077 4747 1268 4824 sensuum,
1294 4726 1359 4824 qui
1386 4748 1484 4825 soeoe
1508 4729 1752 4824 decipiuntur.
1774 4731 1876 4807 Unde
1899 4752 1991 4806 con·

884 4988 911 5052 (¹)
928 4988 957 5041 E.
975 4990 1055 5039 honis.
