4842 6642
794 847 933 902 murus
957 847 1114 904 DECIMUS
1139 849 1334 906 SECUNDUS·
1601 839 1648 905 Ἡ

476 998 531 1093 lis,
543 995 683 1091 supple,
697 993 819 1088 vincit,
836 997 916 1087 quel
933 996 994 1068 cle
1017 996 1139 1088 risose,
1153 994 1256 1087 idest,
1277 996 1481 1070 secundnm
1503 997 1647 1071 radium

477 1135 589 1212 quem
616 1113 742 1194 reiecit
767 1120 868 1190 retro
893 1119 931 1190 et
957 1113 1100 1190 retudit.
1120 1114 1205 1190 Vult
1224 1133 1316 1210 ergo
1333 1114 1495 1190 breviter
1510 1116 1647 1209 dicere,

478 1236 577 1332 quod
601 1241 732 1314 cantus
748 1234 895 1310 illorum
912 1235 1105 1310 doctorum
1125 1241 1313 1310 tantorum
1332 1242 1483 1329 superat
1498 1242 1650 1310 cantum

478 1377 674 1434 musarum
704 1362 741 1430 et
769 1355 990 1449 sirenarum,
1017 1363 1196 1449 quantum
1226 1353 1349 1430 radius
1381 1360 1481 1429 recte
1515 1355 1650 1428 missus

478 1483 628 1574 superat
654 1476 797 1552 radium
821 1477 1030 1552 retractum.
1057 1475 1101 1551 Et
1127 1476 1184 1551 bic
1201 1483 1287 1550 nota
1305 1475 1405 1570 quod
1422 1475 1652 1570 comparatio

479 1605 535 1674 est
559 1597 781 1694 pulcerrima
807 1603 843 1672 et
868 1597 1115 1692 propriissima
1132 1597 1178 1673 ad
1196 1597 1435 1692 propositum,
1453 1597 1540 1692 quia
1560 1617 1650 1672 can·

481 1725 541 1794 tus
565 1719 713 1794 illorum
730 1719 924 1794 doctorum
950 1724 1005 1794 est
1030 1718 1240 1794 immediate
1256 1740 1278 1792 a
1299 1719 1388 1812 Deo,
1405 1719 1492 1813 quia
1511 1739 1577 1814 per
1593 1719 1650 1792 in·

480 1839 659 1918 fusionem
694 1839 851 1914 babetur
881 1859 905 1914 a
930 1839 1005 1914 Deo
1029 1858 1134 1914 sacra
1164 1838 1360 1936 theologia,
1385 1839 1480 1916 sicot
1505 1840 1649 1936 primus

481 1961 605 2038 radius
635 1965 691 2036 est
715 1981 738 2035 a
763 1959 859 2053 sole;
886 1960 949 2036 sed
980 1968 1109 2036 cantus
1140 1959 1300 2034 aliarum
1330 1960 1567 2035 scientiarum
1593 1970 1651 2036 est

478 2081 571 2158 siem
597 2081 754 2174 retusus,
780 2080 866 2174 qnia
892 2101 913 2156 a
939 2080 1044 2172 coelo,
1070 2101 1093 2154 a
1119 2087 1262 2174 natura,
1288 2081 1336 2154 ab
1364 2087 1446 2156 arte
1471 2081 1651 2156 babemus

477 2201 566 2276 alias
584 2201 752 2276 scientias
765 2220 831 2295 per
843 2200 1119 2293 acquisitionem
1138 2205 1176 2274 et
1192 2199 1473 2294 inquisitionem.
1484 2205 1648 2274 -Gome

477 2325 509 2396 si
533 2325 671 2414 oolqon.
698 2321 763 2396 llic
787 2327 910 2414 autor,
927 2320 1108 2416 descripto
1134 2329 1246 2394 cantu
1271 2320 1481 2395 dulcissimo
1503 2321 1649 2395 illarum

477 2441 700 2536 animarum,
726 2463 824 2518 nnnc
840 2436 876 2533 (¹)
903 2440 1074 2516 describit
1099 2446 1244 2514 motum
1261 2440 1482 2516 circularem
1500 2441 1648 2515 illarum

477 2563 639 2638 duarum
654 2582 879 2638 coronarum
896 2561 1005 2634 simul
1019 2561 1242 2636 sociaturum
1256 2581 1323 2655 per
1335 2561 1648 2656 comparationem

478 2684 645 2778 pulcram
671 2683 709 2758 e't
737 2681 943 2778 propriam:
974 2689 1011 2758 et
1040 2681 1255 2776 dicitquod
1288 2681 1358 2756 illae
1386 2681 1471 2756 dnae
1500 2701 1649 2756 corone

478 2804 721 2879 volvebantur
743 2802 870 2897 quales
894 2802 971 2876 duo
994 2821 1104 2877 arcus
1124 2808 1210 2876 sunt
1234 2802 1271 2876 in
1297 2801 1389 2878 iride
1413 2801 1645 2877 diversorum

477 2925 644 3000 colorum
671 2922 953 3017 equidtstannes,
980 2943 1140 3015 qnorum
1172 2943 1270 2995 unus
1299 2923 1460 2998 continet
1487 2923 1646 2998 alterum

476 3045 572 3118 intra
588 3064 646 3136 se;
672 3043 778 3118 istam
796 3049 921 3118 autem
940 3041 1252 3136 comparationem
1269 3047 1380 3116 antor
1396 3040 1559 3116 declarat
1580 3063 1647 3137 per

475 3163 675 3240 secundam
701 3163 1024 3258 comparationem,
1051 3167 1089 3252 et
1114 3160 1314 3236 secundam
1328 3152 1365 3254 (¹)
1401 3162 1647 3258 comparatio-

476 3301 561 3358 nem
592 3281 752 3358 declarat
786 3301 853 3376 per
884 3281 1051 3375 tertiam;
1078 3281 1176 3356 unde
1207 3281 1397 3356 considera
1433 3281 1528 3357 bene
1556 3291 1647 3377 quot

475 3401 673 3478 sententias
697 3409 806 3476 autor
831 3402 889 3476 hic
915 3401 1073 3476 inculcat
1101 3402 1138 3475 in
1170 3423 1296 3495 unam,
1331 3407 1369 3476 et
1400 3410 1537 3497 quanta
1567 3410 1649 3480 arte

477 3523 602 3598 utitur.
623 3522 758 3598 Ordine
784 3543 876 3619 ergo
901 3531 938 3598 et
962 3530 1137 3600 construe
1162 3523 1214 3598 sic
1235 3523 1391 3617 literam,
1408 3531 1446 3599 et
1464 3524 1646 3600 descendo

477 3643 589 3718 intra:
621 3648 668 3717 Lo
699 3647 765 3719 due
793 3646 991 3736 ululando,
1024 3644 1127 3735 idest,
1159 3643 1341 3739 praedictae
1378 3645 1463 3718 dnae
1490 3665 1647 3736 coronae

475 3768 656 3838 contextae
680 3784 725 3840 ex
753 3764 982 3860 pulcerrimis
1007 3763 1182 3858 tloribns;
1208 3763 1309 3838 unde
1332 3764 1441 3838 dicit:
1472 3767 1509 3838 di
1539 3769 1649 3856 quote

397 3949 398 3952 a
475 3887 679 3976 mmmmm
702 3905 796 3976 rosc,
822 3884 925 3978 idest,
951 3885 1097 3959 illorum
1124 3884 1317 3960 doctorum
1350 3884 1414 3978 qui
1447 3893 1534 3959 sunt
1564 3887 1646 3982 pul-

476 4004 624 4080 cerrimi
649 4005 807 4080 aliorum
835 4005 1040 4098 beatorum,
1066 4004 1159 4080 sicut
1186 4024 1280 4078 roste
1305 4011 1391 4078 sunt
1414 4006 1646 4099 pulcerrimae

476 4123 622 4216 dorum,
635 4131 673 4198 et
686 4124 802 4220 magis
819 4123 1003 4217 odoriferi,
1012 4124 1113 4217 idest,
1125 4123 1266 4217 famosi,
1275 4127 1455 4214 votpoonsl
1464 4128 1561 4199 circo
1571 4130 1646 4214 root,

476 4242 578 4334 idest,
603 4243 799 4318 volverunt
824 4265 864 4318 se
889 4244 986 4319 circa
1012 4244 1217 4319 Beatrioem
1234 4250 1272 4318 et
1290 4264 1362 4337 me,
1378 4265 1398 4316 e
1415 4237 1447 4317 si
1462 4248 1646 4318 testrcmo

475 4363 535 4437 oll'
547 4364 670 4436 estimo
694 4365 840 4454 rtrpose,
866 4364 970 4458 idest,
997 4364 1116 4438 minor
1141 4364 1273 4457 latiori,
1299 4384 1383 4458 qnae
1400 4365 1530 4439 ultimo
1547 4367 1647 4442 venit

475 4481 667 4576 aqualiter
695 4490 733 4558 et
765 4483 1132 4578 proportionabiliter,
1159 4477 1230 4558 coel
1263 4484 1351 4576 (redi
1379 4487 1516 4580 supra),
1550 4507 1649 4560 come

475 4603 543 4676 due
574 4603 674 4675 urolt
700 4605 875 4694 pmntbll,
902 4602 1005 4696 idest,
1032 4602 1095 4696 qui
1125 4602 1317 4696 aqualiter
1349 4603 1482 4678 distant
1511 4604 1560 4679 ab
1591 4605 1647 4679 in-

478 4722 594 4798 vicem
620 4723 823 4800 secundum
859 4722 1060 4817 quamlibet
1090 4724 1147 4796 sui
1181 4731 1335 4819 partem,
1365 4728 1397 4799 si
1427 4729 1554 4818 volpon
1581 4749 1648 4820 per

539 4981 567 5046 (¹)
583 4980 609 5031 S.
626 4983 715 5034 modo.
900 4981 928 5046 ς’)
944 4983 975 5034 Β.
991 4988 1017 5034 et
1033 4983 1100 5038 banc
1116 4986 1266 5041 secundum.
