4842 6642
967 774 1012 840 58
1226 819 1230 827 .
1359 783 1565 842 cunarum
1588 787 1755 842 nananrsr

961 935 1063 1026 usar
1079 934 1187 1005 rmdr
1205 934 1242 1005 lu
1258 933 1479 1034 arranem
1495 934 1657 1025 conforto
1673 933 1765 1005 della
1781 953 1848 1004 sua
1863 953 1960 1024 praa
1977 935 2136 1026 oirtrtde5

961 1051 1048 1146 quia
1075 1051 1170 1127 sicut
1193 1072 1216 1125 a
1242 1050 1350 1126 simili
1370 1053 1425 1126 sol
1441 1051 1562 1126 statim
1580 1072 1602 1125 a
1620 1051 1794 1147 principio
1811 1053 1868 1127 sui
1885 1059 1992 1128 ortus
2016 1053 2138 1150 incipit

961 1171 1165 1247 calefacere
1197 1178 1349 1266 terram,
1375 1179 1413 1247 et
1444 1171 1648 1247 refocillare
1671 1172 1854 1267 animalia,
1881 1173 1931 1248 ita
1956 1180 1995 1250 et
2018 1176 2136 1250 Fran·

962 1293 1082 1368 ciscus
1107 1293 1228 1367 statim
1254 1314 1277 1367 a
1302 1293 1458 1388 pueritia
1491 1313 1558 1366 sua
1590 1292 1738 1389 inooepit
1768 1293 1859 1368 dare
1888 1316 1990 1390 spem
2018 1296 2136 1371 homi-

933 1503 935 1508 ,
964 1413 1071 1488 nibus
1096 1413 1142 1490 de
1169 1436 1304 1512 magna
1330 1414 1468 1489 virtute
1499 1410 1727 1488 sua-Cle*
1751 1435 1820 1506 per
1849 1418 1908 1489 tul.
1942 1415 2006 1489 llic
2039 1417 2135 1500 Tho·

965 1555 1044 1609 mas
1068 1535 1240 1630 exprimit
1263 1536 1362 1609 illam
1390 1555 1563 1631 magnam
1590 1534 1765 1609 virtutem
1791 1533 2003 1630 primariam
2022 1535 2135 1630 ipsius
2162 1525 2165 1528 ⁴

962 1653 1158 1749 Francisci3
1184 1662 1222 1730 et
1238 1655 1333 1749 dicit,
1351 1654 1451 1749 quod
1469 1653 1538 1727 luit
1554 1660 1630 1727 tam
1655 1652 1790 1748 audax,
1809 1655 1908 1749 quod
1930 1657 2132 1750 postposuit

962 1775 1208 1870 injuventute
1227 1796 1396 1851 amorem
1415 1781 1624 1871 paternum,
1638 1793 1750 1869 quem
1768 1794 1899 1848 omnes
1915 1775 2133 1850 naturaliter

960 1902 1181 1990 sequuntur,
1206 1895 1326 1970 amori
1353 1893 1463 1968 unius
1487 1893 1658 1987 dominae,
1675 1913 1789 1988 quam
1807 1913 1938 1969 omnes
1963 1915 2136 1969 commu-

961 2015 1055 2090 niter
1080 2015 1247 2092 oderunt.
1275 2016 1367 2091 Dicit
1391 2035 1501 2110 ergo:
1527 2011 1596 2090 ote*
1611 2018 1822 2108 qioonnctto,
1839 2015 1900 2090 ille
1915 2015 2131 2090 Franciseus

960 2157 1064 2210 corre
1076 2139 1113 2208 in
1129 2158 1265 2228 quma
1277 2139 1336 2210 del
1341 2139 1472 2230 padre,
1485 2136 1588 2228 idest,
1602 2134 1756 2210 incurrit
1773 2135 1900 2210 odium
1913 2143 1951 2210 et
1966 2137 2134 2232 indigna-

960 2256 1096 2331 tionem
1124 2263 1329 2352 patemam,
1350 2279 1419 2350 per
1442 2259 1498 2329 tul
1515 2259 1653 2350 amna,
1679 2256 1781 2350 idest,
1813 2277 1943 2332 amore
1974 2255 2132 2330 dominae

961 2378 1203 2474 paupertatis3
1221 2385 1258 2452 et
1273 2377 1378 2452 dicit:
1397 2380 1493 2451 anri
1507 2398 1635 2452 norrun
1650 2380 1822 2470 datam
1838 2377 1941 2470 idest,
1954 2377 2083 2473 aperit,
2097 2380 2133 2450 lu

957 2507 1065 2592 portu
1082 2501 1140 2572 del
1150 2503 1287 2590 macer,
1301 2499 1388 2593 quia
1409 2499 1544 2573 scilicet
1557 2504 1752 2594 paupertas
1769 2497 1857 2572 nulli
1876 2499 2013 2593 placet,-
2032 2499 2134 2593 qnod

959 2619 1128 2716 probata
1146 2619 1266 2711 simili,
1284 2619 1421 2694 dicens:
1443 2639 1540 2693 come
1563 2622 1637 2692 ullu
1662 2627 1785 2710 morte,
1810 2618 1913 2713 idest,
1940 2619 2032 2694 sicul
2049 2619 2133 2692 nul·

959 2739 1029 2813 lus‘
1051 2738 1179 2832 recipit
1212 2738 1426 2834 placibiliter
1458 2746 1631 2833 mortem,
1664 2739 1716 2813 sic
1748 2759 1878 2812 omnes
1911 2737 2132 2834 generaliter

959 2859 1104 2956 lugiunt
1122 2865 1390 2955 paupertatem,
1417 2859 1512 2934 sicut
1538 2860 1756 2934 naturaliter
1780 2858 1928 2954 lugiunt
1953 2865 2130 2952 mortem3

959 2979 1074 3054 immo
1108 2999 1204 3072 saepe
1238 2979 1405 3054 homines
1436 2986 1565 3073 sponte
1596 2980 1757 3053 subeunt
1788 2985 1946 3052 mortem
1981 2985 2131 3072 propter

960 3098 1171 3197 fugiendam
1198 3105 1464 3194 paupertatem.
1479 3105 1575 3172 -Ε
1595 3103 1752 3173 dinanzi.
1780 3099 1845 3174 llic
1870 3100 2028 3172 Thomas
2044 3117 2131 3192 pro-

957 3221 1021 3295 bat
1047 3240 1112 3317 per
1137 3219 1311 3295 ellectum
1338 3219 1525 3314 quomodo
1550 3221 1765 3296 Franciscus
1798 3241 1887 3295 vero
1916 3240 2046 3295 amore
2076 3219 2132 3294 di·

957 3335 1092 3434 lexitt¹)
1108 3341 1294 3431 dominam
1309 3348 1577 3437 paupertatem,
1590 3341 1678 3436 quia
1690 3343 1831 3437 aceepit
1849 3363 1932 3417 eam
1954 3343 1991 3416 in
2012 3341 2130 3438 legiti-

957 3482 1057 3536 mam
1086 3482 1241 3536 urorem
1268 3483 1388 3555 suam,
1406 3468 1443 3536 et
1462 3464 1643 3537 consensit
1665 3463 1701 3536 in
1722 3484 1817 3538 eam.
1845 3464 1947 3538 Unde
1972 3463 2075 3538 dicit:
2093 3470 2130 3538 et

956 3571 1035 3678 ipse
1057 3583 1271 3658 Franciscus
1296 3587 1327 3656 le
1350 3587 1477 3677 sisece
1500 3587 1610 3674 unito,
1640 3583 1743 3677 idest,
1780 3584 1970 3658 coniunxit
1997 3605 2040 3660 se
2064 3585 2130 3680 ipsi

955 3703 1173 3799 paupertati,
1194 3725 1213 3776 e
1231 3706 1379 3776 dinanzi
1394 3725 1418 3776 o
1436 3707 1473 3778 la
1489 3725 1555 3777 sun
1570 3707 1712 3797 spiritui
1733 3713 1841 3798 corte,
1871 3705 1974 3799 idest,
2001 3725 2127 3780 coram

956 3821 1125 3918 episcopo
1151 3823 1358 3898 diocesano
1391 3829 1429 3898 et
1460 3844 1585 3898 coram
1613 3831 1729 3919 patre,
1755 3826 1841 3921 quia
1873 3825 1910 3899 io
1937 3825 2127 3920 presentia

955 3943 1069 4040 patris
1096 3943 1317 4018 renuntiavit
1333 3944 1505 4019 omnibus
1524 3945 1626 4018 bouis
1644 3945 1958 4041 patrimonialibus
1978 3953 2016 4020 et
2034 3953 2128 4020 tem·

954 4064 1152 4159 puralibus.
1179 4065 1224 4138 Et
1247 4064 1332 4140 dicit
1359 4073 1507 4159 postea:
1529 4069 1652 4159 postia
1676 4059 1774 4140 didi
1797 4069 1835 4139 in
1859 4060 1896 4141 di
1920 4069 1944 4140 l’
1956 4060 2039 4141 cmd
2067 4061 2128 4160 piri

951 4188 1057 4279 sorte,
1093 4191 1282 4278 tanlquam
1318 4185 1437 4259 honus
1472 4185 1637 4280 maritus,
1670 4186 1735 4280 qui
1769 4207 1974 4282 numquam
2000 4208 2125 4262 caram

956 4325 1109 4378 uxorem
1137 4327 1243 4379 suam
1270 4305 1464 4401 dereliquit
1490 4327 1609 4400 usque
1642 4305 1689 4380 ad
1726 4315 1895 4400 mortem,
1914 4307 2030 4382 immo
2061 4327 2128 4382 nec

953 4425 989 4498 in
1018 4433 1137 4501 morte
1162 4426 1298 4501 oblitus
1315 4433 1370 4501 est
1387 4427 1478 4502 eius:
1492 4455 1544 4481 ε
1559 4432 1695 4515 Quarto.
1714 4427 1779 4501 llic
1795 4427 1954 4501 Thomas
1971 4427 2007 4502 in
2024 4447 2127 4502 com-

953 4543 1223 4621 mendationem
1241 4546 1463 4621 matrimonii
1478 4547 1655 4621 contracti
1670 4547 2126 4642 perFranciscnm,oslen·

951 4665 1002 4739 dit
1028 4687 1140 4761 quam
1169 4665 1453 4741 misericorditer
1478 4666 1694 4742 Franciscus
1713 4651 1957 4764 egit'secum3
1975 4674 2013 4743 et
2028 4667 2126 4758 dicit,

1017 4924 1045 4990 (¹)
1063 4925 1093 4977 Ε.
1110 4925 1238 4979 dllexerlt.
