4842 6642
801 858 941 914 cannes
966 860 1125 915 nncmos
1149 860 1294 915 snxros.
1557 854 1626 919 177

454 1004 598 1100 nabiles,
624 1005 765 1081 dicens:
792 1009 826 1079 lt
852 1010 1075 1098 Copomocoo
1092 1026 1157 1081 cro
1178 996 1240 1098 yid
1261 1009 1393 1081 discere
1409 1005 1470 1101 nit
1486 1013 1535 1084 da
1550 1014 1628 1085 lic-

452 1116 526 1201 note
541 1129 601 1201 nol
615 1134 783 1218 mmooto,
806 1126 908 1222 idest,
925 1127 971 1203 ad
989 1126 1227 1203 habitandum
1245 1127 1283 1200 in
1300 1135 1466 1204 mercato
1491 1132 1626 1227 veteri3

452 1268 472 1320 c
499 1249 615 1321 Giudo
640 1269 659 1320 c
683 1250 875 1340 losongoto
891 1268 956 1321 cra
971 1237 1033 1339 fid
1049 1248 1142 1321 boort
1158 1249 1335 1322 mondino.
1357 1249 1439 1322 lstae
1460 1256 1536 1325 tres
1560 1251 1628 1327 do·

453 1387 538 1441 mns
554 1372 641 1441 sunt
658 1367 821 1461 expulsae
832 1367 975 1463 jamdiu
989 1388 1056 1462 pro
1070 1373 1175 1463 parte
1191 1368 1401 1464 ghibellina.
1412 1408 1463 1423 -
1475 1373 1516 1442 lo
1532 1366 1624 1444 dird.

453 1486 518 1562 liic
543 1486 783 1583 Cacciagnida
809 1488 975 1582 propalat
995 1508 1106 1563 unam
1127 1489 1281 1566 domum
1303 1491 1493 1586 antiquam
1522 1492 1626 1589 igno-

456 1613 531 1680 tam
559 1607 675 1701 valde,
701 1613 739 1682 et
764 1628 848 1703 qoae
873 1610 920 1685 ab
946 1609 1114 1707 ignorato
1143 1633 1233 1687 casn
1263 1614 1535 1689 accidentaliter
1559 1635 1626 1688 no-

455 1748 542 1803 men
576 1728 695 1803 traxit.
732 1728 784 1803 Ad
817 1731 923 1805 cuius
957 1731 1231 1829 intelligentiam
1266 1741 1321 1809 est
1359 1735 1624 1829 praesciendnm

456 1848 555 1943 qnod
580 1855 647 1923 eto.
674 1850 779 1925 Nunc
804 1852 849 1928 ad
876 1852 1019 1927 literam
1045 1852 1131 1928 dicit
1150 1862 1281 1929 antor:
1310 1860 1349 1927 lo
1368 1850 1449 1929 dtrd
1469 1877 1554 1930 coco
1569 1860 1625 1929 irr-

454 1970 616 2043 credibile
639 1991 659 2044 e
683 1992 778 2045 ocra.
806 1972 898 2047 Satis
916 1974 1013 2047 enim
1034 1974 1244 2049 incredibile
1260 1974 1416 2070 videtur,
1434 1976 1534 2069 qood
1550 1996 1625 2049 nna

455 2096 559 2185 porta
585 2090 715 2165 nobilis
741 2091 895 2167 civitatis
920 2100 1087 2169 sumeret
1112 2093 1446 2169 denominationem
1472 2096 1519 2169 ab
1550 2115 1625 2170 uno

456 2210 654 2308 vendipira‚
680 2217 866 2288 ettamen
892 2212 943 2287 sic
969 2212 1047 2287 luit.
1074 2215 1118 2288 Et
1153 2235 1199 2289 ex
1236 2215 1306 2289 lroc
1339 2216 1426 2289 satis
1461 2222 1624 2311 apparet,

453 2332 552 2427 qnod
579 2333 677 2407 male
700 2332 918 2431 intelligunt,
945 2332 1009 2427 qni
1035 2340 1226 2429 exponunt
1251 2334 1350 2428 qnod
1375 2342 1486 2409 antor
1506 2334 1626 2429 loqni-

453 2445 565 2545 tur(⁴)
593 2452 650 2528 lric
676 2452 723 2529 de
747 2453 904 2529 Perntiis
929 2454 975 2530 de
1000 2454 1209 2549 Florentia3
1235 2460 1326 2529 tnnc
1350 2456 1448 2530 enim
1470 2477 1544 2531 non
1569 2455 1625 2529 ri-

453 2573 605 2649 deretnr
630 2594 690 2648 res
721 2573 772 2649 ita
801 2575 1030 2650 incredibilis.
1065 2575 1151 2650 ldeo
1181 2575 1302 2669 prima
1334 2576 1511 2672 expositio
1542 2577 1624 2670 plus

454 2696 584 2791 placet,
611 2696 698 2789 quia
724 2715 798 2769 non
823 2696 902 2771 sine
927 2716 1044 2789 qnare
1069 2702 1178 2770 autor
1199 2695 1290 2769 dixit
1306 2696 1493 2794 signanter
1508 2699 1625 2770 inore-

454 2818 568 2907 dibile,
594 2820 632 2891 et
664 2835 751 2891 ecce
782 2836 861 2891 rem
896 2816 1144 2892 incredibilem
1178 2823 1216 2890 et
1247 2836 1395 2892 veram:
1421 2820 1479 2890 net
1497 2819 1625 2909 prociot

454 2938 602 3025 ceretio,
632 2935 724 3010 idest
752 2935 788 3008 in
818 2956 973 3031 parvum
1008 2936 1199 3011 circuitum
1217 2927 1255 3028 (²)
1289 2937 1444 3012 civitatis
1477 2937 1624 3025 veteris,

452 3058 639 3130 smenon
659 3077 727 3148 per
747 3064 869 3147 porto,
890 3058 949 3131 cte
972 3059 1005 3130 si
1029 3078 1195 3145 nomena,
1217 3056 1319 3150 idest,
1336 3077 1422 3151 qnae
1438 3063 1542 3152 porta
1559 3056 1627 3132 de-

455 3174 726 3268 nominahatur,
758 3178 808 3248 do
839 3178 918 3271 quoi
946 3178 1039 3249 delto
1069 3181 1174 3250 Pero.
1208 3176 1252 3249 Et
1284 3182 1381 3269 nota,
1415 3175 1514 3270 quod
1546 3177 1625 3251 lraec

455 3301 561 3391 porta
586 3315 659 3368 non
685 3302 765 3369 erat
781 3294 828 3370 de
844 3295 1111 3390 principalibus.
1129 3295 1297 3370 Habebat
1316 3295 1415 3370 enim
1438 3303 1525 3371 tunc
1541 3296 1625 3371 Flo·

455 3416 571 3491 nentia
597 3420 758 3508 quatuor
783 3421 908 3509 portas
934 3415 1138 3511 magistras,
1163 3415 1311 3511 scilicet,
1337 3424 1481 3511 portam
1507 3418 1621 3492 sancti

454 3536 562 3629 Petri,
580 3541 724 3630 portam
746 3536 854 3630 juxta
880 3536 1080 3629 Dnomnm,
1097 3542 1242 3630 portam
1269 3536 1383 3611 sancti
1400 3536 1516 3629 Pauli,
1536 3557 1624 3632 por-

454 3662 529 3731 tam
560 3662 696 3732 sanotae
721 3654 853 3729 Mariae.
879 3653 968 3729 Alite
994 3673 1084 3729 vero
1109 3646 1268 3747 erantl³l
1303 3663 1419 3749 portae
1448 3656 1622 3751 parvulae.

454 3818 503 3831 -
522 3779 679 3851 ciascun.
707 3774 772 3851 Hic
797 3773 1037 3871 Cacciagoida
1069 3773 1153 3849 lacit
1179 3796 1296 3848 nnnm
1324 3775 1458 3851 fascem
1486 3775 1532 3850 de
1556 3774 1623 3850 ali-

455 3886 595 3993 quotl‘)
623 3894 805 3971 nobilibus
830 3893 983 3987 familiis,
1010 3914 1094 3988 quae
1118 3914 1249 3969 omnes
1274 3900 1421 3989 portant
1445 3894 1542 3970 idem
1568 3895 1624 3968 in-

455 4018 624 4115 signium.
656 4016 710 4090 Ad
740 4014 847 4090 cuins
875 4014 1094 4089 evidentiam
1128 4022 1183 4088 est
1214 4014 1492 4109 praesciendum,
1525 4016 1624 4109 quod

455 4138 532 4212 istoe
557 4137 708 4214 luerunt
733 4136 897 4230 quinque
914 4135 1051 4211 nobiles
1068 4135 1213 4229 domos,
1230 4136 1365 4211 scilicet
1381 4136 1496 4229 Pulci,
1514 4138 1623 4229 Nerli,

455 4257 666 4353 Candonati,
705 4255 857 4331 comites
891 4255 937 4329 de
963 4254 1198 4352 Gangalandi,
1236 4262 1273 4329 et
1304 4255 1438 4330 domus
1463 4254 1621 4330 liliorum

455 4378 574 4455 Bellae.
600 4378 660 4451 Isti
686 4396 815 4452 omnes
840 4382 986 4471 portant
1019 4396 1086 4469 pro
1117 4382 1306 4449 armatura
1341 4375 1455 4472 dogns
1483 4377 1530 4451 ad
1562 4399 1625 4452 ar·

454 4507 606 4596 gentum
625 4506 662 4573 et
679 4497 861 4591 rubeum3
881 4515 993 4591 quam
1012 4501 1242 4570 armaturam
1266 4496 1506 4573 obtinuerunt
1522 4499 1570 4572 ab
1583 4491 1621 4589 (ὅ)

453 4621 609 4717 lingone
627 4617 838 4693 marchione
854 4615 1163 4711 Brandibnrgensi
1182 4616 1241 4691 vel
1257 4618 1392 4691 comite
1412 4618 1623 4711 Alamaniae,

515 4854 543 4916 (¹)
559 4855 590 4904 E·
607 4854 738 4917 loquatur.
1056 4853 1084 4913 (¹)
1100 4852 1125 4904 S.
1142 4853 1282 4903 circulum.

403 4962 405 4967 ·
515 4931 542 4993 (³)
560 4931 590 4981 E.
606 4934 682 4980 erant
697 4930 808 4993 portulae
825 4945 911 4994 parre
928 4943 972 4981 aco
991 4931 1113 4994 parvule.

517 5008 545 5072 [1)
560 5007 587 5059 S.
604 5009 738 5073 aliquibus.
1059 5008 1086 5071 (⁶)
1103 5008 1133 5058 E.
1150 5022 1165 5058 a
1181 5009 1296 5073 quodam
1311 5008 1432 5073 lingone.

587 5118 613 5161 V·
1467 5116 1492 5158 12
