4842 6642
805 835 943 890 murus
969 836 1161 892 vrecsmus
1187 838 1330 891 paruus.
1580 828 1650 895 287

478 981 537 1055 ille
564 1001 669 1056 mons
694 981 740 1056 de
764 1001 841 1074 quo
866 980 951 1054 dicit
976 982 1158 1075 Lucanus,
1181 982 1281 1076 quod
1299 981 1510 1079 Apenninus
1532 992 1588 1060 est
1604 985 1652 1060 ihi

475 1101 584 1176 altior
615 1121 728 1195 quam
759 1101 797 1174 in
822 1100 964 1174 caeteris
995 1101 1094 1193 locis,
1124 1101 1170 1176 ad
1203 1122 1327 1196 quem.
1352 1104 1516 1201 confugit
1541 1105 1653 1180 Pom-

472 1222 591 1318 ·peius.
605 1224 649 1297 Et
665 1222 770 1298 dicit:
789 1224 826 1296 di
841 1229 929 1294 sollo
946 1225 986 1296 ol
1001 1226 1116 1314 quale,
1130 1223 1232 1316 idest,
1247 1222 1340 1298 inira
1358 1245 1468 1320 quem
1488 1225 1653 1322 gibbum,

475 1340 721 1419 commemoro
746 1364 794 1416 uo
823 1363 935 1434 ormo,
966 1343 1069 1437 idest,
1096 1363 1240 1438 nemus,
1272 1345 1334 1418 ubi
1366 1353 1421 1420 est
1454 1345 1653 1420 heremito-

477 1465 573 1538 rium
589 1459 626 1556 (¹)
653 1471 691 1539 et
717 1464 996 1559 monasterium,
1018 1466 1078 1538 cite
1101 1468 1197 1538 suole
1222 1487 1317 1538 esser
1346 1469 1499 1560 disposto
1526 1488 1550 1540 o
1575 1471 1652 1541 solo

477 1587 597 1678 lutrio,
627 1585 729 1680 idest,
760 1584 826 1659 soli
861 1585 975 1660 cultui
1010 1585 1088 1660 veri
1123 1585 1198 1660 liei.
1235 1587 1287 1660 dd
1321 1587 1418 1681 quud
1450 1587 1650 1662 notandum

477 1705 575 1800 quod
606 1715 661 1780 est
689 1706 795 1780 latria
826 1706 991 1811 idolatria
1027 1713 1094 1780 etc.
1122 1747 1172 1760 -
1196 1699 1285 1780 cosi.
1317 1707 1381 1782 llic
1415 1708 1545 1782 Petrus
1579 1709 1652 1782 Da-

478 1825 622 1901 miauus
647 1825 817 1901 describit
841 1846 948 1900 suam
973 1833 1137 1901 sanctam
1164 1827 1289 1901 vitam.
1323 1829 1366 1902 Et
1397 1829 1515 1923 primo
1540 1836 1651 1905 autor

476 1946 665 2020 continuat
689 1945 784 2021 dicta
810 1946 980 2040 dicendis,
1006 1946 1149 2020 dicens:
1175 1948 1220 2021 Et
1245 1947 1304 2021 ille
1322 1948 1464 2042 Petrus,
1482 1951 1651 2024 licemin-

475 2069 614 2140 ciommi
629 2059 700 2140 cosi
723 2071 750 2140 il
770 2075 871 2141 terzo
890 2088 1019 2156 sermo,
1037 2066 1140 2161 idest,
1159 2067 1309 2142 tertium
1330 2089 1552 2144 sermonem.
1571 2069 1650 2144 Pri-

476 2207 560 2260 mus
572 2187 670 2263 euim
685 2207 808 2262 sermo
821 2187 917 2263 Petri
932 2186 1131 2262 declaravit
1143 2188 1219 2262 duo
1236 2187 1346 2262 dubia
1360 2188 1502 2283 autori;
1517 2210 1650 2265 secuu-

475 2307 544 2382 dus
559 2299 596 2400 (²)
616 2327 727 2382 unam
750 2307 1010 2401 questionem
1026 2307 1084 2381 iric
1106 2307 1248 2401 tertius,
1263 2329 1374 2402 quem
1402 2328 1498 2383 nunc
1516 2309 1649 2404 incipit,

477 2449 631 2503 narrare
656 2429 766 2523 coepit
790 2426 872 2522 quis
898 2435 1003 2503 esset.
1025 2428 1128 2504 Unde
1151 2427 1259 2502 dicit:
1287 2432 1389 2520 epol
1413 2433 1648 2504 conducendo

444 2593 449 2600 ·
476 2551 589 2622 dure:
614 2553 656 2623 Io
680 2554 729 2624 mi
750 2542 851 2644 [cisi
873 2553 989 2644 sermo
1014 2552 1117 2643 puisi,
1144 2549 1290 2643 scilicet,
1310 2548 1345 2623 in
1367 2549 1538 2644 praedicto
1557 2551 1649 2644 loco,

477 2670 603 2764 catria,
630 2674 669 2743 ul
691 2674 844 2744 servizio
868 2673 907 2744 di
932 2674 1020 2764 Diu,
1045 2669 1195 2744 omnino
1216 2670 1421 2762 abstractus
1446 2691 1468 2744 a
1494 2671 1649 2746 servitiis
1753 2751 1762 2767 ι

475 2785 681 2884 hominum,
714 2793 774 2865 cive
807 2799 964 2864 contemo
994 2793 1051 2864 uei
1076 2794 1215 2882 pensier
1247 2793 1512 2882 contemplativi,
1544 2791 1646 2884 idest,

475 2909 686 3005 simpliciter
701 2911 826 2987 vivens
843 2912 1125 3007 contemplative
1143 2932 1216 2985 non
1232 2911 1363 3004 active,
1377 2931 1535 3005 passuro
1552 2914 1647 2986 caldi

474 3051 495 3102 e
517 3034 599 3123 peti,
628 3038 665 3106 et
690 3032 760 3107 alia
786 3032 1018 3107 incommoda
1045 3039 1199 3126 uaturae,
1221 3035 1426 3125 lieoenceute,
1447 3031 1550 3125 idest,
1569 3032 1646 3107 sine

476 3173 611 3248 magno
636 3161 813 3249 apparatu
841 3161 878 3227 et
903 3174 1027 3248 opere,
1047 3175 1121 3246 pur
1140 3174 1207 3227 cun
1232 3154 1299 3226 citt
1316 3156 1354 3227 di
1370 3156 1486 3246 liquor
1503 3156 1537 3228 d'
1551 3155 1645 3244 oliui,

474 3271 577 3367 idest,
601 3273 696 3367 oleo,
718 3273 932 3368 ieiunando,
958 3274 1062 3368 quasi
1089 3273 1196 3369 dicat,
1227 3293 1314 3348 cum
1340 3273 1485 3348 cibariis
1518 3273 1649 3347 vilibus

474 3399 511 3467 et
536 3393 750 3490 vulgaribus
775 3397 858 3470 oleo
878 3395 1043 3490 conditis,
1062 3401 1149 3490 puta
1166 3394 1330 3469 oleribus
1348 3401 1384 3468 et
1403 3392 1649 3490 leguminibus

473 3513 552 3588 sine
575 3514 747 3588 carnibus
773 3522 810 3590 et
836 3516 1044 3612 pinguibus,
1062 3535 1146 3610 quae
1163 3521 1322 3611 gravant
1342 3513 1503 3587 animam
1522 3519 1559 3587 et
1579 3513 1649 3586 im-

473 3635 623 3729 pediunt
637 3625 674 3726 (³)
702 3657 725 3710 a
750 3635 1066 3732 contemplatione.
1081 3639 1293 3710 -Reuder
1319 3635 1384 3708 llic
1410 3635 1540 3709 Petrus
1572 3632 1645 3706 llu-

473 3755 618 3829 miauus
643 3757 765 3854 arguit
791 3757 923 3831 lratres
939 3756 996 3830 sui
1013 3755 1150 3831 ordinis
1170 3756 1378 3850 modernos,
1398 3754 1459 3849 qui
1479 3753 1646 3850 neglecta

474 3875 602 3969 regula
622 3875 750 3949 vivunt
766 3876 940 3950 dissolute
957 3883 995 3950 et
1011 3875 1207 3973 pinguiter,
1224 3875 1363 3950 dicens:
1383 3878 1468 3964 (luel
1482 3876 1645 3964 cliostro,

475 3994 577 4089 idest,
603 3996 692 4071 illud
713 3997 992 4090 monasterium,
1011 3995 1074 4069 nbi
1091 4003 1188 4069 stant
1204 3995 1432 4088 claustrales,
1449 3997 1545 4068 solco
1562 4015 1646 4068 reu·

472 4119 537 4190 der
559 4120 777 4210 sertilmenle,
803 4116 905 4211 idest,
930 4117 1127 4190 affluenter
1152 4124 1189 4190 et
1216 4115 1373 4210 copiose,
1391 4136 1415 4188 o
1435 4117 1544 4206 questi
1559 4116 1646 4205 cicli,

474 4236 577 4329 quasi
602 4236 717 4312 dicat:
745 4238 850 4311 multi
875 4237 1041 4311 solebant
1066 4236 1199 4311 salvari
1226 4236 1262 4309 in
1288 4236 1369 4310 loco
1394 4235 1455 4310 illo
1475 4256 1541 4330 per
1559 4255 1648 4308 cou-

473 4339 766 4453 templatiouem3
783 4365 821 4434 et
839 4358 965 4432 venire
982 4357 1029 4431 ad
1046 4357 1181 4432 coelum
1200 4355 1316 4450 istud3
1335 4363 1373 4430 et
1389 4355 1489 4451 ponit
1507 4355 1648 4449 plurale

472 4495 538 4570 pro
563 4476 752 4574 singulari,
778 4486 815 4553 et
842 4476 1003 4573 praedicil
1020 4496 1152 4552 eorum
1171 4475 1395 4571 vituperium
1413 4473 1459 4550 de
1476 4475 1647 4570 proximo

471 4593 613 4671 dicens:
640 4599 684 4670 ed
708 4619 777 4670 oro
803 4595 932 4694 e'sotto
960 4617 1066 4688 uuoo,
1092 4597 1195 4691 idest,
1218 4616 1358 4672 vacuus
1386 4595 1515 4669 talibus
1540 4595 1650 4669 bonis

471 4715 558 4790 viris
591 4706 892 4814 contemplativis,
924 4711 955 4791 sl
985 4721 1046 4791 cle
1074 4725 1163 4790 tosto
1194 4719 1338 4792 cornico
1375 4718 1437 4790 cite
1466 4718 1499 4790 si
1529 4717 1646 4806 rivell,

533 4903 560 4965 (¹)
576 4903 602 4954 s.
618 4917 634 4954 e
650 4905 681 4956 Ε.
697 4906 828 4957 lreoemus.
1043 4905 1075 4968 (¹)
1091 4906 1122 4956 B.
1138 4907 1268 4958 secundus
1283 4907 1425 4958 declararit
1441 4906 1465 4956 ei
1482 4919 1569 4956 unam.

533 4979 561 5043 l‘)
576 4981 608 5031 ll.
624 4982 767 5044 impediunt
783 4982 1194 5046 contemptationem-lenden
1299 5021 1302 5028 .
