4842 6642
493 1316 659 1387 chavus
682 1318 874 1386 DECIMUS
896 1318 1049 1401 NONUS,
1065 1320 1102 1383 in
1118 1338 1178 1402 quo
1200 1324 1341 1384 moretm
1363 1317 1493 1401 queastio
1516 1316 1621 1383 ardna

828 1432 867 1497 de
889 1432 1052 1514 baptimo,
1077 1436 1107 1497 et
1128 1430 1271 1495 solvitur.

548 1674 707 1843 Rasa
736 1772 884 1843 donnum
912 1790 937 1841 a
969 1784 1022 1843 mc
1046 1772 1082 1843 ln
1107 1770 1195 1843 hello
1219 1772 1345 1860 imupe.
1381 1750 1580 1862 Postquam
1606 1766 1644 1839 in

472 1890 653 1987 superiori
677 1891 836 1984 capitulo
861 1889 1029 1984 proxime
1046 1889 1264 1984 praecedenti
1282 1896 1391 1964 autor
1419 1894 1542 1963 noster
1568 1894 1645 1961 tra·

472 2010 583 2087 ctavit
601 2015 640 2086 et
659 2010 847 2106 descripsit
872 2010 1087 2105 qualitatem
1105 2017 1142 2085 et
1159 2010 1337 2084 virtutem
1355 2007 1562 2100 lovialium,
1580 2008 1643 2102 qui

471 2132 697 2207 constituunt
722 2132 869 2228 signum
895 2132 1028 2224 aquilae
1054 2132 1091 2204 iu
1116 2151 1275 2226 corpore
1291 2130 1407 2223 Jovis3
1436 2148 1533 2203 nunc
1558 2149 1646 2203 cou-

471 2258 669 2347 sequenter
701 2252 737 2326 in
770 2253 838 2327 isto
863 2252 945 2325 XlX
970 2252 1130 2347 capitulo
1163 2257 1274 2326 autor
1304 2252 1501 2325 introducit
1527 2251 1644 2347 ipsum

471 2371 616 2469 signum
643 2373 777 2467 aquilos
810 2372 856 2447 ad
889 2372 1114 2468 loquendum
1146 2379 1183 2447 et
1218 2372 1483 2468 propalandum
1513 2392 1573 2467 se,
1609 2378 1647 2447 et

471 2511 631 2587 praesens
669 2491 870 2588 capitulum
910 2498 1028 2587 potest
1066 2492 1228 2567 breviter
1265 2491 1374 2566 dividi
1408 2492 1446 2565 iu
1484 2497 1646 2586 quatuor

470 2618 593 2707 parles
618 2613 820 2708 generales.
842 2613 882 2686 ln
903 2612 1019 2707 prima
1046 2634 1204 2707 quarum
1224 2619 1335 2687 autor
1350 2612 1520 2688 describit
1537 2612 1644 2687 inau-

471 2729 588 2806 ditum
616 2732 767 2807 modum
793 2733 966 2827 loquendi
992 2734 1103 2829 ipsius
1127 2734 1272 2829 aquilae.
1299 2733 1340 2806 lu
1369 2733 1529 2808 secunda
1561 2754 1646 2828 pro·

472 2853 582 2947 ponit,
608 2852 692 2927 licet
719 2874 791 2928 non
817 2874 1001 2949 expresse,
1020 2875 1131 2927 unam
1158 2854 1315 2929 arduam
1337 2854 1577 2949 quaestionem
1593 2850 1645 2947 (¹),

472 2972 618 3065 scilicet,
645 2978 773 3046 utrum
800 2973 973 3070 ignorans
998 2972 1107 3047 fidem
1140 2975 1356 3048 patheticam
1387 2974 1487 3069 juste
1519 2974 1646 3049 vivens

471 3091 550 3165 sina
574 3092 754 3187 baptismo
780 3094 962 3186 salvetur3
990 3098 1027 3169 et
1044 3092 1131 3167 illud
1151 3094 1297 3190 signum
1317 3094 1540 3189 respondens
1561 3114 1647 3189 per-

471 3210 588 3285 currit
619 3212 788 3305 quaedam
823 3213 1028 3287 necessaria
1059 3212 1105 3287 ad
1137 3213 1369 3306 solutionem,
1397 3213 1466 3286 ihi:
1496 3215 1587 3287 ond
1598 3216 1645 3285 io.

470 3330 511 3402 ln
536 3330 644 3404 tcrtia
669 3330 807 3405 dictum
834 3332 980 3429 signum
1007 3332 1179 3428 exprimit
1205 3334 1320 3428 ipsam
1340 3333 1591 3428 quaestionem,
1609 3339 1647 3407 et

470 3450 576 3525 solvit
600 3452 637 3524 in
662 3452 820 3547 speciali,
847 3452 916 3527 ihi:
943 3456 1056 3527 Assoi.
1084 3453 1123 3527 ln
1150 3460 1283 3548 quarta
1312 3460 1350 3529 et
1382 3454 1511 3527 ultima
1534 3458 1645 3527 autor

471 3570 608 3645 invehit
632 3580 761 3646 contra
787 3591 895 3668 reges
919 3573 1131 3647 christianos
1166 3573 1332 3647 moderni
1359 3573 1546 3667 temporis,
1579 3572 1643 3667 qui

470 3688 604 3765 iniuste
628 3697 765 3786 regunt
789 3697 827 3767 et
851 3691 1088 3766 dominantur
1113 3693 1301 3766 deviantes
1331 3714 1354 3767 a
1388 3692 1549 3788 regibus,
1579 3690 1642 3785 qui

471 3810 618 3884 suntin
644 3811 742 3885 dicto
770 3813 875 3909 signo
908 3812 1051 3905 aqrtilae,
1078 3813 1147 3887 ihi:
1182 3818 1243 3886 llo
1278 3816 1365 3886 cedi.
1398 3812 1452 3886 hd
1481 3812 1641 3909 primum

471 3949 562 4026 ergo
586 3930 669 4006 dioo
694 3934 792 4027 quod
818 3938 928 4007 autor
953 3932 989 4005 in
1015 3933 1132 4028 prima
1159 3940 1264 4028 parte
1288 3934 1451 4030 generali
1479 3932 1645 4009 introdu-

471 4051 520 4125 cit
544 4052 683 4127 dictum
710 4053 855 4150 signum
876 4053 1020 4147 aquilae,
1047 4058 1085 4128 et
1109 4053 1279 4129 describit
1297 4075 1436 4128 novum
1454 4077 1572 4152 genus
1589 4057 1644 4129 lo-

415 4242 418 4248 .
471 4173 617 4267 quendi.
643 4175 683 4247 ln
709 4174 828 4270 prima
854 4194 944 4270 ergo
969 4175 1185 4251 continuans
1214 4174 1309 4249 dicta
1335 4174 1507 4269 dicendis,
1536 4176 1644 4251 dreit:

472 4296 523 4366 to
547 4294 638 4367 dello
662 4298 789 4390 image,
818 4295 920 4389 idest,
946 4295 1074 4390 pulcra
1101 4296 1225 4389 imago
1242 4294 1388 4387 aquilae,
1405 4315 1480 4389 qua
1501 4295 1643 4368 nullum

471 4420 527 4487 est
551 4414 715 4508 pulcrius
741 4416 899 4512 signum,
926 4416 1012 4511 quia
1038 4415 1148 4489 altius
1174 4415 1283 4508 volat,
1309 4415 1397 4508 quia
1421 4414 1566 4489 acutius
1589 4416 1645 4489 vi-

469 4533 544 4627 det,
568 4535 657 4628 quia
682 4536 819 4630 pulcris
844 4534 1005 4611 victoriis
1036 4542 1073 4610 et
1102 4535 1334 4631 pulcerrimis
1360 4535 1554 4630 triumphis
1577 4536 1645 4611 de·

469 4661 608 4731 coram.
627 4656 671 4730 at
695 4657 800 4732 dicit:
818 4660 891 4747 che,
909 4656 1011 4751 idest,
1028 4676 1140 4749 quam
1162 4655 1373 4751 imaginem,
1392 4660 1415 4729 t
1426 4660 1545 4729 anime
1560 4678 1646 4730 oon-

469 4782 572 4867 serte,
607 4776 709 4869 idest,
743 4768 978 4867 contevtaeffl
1008 4782 1046 4850 et
1075 4774 1254 4869 colligata
1282 4774 1318 4847 in
1351 4774 1481 4849 ordine
1505 4776 1541 4848 in
1568 4776 1646 4871 ipso

534 4961 562 5021 l¹l
581 4963 610 5011 ll.
626 4965 803 5026 questionem,
820 4977 879 5028 qun
894 4968 934 5014 est
949 4968 1049 5015 ulrum.

535 5039 562 5099 ι’)
581 5038 610 5089 Β.
626 5045 753 5089 murto
768 5045 796 5089 ct
811 5038 939 5104 colligate
957 5052 1002 5102 per
1018 5038 1144 5090 ordinem.
