4842 6642
692 778 698 793 ¹
762 818 901 877 murus
925 823 1118 879 vrunsnrus
1142 823 1326 879 supernus.
1560 812 1629 883 391

456 966 545 1062 quie
571 967 693 1041 minus
719 969 924 1042 honoratur
948 975 986 1043 ct
1010 968 1247 1064 appretiatur.
1262 972 1399 1043 -Pot
1421 970 1487 1045 Hic
1518 979 1629 1047 autor

456 1086 656 1163 revertitur
681 1086 727 1162 ad
755 1086 1003 1163 narrationem
1027 1087 1137 1182 Petri,
1156 1095 1193 1163 et
1214 1089 1370 1164 ostendit
1388 1090 1629 1168 mutationem

456 1206 555 1283 vocis
576 1229 649 1282 non
675 1207 855 1282 minorem
884 1208 1089 1284 mutatione
1113 1208 1256 1303 coloris,
1274 1209 1414 1285 dicens:
1432 1213 1499 1285 Pol
1513 1215 1544 1285 le
1559 1234 1630 1305 po·

456 1330 533 1401 rote
555 1348 617 1401 suc
638 1330 854 1419 procedetlcr
879 1348 945 1401 con
965 1349 1047 1401 voce
1063 1334 1160 1405 nmo
1178 1334 1411 1405 transmutata
1427 1334 1477 1405 do
1492 1326 1542 1422 se',
1558 1333 1630 1407 sci·

457 1448 552 1541 licet,
578 1448 626 1521 ab
653 1447 728 1543 ipsa
755 1468 847 1523 voce
868 1448 998 1543 prima,
1016 1448 1104 1543 quia
1131 1470 1201 1523 vox
1229 1449 1309 1524 eius
1332 1451 1425 1525 lacta
1442 1458 1497 1527 est
1515 1473 1628 1529 rauca

457 1576 494 1644 et
519 1569 652 1644 acerba
678 1569 945 1643 exclamatione
958 1562 1010 1663 (¹),
1028 1572 1088 1643 cte
1104 1572 1141 1644 la
1160 1571 1375 1664 communae,
1395 1572 1498 1667 idest,
1515 1575 1627 1669 color,

456 1712 530 1765 oon
554 1694 586 1765 si
609 1682 702 1764 mutd
723 1692 817 1783 pice,
843 1689 990 1785 scilicet,
1009 1710 1121 1786 quarn
1141 1712 1225 1766 vox.
1239 1697 1383 1766 -Non
1397 1698 1447 1787 so.
1473 1693 1538 1769 llic
1563 1716 1630 1790 po-

458 1810 509 1887 nit
534 1810 738 1907 specialiter
763 1811 885 1885 verba·
903 1811 1014 1905 Petri,
1041 1812 1103 1906 qui
1130 1812 1250 1906 primo
1265 1812 1431 1907 deplorat
1449 1814 1547 1908 quod
1565 1836 1627 1891 ec·

456 1931 566 2007 clesia
591 1930 657 2007 llei
683 1935 830 2005 murata
847 1921 883 2023 (¹)
902 1930 1081 2027 sanguine
1098 1952 1167 2005 suu
1185 1937 1223 2005 et
1238 1930 1395 2005 aliorum
1415 1940 1628 2010 sanctorum

457 2049 669 2147 pontificum
696 2049 741 2125 sit
766 2049 862 2125 lacta
888 2050 1026 2125 venalis
1051 2070 1157 2125 more
1183 2052 1391 2126 meretricio
1421 2055 1625 2149 prostituta,

456 2172 599 2247 dicens:
627 2174 679 2245 Lo
702 2192 808 2265 sporo
833 2174 871 2246 dt
899 2176 1024 2263 oneo,
1041 2172 1188 2266 scilicet,
1207 2173 1371 2268 ecclesia,
1388 2195 1460 2249 non
1473 2179 1515 2269 su
1539 2180 1627 2251 ulle·

457 2300 552 2386 voto‚
586 2292 688 2386 idest,
720 2299 830 2367 aucta
854 2293 903 2366 ab
930 2292 1042 2387 initio,
1081 2296 1139 2367 del
1173 2314 1307 2385 sunone
1336 2299 1419 2389 mio,
1447 2299 1486 2370 di
1514 2299 1625 2391 tino3

456 2413 724 2508 lricluitpepa
750 2413 1040 2509 secundusne,
1071 2416 1108 2487 di
1140 2415 1220 2507 puel
1250 2417 1289 2488 di
1322 2419 1434 2509 clem
1466 2416 1525 2491 hic
1559 2416 1627 2491 luit

457 2554 551 2629 papa
590 2533 730 2627 tertius,
757 2554 826 2627 per
864 2555 959 2609 esser
994 2542 1097 2609 uculo
1135 2537 1186 2607 ud
1219 2539 1373 2628 aemulo
1407 2538 1442 2609 d'
1457 2556 1537 2627 oro,
1565 2536 1630 2612 sed

455 2655 503 2729 ad
530 2654 641 2730 vitam
667 2660 845 2729 aeternam
870 2654 1146 2750 acquirendam,
1173 2662 1211 2729 et
1241 2655 1563 2731 thesaurizandum
1589 2658 1626 2731 in

455 2774 573 2869 coelis3
601 2774 698 2850 unde
723 2774 825 2849 dicit:
853 2795 912 2848 mu
934 2796 999 2869 per
1025 2779 1180 2867 moesto
1204 2779 1323 2850 d'ecto
1339 2780 1436 2850 viver
1460 2781 1563 2872 tieto;
1588 2783 1625 2853 et

454 2896 594 2971 subdit:
620 2918 639 2971 e
662 2898 765 2989 Siste,
785 2918 805 2969 e
829 2900 907 2989 Pio,
940 2900 1067 2971 camo
1093 2918 1113 2971 c
1141 2897 1304 2991 Urban05
1324 2919 1453 2974 omnes
1470 2898 1528 2972 isti
1546 2899 1627 2974 lue·

451 3023 541 3091 runt
566 3036 670 3113 papae
694 3018 764 3092 hoc
780 3016 908 3092 ordine
927 3018 1129 3094 mediante:
1147 3017 1270 3092 Sixtus
1287 3019 1386 3093 eninr
1401 3019 1469 3094 luit
1485 3026 1567 3115 etc,
1585 3031 1623 3099 et

448 3137 500 3214 ila
517 3138 564 3213 de
586 3138 684 3233 aliis3
709 3158 855 3230 sparsor
872 3140 907 3212 lo
922 3160 1057 3231 sonpuc
1076 3140 1169 3231 dopo
1190 3141 1295 3213 molto
1310 3143 1402 3233 fleto,
1421 3141 1508 3235 quia
1524 3140 1626 3236 prius

451 3259 614 3361 multum
639 3260 822 3333 fleverunt
842 3258 1167 3354 persequutionem
1193 3259 1487 3355 christianorum,
1504 3266 1542 3335 et
1567 3263 1628 3335 ul·

452 3378 542 3455 timo
567 3378 633 3475 ipsi
660 3378 837 3474 martyrio
871 3380 1017 3455 mactati
1049 3386 1145 3453 sunt.
1173 3378 1298 3455 Sixtus
1319 3380 1469 3474 quidem
1495 3388 1563 3457 etc.
1578 3422 1627 3435 -

454 3484 870 3596 consultaturus
902 3500 1143 3594 conqueritur
1175 3501 1223 3575 de
1260 3502 1479 3597 partialitate
1510 3502 1623 3596 quarn

452 3622 585 3695 iniusto
601 3619 726 3695 iurent
745 3626 909 3715 pastores
930 3620 1103 3714 ecclesie,
1117 3619 1257 3696 dicens:
1272 3626 1354 3695 Non
1367 3626 1408 3716 su
1425 3629 1548 3696 nocua
1568 3625 1625 3695 tn-

454 3747 588 3817 tcnzim
606 3744 667 3815 cle
683 3749 787 3835 purte
799 3743 857 3815 del
863 3743 995 3833 popolo
1009 3742 1189 3832 aedano,
1200 3762 1285 3836 quae
1302 3741 1435 3817 dicitur
1452 3744 1624 3839 guelpho,

453 3866 587 3939 sedeone
610 3885 635 3936 u
659 3866 778 3937 destro
809 3882 915 3936 mano
940 3863 993 3935 dd
1007 3864 1120 3935 metri
1147 3866 1351 3956 successori,
1388 3863 1491 3957 quasi
1516 3863 1623 3959 dicat,

370 4026 373 4035 ·
453 3988 837 4083 reciperet-honorem
857 3987 914 4061 vel
940 3987 1105 4061 levorem
1130 4007 1153 4061 a
1179 3987 1354 4082 praelatis;
1372 3993 1409 4063 et
1434 4008 1456 4063 c
1481 3995 1621 4082 contra,

447 4114 565 4202 porte,
590 4106 735 4200 scilicet,
753 4107 823 4182 alia
850 4106 1048 4202 partialitas
1065 4127 1149 4200 quse
1166 4106 1298 4181 dicitur
1315 4108 1522 4205 ghibellina,
1539 4111 1621 4183 dol-

451 4231 475 4304 ἴ
487 4232 595 4319 alac,
621 4229 759 4323 supple,
784 4220 929 4303 sederet
962 4242 983 4303 e
1018 4248 1132 4303 manu
1166 4228 1322 4323 sinistra,
1359 4230 1449 4304 idest
1484 4229 1625 4325 recipe-

452 4356 509 4425 ret
534 4348 659 4423 odium
685 4354 724 4423 et
747 4349 853 4423 iram.
881 4348 924 4421 lit
950 4348 1009 4423 hic
1033 4348 1128 4444 vide,
1147 4348 1246 4443 quod
1271 4349 1377 4425 lrodie
1402 4349 1521 4425 omnis
1538 4372 1622 4445 pars

451 4476 507 4545 est
523 4468 616 4544 iacta
635 4467 762 4544 intesta
785 4465 958 4561 ecclesie,
977 4468 1085 4563 culpa
1103 4468 1288 4544 malorum
1310 4476 1511 4564 pastorum,
1530 4491 1625 4564 quo-

450 4610 535 4663 rum
562 4588 729 4664 insatiata
754 4587 931 4683 cupiditas
957 4588 1150 4662 avaritiam
1169 4596 1206 4663 et
1226 4589 1460 4684 rapacitatem
1483 4590 1621 4685 ubique

519 4880 545 4941 (¹)
561 4878 587 4931 S.
603 4892 636 4930 ex
651 4880 846 4931 exclamatione.

518 4956 546 5017 l'l
560 4955 619 5008 (3011
633 4957 709 5022 bu
724 4957 745 5007 il
760 4962 940 5019 unstrotes103
957 4955 1089 5007 l'Estensc
1100 4958 1189 5007 insece
1200 4956 1247 5007 lla:
1258 4957 1502 5020 menapiorum
1514 4960 1624 5011 naama.
