4842 6642
1015 745 1084 811 122
1332 719 1336 728 ’
1402 755 1610 812 coucnruu
1633 757 1801 812 rannnrsr

1010 901 1243 978 artificiosam
1278 902 1462 978 fictionem
1496 904 1654 980 autoris:
1688 903 1774 999 quia
1809 904 1909 980 enim
1946 907 2041 980 Mars
2074 911 2129 982 <st
2142 899 2180 998 (⁴)

1010 1029 1120 1098 autor
1138 1023 1233 1119 belli,
1253 1024 1300 1098 ita
1320 1030 1430 1098 autor
1448 1025 1542 1100 bene
1559 1025 1661 1122 lingit
1677 1026 1714 1100 in
1731 1046 1777 1100 eo
1794 1037 1875 1100 esse
1895 1027 2037 1102 animas
2057 1028 2183 1102 beatas

1011 1163 1143 1218 eorum
1170 1144 1232 1238 qui
1259 1165 1326 1239 per
1350 1144 1445 1219 bella
1471 1144 1746 1239 acquisiverunt
1762 1146 1917 1242 gloriam
1939 1146 2097 1242 paradisi
2113 1169 2183 1242 pu-

1010 1263 1168 1360 gnando,
1195 1267 1253 1340 vel
1278 1285 1344 1359 per
1369 1273 1594 1360 praeceptum
1619 1266 1697 1360 bei,
1728 1266 1823 1342 sicut
1856 1267 1892 1340 in
1922 1268 2037 1344 veteri
2070 1274 2182 1344 testa·

1014 1389 1150 1477 mento,
1176 1384 1235 1458 vel
1259 1405 1327 1480 pro
1353 1383 1423 1460 fide
1447 1386 1644 1462 christiana
1669 1386 1707 1460 in
1731 1407 1846 1481 novo;
1864 1393 1901 1461 et
1928 1387 2008 1463 ideo
2033 1388 2182 1485 egregie

1013 1504 1113 1602 lingit
1139 1505 1238 1600 quud
1261 1505 1397 1580 animae
1423 1507 1609 1582 martiales
1633 1513 1812 1582 consertae
1828 1507 1938 1582 simul
1955 1508 2181 1582 constituunt

1012 1625 1156 1723 signum
1182 1633 1318 1701 sancta
1344 1626 1464 1701 crucis
1489 1626 1536 1701 ad
1561 1627 1789 1702 innuendum
1816 1628 1915 1722 quod
1939 1649 2069 1703 omnes
2091 1630 2184 1704 tales

1011 1753 1263 1841 exposuerunt
1280 1767 1320 1822 se
1339 1747 1448 1822 morti
1466 1768 1534 1842 pro
1553 1747 1615 1822 illo
1627 1739 1665 1840 (²)
1684 1747 1851 1841 Domino,
1869 1749 1931 1844 qui
1949 1749 2066 1824 voluit
2085 1749 2183 1825 lerre

1011 1872 1170 1942 mortem
1186 1867 1225 1940 in
1242 1887 1356 1944 cruce
1367 1869 1414 1942 ad
1426 1868 1666 1943 salvationem
1680 1869 1832 1944 bumani
1844 1866 2002 1966 generis.
2015 1909 2066 1924 -
2081 1875 2184 1944 Come

1010 1991 1160 2062 uotam.
1188 1989 1254 2064 llic
1277 1996 1388 2065 autor
1405 1988 1576 2065 describit
1592 1987 1887 2064 constitutionem
1906 1989 2068 2084 predicti
2090 1989 2181 2086 signi

1010 2107 1130 2184 crucis
1156 2129 1222 2203 per
1248 2130 1362 2185 unam
1388 2109 1559 2185 subtilem
1585 2107 1899 2204 comparationem
1933 2115 1971 2184 et
2003 2108 2184 2185 nobilem:

1010 2235 1047 2302 et
1071 2227 1170 2322 dicit,
1195 2230 1296 2323 quod
1320 2230 1474 2306 diversae
1498 2231 1631 2304 animae
1657 2237 1695 2305 et
1718 2228 1928 2304 dillerentes
1952 2229 2062 2303 simul
2090 2249 2180 2303 con-

1010 2355 1120 2424 tentae
1158 2348 1207 2425 ita
1247 2350 1427 2426 iaciebant
1461 2351 1510 2424 ibi
1542 2351 1689 2447 signum
1724 2350 1856 2442 crucis,
1882 2349 1977 2424 sicut
2002 2349 2114 2424 variae
2143 2358 2179 2424 et

1008 2468 1185 2544 distinctae
1210 2471 1325 2545 stellae
1349 2471 1461 2544 simul
1485 2476 1695 2566 aggregatae
1717 2469 1854 2544 iaciunt
1870 2469 1969 2544 illam
1987 2471 2179 2545 constella-

965 2651 967 2658 ,
1010 2589 1145 2664 tionem
1173 2589 1210 2664 in
1235 2591 1330 2666 ooelo
1355 2611 1440 2685 quae
1466 2591 1671 2686 appellatur
1695 2590 1861 2688 galassia.
1879 2589 1933 2664 Ad
1950 2590 2057 2664 cuius
2073 2610 2177 2664 com-

1010 2710 1206 2806 parationis
1231 2712 1371 2785 claram
1397 2711 1672 2808 intelligentiam
1689 2712 1773 2785 volo
1792 2719 1829 2785 te
1845 2719 2064 2806 praenotare,
2083 2710 2181 2804 quod

1010 2831 1216 2906 secundum
1258 2831 1358 2926 quod
1401 2830 1526 2906 scribit
1568 2831 1802 2926 philosophus
1842 2831 1936 2906 libro
1973 2833 2181 2905 bletbauro-

1011 2973 1108 3047 rum,
1134 2959 1171 3027 et
1196 2973 1354 3047 magnus
1378 2952 1562 3045 albertus,
1580 2951 1736 3047 galassia
1761 2959 1818 3026 est
1841 2959 1910 3027 etc.
1938 2952 2013 3026 Hoc
2039 2971 2181 3046 praeno·

1010 3079 1085 3147 tato
1111 3071 1292 3147 descende
1315 3073 1360 3146 ad
1386 3073 1542 3167 literam,
1568 3093 1680 3167 qnam
1708 3093 1850 3167 expone
1872 3072 1940 3147 sic:
1962 3075 2047 3161 onai
2061 3073 2181 3163 raqqi,

1008 3191 1112 3286 idest,
1138 3193 1187 3266 illi
1212 3191 1287 3266 duo
1313 3192 1402 3266 radii
1428 3192 1578 3268 lineales
1603 3192 1776 3288 predicti,
1809 3185 1840 3265 si
1868 3195 2050 3281 costaltutt,
2080 3191 2183 3284 idest,

1008 3313 1198 3408 aggregati
1223 3333 1272 3387 ex
1297 3312 1421 3387 multis
1445 3313 1640 3386 animabus
1672 3312 1788 3386 beatis
1813 3311 1850 3384 in
1877 3311 2029 3386 modum
2060 3312 2182 3386 stella·

1009 3453 1105 3527 rum,
1132 3454 1217 3527 quae
1241 3433 1433 3529 galassiam
1460 3433 1609 3526 iaciunt,
1624 3436 1757 3527 sacena
1783 3436 1842 3506 net
1854 3435 2036 3526 profundo
2053 3437 2180 3524 Marte,

1007 3552 1108 3648 idest,
1143 3553 1239 3628 intra
1273 3575 1407 3650 corpus
1441 3554 1577 3648 llartis,
1609 3556 1638 3628 il
1671 3554 1851 3628 omani
1879 3574 2002 3644 seque,
2036 3553 2182 3645 scilicet,

1007 3681 1141 3749 sanctae
1166 3674 1297 3768 crucis,
1324 3676 1384 3749 alre
1409 3677 1476 3768 [aa
1504 3677 1666 3765 qiunmrc
1694 3676 1732 3748 dt
1765 3676 1958 3765 quadranti
1989 3677 2028 3746 in
2065 3675 2181 3746 brodo.

1009 3797 1052 3870 Et
1077 3802 1161 3869 nota
1187 3785 1337 3889 quodl³l
1364 3795 1423 3870 bic
1448 3800 1558 3868 autor
1583 3793 1888 3889 circumloquitur
1914 3794 2010 3868 istud
2035 3793 2180 3888 signum

1009 3937 1073 4012 per
1100 3937 1210 3989 unam
1238 3915 1522 4008 similitudinem,
1548 3916 1683 4008 dicem,
1710 3914 1809 4009 quod
1832 3916 2054 4009 quadrantes
2077 3915 2180 4009 positi

1007 4039 1044 4112 in
1069 4036 1206 4112 circulo
1231 4037 1370 4112 iaciunt
1403 4036 1490 4110 illud
1506 4025 1542 4128 (⁴)
1579 4036 1738 4132 signum.
1769 4036 1831 4109 Est
1865 4037 1963 4110 enim
1996 4035 2181 4130 quadrans

1008 4159 1294 4232 instrumentum
1310 4157 1348 4230 in
1363 4156 1600 4250 astronomia,
1617 4156 1717 4249 quod
1734 4161 1790 4230 est
1810 4162 1941 4247 quarta
1961 4177 2046 4250 pars
2064 4161 2181 4230 astro

1007 4277 1104 4371 labii,
1129 4275 1229 4371 qnod
1254 4282 1309 4350 est
1333 4275 1432 4350 aliud
1458 4276 1750 4350 instrumentum
1773 4275 1973 4349 rotundum
2002 4276 2038 4349 in
2062 4283 2179 4350 astro·

1008 4399 1115 4494 logia,
1140 4402 1177 4472 et
1203 4397 1240 4470 in
1266 4397 1344 4491 ipso
1370 4397 1575 4492 quadrante
1600 4378 1770 4471 videntur
1795 4395 1920 4470 omnia
1950 4415 2035 4489 quae
2066 4395 2180 4470 videri

1008 4525 1158 4614 possunt
1183 4540 1248 4614 per
1274 4519 1394 4613 ipsum
1418 4517 1670 4592 astrolabium.
1697 4517 1803 4590 Modo
1828 4517 1874 4590 ad
1900 4515 2126 4610 propositum
2152 4515 2180 4588 si

1025 4673 1117 4684 ——n

1069 4756 1097 4815 (¹)
1112 4753 1138 4802 S.
1155 4751 1227 4804 Mars
1243 4767 1303 4802 eum
1320 4753 1441 4804 litantur
1457 4752 1529 4810 belli,
1546 4753 1605 4802 iden
1620 4758 1705 4802 autor.

1070 4828 1097 4892 (²)
1114 4831 1144 4880 E.
1160 4830 1205 4880 illo
1222 4836 1311 4880 nostro
1328 4831 1439 4880 Domino
1455 4830 1640 4893 pretiosissimo
1655 4830 1718 4879 Jesn
1734 4829 1845 4889 Christo,
1862 4830 1916 4893 qui.

1069 4909 1096 4971 ιζ’]
1113 4909 1142 4958 Ε.
1159 4907 1229 4972 quod
1246 4921 1292 4971 per
1308 4909 1359 4959 boc
1373 4913 1460 4958 autor.
1657 4907 1683 4969 (¹)
1702 4907 1732 4956 E.
1749 4907 1827 4957 istud.
