4842 6642
761 863 900 920 caurus
924 865 1115 921 vrnnsruus
1138 863 1316 931 oulnrus.
1553 850 1622 918 349

454 1009 478 1080 t
490 1025 621 1100 operae
644 1009 682 1080 io
703 1010 779 1099 fino
803 1030 829 1081 o
853 1013 925 1102 pot,
950 1031 1046 1085 come
1070 1013 1174 1102 oprir
1189 1012 1222 1082 ri
1237 1012 1363 1101 donea,
1389 1008 1492 1104 quasi
1509 1008 1623 1084 dicat:

455 1124 548 1200 idest
561 1116 612 1219 (¹),
638 1126 834 1224 theologia,
856 1151 929 1224 qua
947 1136 1011 1204 tua
1030 1149 1135 1204 mens
1152 1134 1207 1204 est
1224 1127 1377 1222 imbuta,
1394 1128 1489 1204 bene
1505 1125 1628 1204 docuit

456 1253 495 1322 te
519 1249 713 1342 bucusque
739 1250 926 1343 quomodo
951 1249 1163 1346 responderi
1187 1251 1267 1325 vult
1293 1255 1330 1324 et
1354 1249 1462 1325 debet
1483 1246 1627 1341 deiide,

452 1359 485 1440 si
509 1369 608 1440 clt’io
638 1389 799 1461 approoo
831 1361 886 1444 oid
918 1373 978 1444 cte
1006 1374 1106 1465 saort
1137 1391 1281 1462 mamre,
1316 1369 1419 1465 idest,
1454 1367 1628 1465 quicquid

453 1487 568 1562 exivit
600 1507 646 1562 ex
681 1508 749 1563 ore
781 1496 846 1564 tuo
879 1491 915 1565 in
950 1490 1245 1586 responsionibus
1276 1489 1378 1566 lactis
1407 1510 1473 1585 per
1504 1496 1551 1564 te.
1585 1489 1628 1563 ut

455 1608 576 1684 subdit
600 1609 709 1684 aliam
736 1597 905 1687 ultimam
931 1612 1155 1708 petitionem,
1181 1634 1267 1707 quae
1288 1613 1399 1686 babet
1415 1611 1489 1685 duo
1509 1629 1627 1685 mem·
1752 1681 1754 1686 ,

455 1730 541 1824 bra;
567 1750 685 1804 unum
715 1738 789 1806 est:
821 1731 909 1827 quid
941 1733 1057 1808 credit
1088 1733 1125 1807 in
1156 1731 1387 1829 particulari,
1418 1731 1517 1806 aliud
1550 1734 1625 1805 est:

456 1851 557 1926 unde
583 1851 652 1924 boc
676 1851 808 1925 obtulit
832 1870 873 1927 se
898 1871 976 1926 suae
1001 1851 1217 1928 credulitati.
1245 1851 1336 1926 Dicit
1362 1871 1471 1949 ergo:
1498 1871 1558 1924 mo
1582 1869 1627 1924 or

455 1972 602 2045 convica
619 1973 801 2064 omnimo,
821 1971 924 2067 idest,
945 1993 1045 2046 nunc
1063 1978 1177 2046 restat
1193 1970 1475 2069 exprimendum
1493 1991 1559 2066 per
1577 1976 1626 2063 te,

457 2094 536 2184 quel
557 2091 617 2164 cle
641 2093 738 2164 credi
760 2098 794 2164 et
816 2094 919 2184 oode,
945 2092 1033 2168 illud
1058 2092 1157 2188 quod
1182 2092 1313 2187 credie,
1342 2095 1374 2165 rt
1402 2097 1529 2186 offerre
1553 2093 1628 2164 olla

456 2212 629 2286 credenw
654 2217 728 2302 tato,
753 2211 857 2306 quasi
882 2210 995 2288 dicat:
1023 2212 1110 2308 quid
1127 2213 1210 2288 lecit
1235 2219 1271 2287 te
1296 2212 1449 2288 credere
1465 2210 1564 2286 illud.
1579 2249 1628 2266 -

462 2335 493 2406 0
515 2337 629 2404 soom.
647 2331 712 2405 llic
736 2337 846 2405 autor
864 2351 1107 2428 responsurus
1124 2333 1286 2428 petitioni
1305 2332 1499 2407 bimembri
1516 2331 1627 2426 Petri,

458 2452 578 2548 primo
603 2452 827 2548 persuadens
844 2453 975 2548 repetit
991 2453 1125 2528 clarius
1141 2452 1274 2528 dictam
1297 2451 1517 2548 petitionem.
1537 2451 1629 2528 Dicit

458 2592 550 2669 ergo
568 2572 615 2646 ad
636 2573 851 2670 captandam
878 2573 1190 2657 benevolentiam:
1212 2577 1254 2646 lo
1271 2575 1464 2666 condonat,
1485 2573 1628 2668 supple,

457 2691 600 2767 dicere:
628 2715 650 2766 o
674 2700 777 2766 soom
798 2695 927 2787 padre,
945 2693 1048 2787 idest,
1073 2712 1097 2767 o
1122 2694 1231 2768 Petre
1256 2691 1374 2788 prime
1391 2693 1499 2788 Papa,
1518 2713 1541 2765 o
1557 2695 1628 2786 spi·

457 2815 540 2905 no,
566 2812 713 2907 scilicet,
740 2823 865 2891 sancte
890 2820 927 2887 et
951 2813 1070 2908 beate,
1095 2816 1155 2888 cte
1179 2816 1270 2904 oedl,
1296 2811 1442 2907 scillcet,
1469 2833 1629 2906 praesen·

457 2933 591 3008 tialiter
623 2941 661 3009 et
693 2940 806 3028 certe,
839 2927 894 3008 rid
925 2938 985 3008 cte
1016 2937 1175 3026 credere,
1209 2933 1356 3030 scilicet,
1392 2935 1559 3008 futurum
1591 2939 1629 3010 et

456 3053 639 3130 incertum
666 3054 879 3151 perfidem,
906 3056 1005 3151 quod
1030 3056 1198 3153 probavit
1229 3061 1383 3131 eventus
1414 3055 1478 3150 rei,
1511 3047 1541 3128 si
1570 3058 1629 3129 otc

455 3178 595 3250 omenti
619 3173 681 3250 otr
698 3180 732 3250 to
748 3179 906 3270 sepotcro
917 3171 982 3270 pso
1000 3179 1145 3268 θῖουαῖιί
1160 3179 1268 3269 poor,
1291 3175 1437 3270 scilicet,
1460 3182 1627 3272 tempore

461 3295 750 3372 resurrectionis.
777 3298 868 3372 Nam
895 3297 1068 3372 scribitur
1092 3296 1224 3371 ultimo
1249 3296 1408 3393 capitulo
1425 3295 1523 3390 quod
1541 3316 1628 3370 cum

458 3416 635 3492 moderes
669 3417 852 3492 venissent
883 3416 931 3492 ad
960 3423 1243 3493 monumentum
1276 3423 1360 3510 etc,
1392 3415 1455 3492 sed
1485 3422 1540 3492 est
1573 3416 1632 3492 bic

452 3537 612 3612 solerter
630 3536 897 3613 advertendum
914 3538 1014 3632 qood
1031 3543 1141 3612 autor
1158 3545 1282 3612 noster
1296 3536 1441 3611 videtur
1459 3555 1632 3631 expresse

459 3655 582 3732 dicere
607 3658 761 3752 falsum,
788 3678 873 3734 nam
900 3677 974 3732 non
998 3665 1055 3734 est
1079 3679 1212 3732 verum
1238 3657 1337 3753 quod
1354 3658 1485 3756 Petrus
1502 3657 1632 3732 vicerit

452 3776 622 3871 juniores
646 3777 757 3873 pedes
776 3798 906 3853 versus
924 3779 1154 3873 sepulcrum,
1173 3777 1288 3852 immo
1309 3778 1492 3853 lohannes
1504 3776 1632 3872 iunior

461 3899 654 3994 praecurrit
679 3906 717 3974 et
740 3899 919 3996 prevenit
947 3919 1046 3976 eum.
1078 3898 1132 3974 bd
1163 3901 1232 3974 boc
1265 3896 1485 3994 respondent
1518 3897 1631 3993 aliqui

460 4017 560 4114 quod
585 4021 717 4095 Petrus
741 4039 853 4096 senex
884 4024 992 4095 aetate
1021 4041 1087 4115 per
1118 4018 1338 4115 martyrium
1371 4017 1470 4113 quod
1503 4022 1631 4113 sponte

458 4140 608 4236 recepit,
635 4139 721 4215 vicit
745 4141 912 4215 homines
927 4139 1094 4236 iuniores
1119 4147 1156 4216 et
1182 4140 1352 4214 robustos
1369 4137 1406 4211 in
1424 4158 1546 4233 carne,
1568 4137 1630 4214 sed

459 4259 653 4336 debiliores
678 4258 716 4333 in
740 4259 823 4360 lide,
838 4259 875 4333 in
895 4259 1111 4335 credulitate
1132 4258 1412 4336 resurrectionis
1429 4256 1557 4332 Cbristi
1569 4247 1629 4349 ('):

455 4380 520 4460 sed
545 4378 614 4454 ista
639 4399 713 4454 non
739 4378 885 4454 videtur
911 4378 999 4453 mibi
1023 4379 1174 4454 intentio
1192 4378 1319 4472 literoe,
1337 4376 1419 4454 ideo
1436 4375 1631 4454 dicendum
1704 4433 1708 4440 .

457 4508 514 4578 est
539 4505 576 4578 et
600 4499 744 4594 melius,
770 4498 868 4595 quod
895 4500 1027 4574 Petrus
1057 4519 1169 4574 senex
1200 4498 1287 4574 vicit
1315 4498 1425 4594 pedes
1457 4495 1630 4572 lobannis

453 4620 614 4719 junioris
638 4640 705 4716 per
731 4619 852 4714 iidem,
877 4619 965 4714 quia
990 4619 1125 4696 scilieet
1148 4619 1332 4694 lohannes
1356 4637 1517 4713 corpore
1548 4637 1635 4692 cur-

463 4763 550 4819 rens
575 4762 649 4817 non
674 4741 743 4816 luit
768 4748 843 4815 tam
870 4740 942 4816 cito
971 4739 1019 4816 ad
1047 4741 1259 4836 sepulcrum
1291 4760 1378 4815 cum
1405 4738 1508 4836 pede,
1536 4737 1637 4833 quod

521 5005 789 5070 claudemus
1038 4999 1313 5065 (permensos
