4842 6642
789 817 859 884 172
1180 830 1385 886 conuscat
1409 829 1578 884 rannnrsr

788 973 880 1049 ordo
905 974 1099 1069 equestris,
1116 974 1307 1050 continens
1324 973 1468 1069 equites
1486 973 1702 1068 armigeros.
1720 972 1826 1047 blodo
1850 978 1961 1047 autor

787 1101 895 1169 vocat
920 1095 1006 1170 istos
1027 1094 1205 1170 illustres:
1224 1093 1398 1187 secundo,
1414 1092 1651 1170 commendat
1666 1111 1731 1166 eos
1747 1111 1836 1165 cum
1852 1090 1959 1166 dicit:

787 1219 846 1288 net
860 1218 993 1310 calme,
1016 1216 1103 1311 quia
1122 1215 1152 1289 si
1169 1222 1277 1290 erant
1292 1213 1413 1289 adbuc
1432 1214 1591 1288 illustres
1608 1213 1645 1286 in
1662 1211 1853 1306 descensu,
1875 1211 1961 1307 quid

788 1358 870 1412 esse
893 1337 1097 1413 debuerant
1122 1336 1159 1410 in
1184 1344 1282 1411 statu
1295 1341 1311 1408 t
1325 1341 1422 1409 -Ε
1445 1337 1517 1409 vidi
1531 1326 1613 1408 cosi.
1631 1333 1697 1408 llic
1716 1331 1959 1428 Cauciaguida

788 1455 898 1531 simul
930 1457 1064 1553 colligit
1094 1457 1183 1531 alias
1218 1455 1384 1551 quinque
1413 1454 1567 1530 familias
1596 1454 1778 1548 antiquas,
1810 1452 1957 1528 dicens:

789 1582 822 1650 Ε
844 1581 916 1653 vidi
939 1569 1010 1650 rost
1033 1578 1178 1670 grandi,
1204 1597 1300 1650 come
1324 1577 1466 1666 anticio,
1487 1578 1566 1668 quet
1589 1577 1766 1649 deltArcc
1789 1593 1857 1647 coo
1882 1577 1963 1665 quel

790 1701 882 1772 dello
908 1699 1087 1790 sanneua,
1108 1717 1127 1768 e
1151 1698 1352 1769 Sotdunien'
1375 1718 1395 1768 e
1417 1695 1594 1787 Ardinylu'
1616 1716 1636 1768 e
1658 1695 1818 1768 Bostr'oti.
1836 1694 1883 1766 Et
1902 1692 1960 1766 bic

779 1825 875 1892 nota
901 1817 1001 1910 quod
1026 1823 1136 1890 autor
1153 1816 1389 1890 commendat
1405 1815 1596 1910 praedictos
1612 1813 1823 1910 dupliciter3
1840 1813 1960 1908 primo

788 1937 875 2032 quia
900 1936 1071 2012 describit
1096 1957 1160 2011 eos
1184 1958 1207 2011 a
1234 1935 1497 2032 magnitudine,
1524 1936 1609 2031 quia
1635 1941 1742 2010 erant
1766 1935 1853 2010 olim
1879 1955 1960 2009 ma·
2024 1969 2027 1973 ·

786 2057 907 2153 guilici
933 2064 971 2132 et
994 2063 1160 2152 potentes
1185 2054 1223 2130 in
1249 2056 1343 2131 urbe
1367 2077 1453 2150 sua3
1479 2056 1642 2131 secundo
1672 2056 1759 2150 quia
1789 2054 1959 2138 describit

787 2197 852 2251 eos
876 2176 924 2250 ab
948 2176 1174 2270 antiquitate,
1200 2183 1239 2250 et
1262 2176 1461 2271 antiquitas
1492 2176 1616 2272 arguit
1649 2176 1887 2270 nobilitatem,
1919 2181 1961 2248 ut

788 2299 868 2371 vult
891 2296 1136 2393 philosophus.
1151 2337 1201 2350 -
1214 2301 1331 2372 Sooru
1354 2300 1391 2371 lo
1413 2303 1531 2390 porto.
1553 2297 1619 2372 llic
1638 2296 1879 2393 Cacciaguida
1894 2295 1961 2370 de·

790 2417 914 2493 scribit
939 2417 1174 2513 singulariter
1199 2438 1313 2492 unam
1343 2419 1533 2515 egregiam
1563 2417 1750 2512 familiam,
1783 2417 1819 2491 in
1853 2417 1960 2492 cuius

788 2537 1029 2632 descriptione
1053 2537 1128 2611 duo
1154 2537 1255 2613 lacit:
1278 2538 1410 2633 primo,
1428 2538 1514 2632 quia
1531 2537 1688 2612 ostendit
1704 2537 1889 2632 quomodo
1910 2557 1957 2612 ex

788 2658 857 2732 ista
881 2658 992 2732 nobili
1021 2658 1157 2733 lamilia
1187 2658 1457 2734 descenderunt
1488 2660 1615 2734 multae
1647 2658 1728 2732 aliae
1742 2652 1779 2752 (¹)
1813 2679 1959 2754 magnae

790 2777 1011 2872 nobilitates;
1036 2779 1198 2854 secundo
1218 2779 1385 2874 ostendit,
1406 2778 1594 2873 quomodo
1609 2779 1648 2853 iu
1664 2777 1794 2853 domos
1810 2778 1957 2853 illorum

794 2897 1103 2973 nobilissimorum
1130 2905 1382 2994 pervenerunt
1406 2899 1477 2973 viri
1501 2898 1626 2974 rustici
1642 2898 1689 2974 ad
1705 2897 1956 2993 habitandum,

671 3007 674 3010 ’
790 3018 837 3092 de
861 3019 995 3132 quibus
1021 3019 1242 3114 praenuntiat
1267 3020 1414 3094 ruinam
1434 3019 1507 3094 cito
1526 3025 1733 3093 venturam.
1751 3019 1858 3094 Nunc
1875 3018 1957 3093 vide

791 3137 947 3232 literam,
974 3145 1011 3213 et
1036 3139 1164 3214 ordina
1181 3140 1233 3214 sic
1248 3131 1309 3232 (¹):
1336 3145 1356 3213 l
1379 3143 1593 3232 dodonaei,
1610 3139 1821 3214 nobilissimi
1849 3139 1960 3233 cives,

791 3279 951 3353 quorum
975 3257 1109 3334 familia
1127 3266 1181 3333 est
1198 3259 1341 3355 penitus
1367 3260 1538 3353 extincta,
1556 3279 1604 3334 ex
1621 3259 1755 3353 quibus
1771 3259 1857 3336 lacti
1872 3267 1958 3334 sunt

791 3378 943 3454 comites
968 3378 1152 3454 Gnidones
1177 3381 1299 3454 etalii
1324 3380 1483 3474 nobiles;
1510 3379 1609 3455 unde
1633 3379 1741 3454 dicit:
1766 3377 1884 3454 ood'e‘
1905 3383 1961 3454 di-

788 3519 883 3572 sceso
910 3501 938 3572 o
960 3506 1058 3572 conte
1086 3501 1208 3574 Guido.
1235 3498 1288 3574 td
1316 3499 1589 3596 intelligendum
1614 3506 1754 3594 autern,
1776 3501 1962 3594 quomodo

791 3639 916 3694 comes
941 3617 1059 3693 Guido
1084 3619 1312 3695 descenderit
1336 3640 1383 3695 ex
1409 3619 1485 3693 istis
1501 3639 1568 3714 per
1585 3619 1744 3694 nobilem
1767 3619 1960 3696 mulierem

789 3739 1070 3835 lngualdradam
1085 3729 1122 3832 (³)
1142 3739 1252 3814 liliam
1274 3739 1412 3814 domini
1428 3739 1649 3834 Bellincioni,
1670 3747 1816 3836 oportet
1841 3747 1877 3814 te
1902 3759 1962 3816 re·

793 3881 947 3934 currere
972 3861 1018 3934 ad
1044 3859 1090 3953 id,
1118 3859 1216 3954 quod
1241 3859 1419 3956 scriptum
1444 3866 1499 3936 est
1523 3860 1570 3935 de
1595 3861 1664 3935 boc
1697 3860 1831 3934 lnlerni
1861 3859 1961 3955 capi-

790 3981 879 4054 tulo.
906 3981 951 4054 Et
975 3980 1080 4055 dicit:
1107 4001 1125 4052 e
1150 3981 1347 4072 quacunque
1362 3981 1410 4052 lto
1423 3983 1545 4072 poscia
1560 4000 1667 4072 preco
1684 3982 1742 4054 del
1758 4000 1860 4054 nonae
1885 3983 1960 4054 del·

790 4103 897 4175 t'alto
913 4100 1133 4174 Bellincione.
1152 4099 1230 4174 Hoc
1246 4099 1342 4194 dicit,
1360 4099 1448 4194 quia
1463 4119 1510 4174 ex
1528 4098 1604 4173 istis
1620 4099 1840 4196 Ravignauis
1865 4099 1958 4174 lacta

790 4228 845 4298 est
870 4221 941 4296 alia
967 4220 1102 4296 familia
1127 4220 1223 4294 dicta
1247 4218 1466 4314 Bellincioni,
1493 4219 1545 4294 sic
1577 4219 1811 4295 denominata
1836 4226 1893 4294 est
1912 4220 1960 4295 ab

791 4343 851 4418 illo
877 4342 1062 4439 praecipuo
1089 4340 1201 4417 milite
1227 4341 1382 4417 Domino
1406 4341 1640 4434 Bellinciono,
1659 4347 1701 4414 ut
1724 4338 1864 4415 dictum
1885 4347 1960 4433 est3

789 4484 914 4558 muno,
944 4463 1045 4559 idest,
1077 4463 1299 4556 babitabant,
1329 4482 1439 4536 soora
1469 4465 1506 4536 lu
1531 4468 1654 4555 porto,
1684 4462 1763 4534 brec
1796 4460 1865 4534 luit
1895 4481 1961 4536 on-

789 4585 891 4678 tiqua
909 4589 1015 4679 porta
1031 4583 1166 4658 veteris
1184 4582 1338 4658 civitatis
1354 4581 1448 4657 dicta
1469 4589 1575 4678 porta
1592 4581 1707 4656 sancti
1723 4581 1840 4656 Petri:
1860 4603 1959 4686 nunc

792 4709 917 4777 autem
944 4703 1028 4778 novi
1053 4702 1151 4778 cives
1176 4709 1355 4777 venerant
1386 4702 1433 4776 ad
1464 4701 1702 4777 habitandum
1733 4700 1792 4795 ibi,
1824 4701 1960 4776 scilicet

850 4889 877 4951 (η
893 4890 924 4939 E.
939 4889 996 4940 alle
1012 4890 1166 4942 nobllltutee.
1184 4898 1189 4910 '
1415 4887 1443 4953 (⁸)
1458 4889 1489 4939 F..
1504 4888 1543 4940 rio
1557 4901 1629 4939 enm:
1646 4889 1662 4938 1
1675 4887 1831 4951 liootgmm'·

851 4965 878 5030 (⁸)
894 4965 925 5018 lt.
941 4965 1141 5030 linguldradam.
1784 5018 1786 5021 ,
