4842 6642
816 848 886 913 llll
1209 856 1413 912 couuuruu
1438 854 1605 910 uunumsr

816 1006 964 1094 nocella,
989 1001 1143 1095 scilicet,
1174 1000 1340 1075 diabolus
1364 1000 1429 1095 qui
1454 998 1605 1096 fingitur
1633 1019 1721 1074 cum
1751 996 1818 1073 alis
1850 1003 1888 1072 et
1920 1017 1992 1070 uu-

817 1123 961 1221 guibus,
987 1120 1078 1195 levis
1102 1119 1148 1194 ad
1176 1119 1327 1194 modum
1359 1120 1450 1216 aris,
1481 1119 1575 1196 sicut
1605 1120 1713 1215 plene
1740 1118 1898 1215 positum
1936 1124 1991 1193 est

815 1244 852 1317 in
877 1243 1030 1336 inleruo,
1056 1245 1085 1315 ε’
1099 1244 1236 1315 nauide
1264 1246 1323 1316 ael
1350 1243 1528 1334 becclctto,
1555 1240 1658 1336 idest,
1686 1239 1922 1315 absconditur
1953 1239 1990 1313 iu

814 1370 949 1459 puncta
975 1362 1126 1457 capucii.
1154 1361 1240 1436 Vult
1264 1361 1388 1438 dicere
1413 1369 1523 1437 autor
1548 1361 1647 1456 quod
1678 1361 1827 1457 quaudo
1856 1361 1989 1456 praedi-

814 1490 916 1559 cator
950 1484 1000 1558 ita
1025 1483 1172 1557 laetatur
1197 1490 1235 1559 et
1263 1484 1456 1581 gloriatur,
1483 1484 1623 1559 ridente
1649 1484 1795 1580 populo,
1822 1482 1988 1558 diabolus

815 1605 902 1682 latet
926 1625 949 1679 a
975 1612 1081 1701 tergo
1108 1603 1229 1679 ridens
1255 1604 1408 1699 lortiter,
1435 1611 1472 1681 et
1498 1613 1627 1680 tenens
1652 1624 1739 1681 eum
1765 1624 1831 1701 per
1856 1605 1986 1697 amnes,

814 1726 957 1802 dicens:
984 1726 1103 1799 babeo
1131 1733 1186 1821 te;
1219 1725 1317 1801 uude
1342 1726 1446 1803 dicit:
1472 1728 1533 1800 cllo
1559 1748 1598 1800 se
1613 1728 1639 1800 'l
1659 1730 1763 1818 culpo
1786 1730 1816 1800 tl
1839 1730 1989 1819 cedam,

816 1848 962 1943 scilicet,
988 1848 1087 1922 illam
1115 1850 1227 1922 talem
1258 1868 1380 1941 avem,
1412 1848 1515 1942 idest,
1541 1847 1777 1942 demonium,
1805 1847 1989 1921 omcrebbc

817 1972 1136 2065 lepodemum,
1172 1970 1282 2063 idest,
1315 1968 1593 2066 indulgentiam,
1623 1989 1736 2063 quam
1772 1968 1987 2063 predicator

816 2088 878 2165 dat
903 2090 941 2163 iu
967 2088 1039 2165 line
1056 2089 1333 2185 praedicationis,
1350 2110 1436 2164 cum
1458 2088 1564 2165 dicit:
1582 2088 1724 2163 habetis
1745 2094 1800 2164 tot
1815 2107 1931 2163 anuos
1950 2094 1988 2162 et

817 2215 870 2285 tot
894 2217 1141 2305 quarantenae
1165 2210 1211 2285 de
1236 2210 1479 2307 indulgentia3
1501 2217 1538 2285 et
1563 2229 1650 2284 cum
1671 2209 1777 2286 dicit:
1795 2208 1989 2305 indulgeu-

818 2331 918 2427 tiam,
944 2330 1212 2407 absolutionem
1238 2336 1306 2405 etc.
1322 2336 1456 2404 -Pcr
1484 2334 1550 2405 ott.
1586 2331 1651 2407 llic
1685 2330 1832 2406 Beatrin
1865 2329 1990 2426 arguit

817 2450 981 2525 insanam
1008 2450 1263 2527 credulitatem
1289 2451 1494 2545 bominum,
1515 2450 1578 2545 qui
1604 2450 1652 2525 ad
1677 2470 1827 2525 omnem
1854 2450 1986 2545 praedi·

820 2571 1001 2647 cntionem
1029 2578 1102 2645 tam
1131 2570 1283 2645 faciliter
1309 2570 1529 2645 inclinantur
1545 2570 1624 2646 sinc
1650 2570 1791 2646 ratione
1817 2570 1876 2645 vel
1901 2591 1988 2665 pro-

816 2690 963 2765 batione
997 2691 1131 2785 aliqua.
1164 2691 1267 2765 Unde
1299 2690 1389 2787 petit
1421 2690 1670 2787 indignanter:
1698 2696 1768 2765 Per
1801 2694 1857 2765 otti
1889 2698 1990 2765 tana

816 2816 984 2886 slollczzu
1008 2812 1128 2885 crabbo
1142 2814 1181 2886 ta
1197 2820 1310 2903 terra,
1334 2814 1395 2885 cltc
1418 2815 1451 2887 st
1473 2813 1704 2887 cavomonte
1728 2815 1779 2887 ad
1800 2815 1886 2905 opat
1899 2833 1990 2907 pro-

818 2936 973 3028 missione,
994 2932 1129 3008 fallacis
1154 2933 1400 3031 indulgentia,
1417 2954 1534 3007 canza
1554 2954 1697 3027 pruove
1719 2936 1755 3007 d
1768 2937 1873 3007 abac
1897 2936 1990 3008 tcat'·

819 3058 950 3146 monto,
967 3053 1103 3129 scilicet
1125 3054 1316 3151 privilegii,
1333 3054 1433 3149 quod
1454 3053 1561 3129 iaciat
1582 3054 1691 3132 fidem
1716 3054 1764 3129 de
1792 3054 1991 3131 autoritate

820 3192 954 3271 magna
972 3195 1085 3268 quam
1103 3181 1272 3248 asserunt
1295 3192 1336 3249 se
1358 3175 1517 3270 babere3
1534 3176 1595 3249 vel
1612 3176 1754 3269 absque
1774 3175 1992 3272 probatione

821 3292 975 3370 alicuius
1000 3293 1158 3391 doctoris
1175 3292 1302 3389 sancti,
1319 3293 1424 3369 cuius
1440 3294 1640 3371 autoritate
1657 3296 1834 3371 roborent
1848 3295 1989 3371 dictum

822 3434 954 3509 suum3
990 3414 1087 3489 uude
1121 3414 1290 3491 videmus
1320 3421 1396 3489 tota
1428 3414 1488 3490 dic
1524 3415 1622 3509 quod
1653 3416 1821 3511 creduut,
1856 3416 1990 3509 lavent,

819 3535 967 3629 donant,
1004 3534 1165 3611 oderunt
1198 3536 1391 3629 trutannia,
1420 3536 1612 3630 ceretanis,
1644 3536 1896 3613 inventoribus
1928 3537 1992 3633 qui

821 3656 965 3752 pulsant
981 3655 1237 3751 campanellas.
1250 3656 1295 3730 ut
1307 3654 1430 3729 subdit
1445 3657 1632 3749 quomodo
1648 3656 1740 3732 tales
1758 3656 1992 3755 impinguan-

820 3784 893 3871 tur,
919 3776 1060 3852 dicens:
1086 3777 1125 3850 di
1139 3784 1270 3870 pamm,
1286 3776 1434 3868 scilicet,
1453 3777 1515 3851 tali
1532 3777 1773 3873 promissione
1797 3777 1992 3875 indulgen-

820 3898 890 3993 tiae,
915 3904 1018 3971 saulo
1044 3902 1195 3972 Antonio
1219 3900 1389 3989 marasan
1403 3899 1433 3971 il
1443 3918 1570 3990 porco,
1586 3898 1732 3994 scillcet,
1750 3898 1838 3993 quia
1855 3920 1992 3994 porcus

820 4016 983 4092 nutritur
1008 4022 1045 4093 et
1069 4017 1180 4093 datur
1205 4017 1281 4092 istis
1300 4018 1431 4113 porcis,
1449 4016 1596 4112 scilicet,
1616 4018 1848 4115 meretricem
1873 4024 1911 4094 et
1935 4018 1992 4093 di·

820 4136 880 4231 cit,
901 4140 1072 4230 papoado
1096 4139 1135 4211 dt
1160 4145 1299 4212 mmwta
1322 4158 1430 4211 senza
1451 4140 1566 4231 emto,
1583 4138 1686 4234 idest,
1704 4139 1861 4235 pecunia
1887 4138 1990 4234 laisa,

820 4258 967 4353 scilicet,
992 4258 1109 4334 fallaci
1136 4258 1362 4357 indulgentia
1388 4265 1457 4334 etc.

894 4383 956 4453 lla
975 4376 1112 4472 pocae
1139 4380 1210 4454 leta
1236 4386 1292 4456 est
1316 4386 1450 4474 quarta
1470 4387 1507 4455 et
1533 4380 1662 4461 ultima
1688 4402 1774 4477 pars
1797 4382 1992 4479 generalis,

819 4498 955 4592 inqua
982 4499 1129 4574 Beatrix
1155 4505 1288 4576 tractat
1312 4500 1359 4575 de
1384 4506 1516 4575 natura
1542 4502 1778 4599 angelorum3
1808 4508 1847 4578 et
1870 4504 1994 4599 primo

821 4619 1016 4715 persuadet
1033 4621 1167 4715 autori,
1186 4627 1229 4694 ut
1246 4627 1456 4697 revertatur
1471 4620 1519 4697 ad
1532 4622 1768 4719 principalem
1784 4624 1993 4720 materiam,

671 4794 677 4803 .
818 4759 841 4813 a
867 4760 941 4835 qua
966 4740 1052 4815 satis
1078 4750 1292 4837 recesserat,
1311 4742 1455 4818 dicens:
1483 4747 1546 4817 lla
1568 4739 1698 4837 percle*
1713 4746 1909 4819 sem’assai
1932 4747 1991 4819 dt-

818 4862 944 4952 presct,
969 4859 1071 4955 idest,
1099 4862 1185 4957 quia
1211 4862 1366 4939 lecimus
1385 4862 1472 4937 satis
1492 4884 1667 4961 maguam
1687 4864 1953 4962 digressionem
1970 4886 1993 4941 a

819 4978 1005 5076 principali
1019 4982 1217 5078 proposito,
1230 4989 1430 5079 arguentes
1442 5003 1612 5060 errorem
1629 4985 1822 5061 doctorum
1842 4992 1881 5062 et
1896 5006 1995 5083 prae·
