4842 6642
827 801 900 868 488
1219 813 1424 871 couunuuu
1448 801 1614 870 rudtursr

826 959 963 1034 nardus
989 958 1107 1053 video,
1121 895 1192 1032 scm
1216 981 1262 1034 so
1285 981 1353 1054 per
1381 965 1418 1035 tu
1449 979 1549 1050 rosa,
1579 959 1726 1051 scilieet,
1751 958 1996 1055 degradando,

821 1075 883 1172 oet
907 1083 946 1154 di
965 1083 1079 1174 scytia
1103 1083 1142 1152 in
1162 1083 1289 1173 scytia,
1317 1079 1417 1173 idest,
1443 1079 1491 1154 de
1521 1079 1607 1154 sede
1638 1079 1673 1152 in
1700 1079 1836 1172 sedem
1862 1101 1887 1152 u
1906 1100 1997 1174 pro·

818 1203 901 1293 pino
925 1219 1038 1293 nome,
1069 1199 1156 1294 quia
1180 1199 1317 1274 scilicet
1333 1199 1514 1274 dictarum
1532 1205 1673 1294 septem
1696 1198 1907 1274 mulierum.
1925 1201 1996 1274 Pu-

821 1319 922 1393 nitur
952 1319 1051 1395 euim
1084 1319 1175 1394 Sara
1200 1320 1239 1394 iu
1263 1327 1398 1415 quarto
1427 1320 1558 1417 gradu,
1585 1319 1751 1396 Rebecca
1785 1321 1822 1395 iu
1856 1319 1997 1416 quinto,

820 1438 941 1513 tudun
960 1439 997 1513 iu
1014 1446 1131 1532 sexto,
1148 1438 1246 1513 Ruth
1264 1439 1300 1513 iu
1318 1440 1484 1535 septimo
1497 1445 1593 1514 -Ε
1608 1443 1680 1514 dut.
1699 1440 1764 1515 Hic
1788 1439 1996 1514 Beruardus

820 1558 907 1652 quia
932 1557 1038 1634 nimis
1059 1565 1155 1634 esset
1179 1559 1332 1656 tongum
1359 1568 1397 1635 et
1422 1561 1650 1656 superfluum
1669 1559 1763 1636 veile
1787 1560 1998 1634 discurrere

822 1699 891 1774 per
914 1679 1077 1777 singulos
1103 1679 1251 1776 gradus,
1280 1680 1366 1755 dicit
1391 1681 1526 1774 autori,
1551 1681 1650 1776 quod
1675 1681 1770 1756 sicut
1795 1680 2000 1755 nominarit

821 1801 996 1877 mulieres
1026 1800 1193 1875 bebraeas
1218 1801 1407 1895 usquead
1433 1801 1571 1877 dictum
1598 1802 1796 1898 septimum
1822 1801 1994 1898 gradum,

819 1921 869 1995 ita
889 1921 1044 2016 septimo
1060 1921 1177 2017 gradu
1197 1921 1290 1996 infru
1307 1921 1484 1998 ordinatae
1501 1929 1587 1997 suut
1603 1923 1773 1999 hebraee.
1788 1921 1890 1998 Unde
1906 1941 1995 1996 cuu-

819 2048 925 2115 strue
951 2039 1021 2115 sic:
1042 2041 1164 2135 dirce,
1181 2041 1328 2135 scilicet,
1344 2042 1518 2118 mulieres
1533 2042 1666 2138 judaeae
1690 2043 1738 2117 de
1761 2041 1895 2138 populo
1915 2041 1993 2132 Dei,

821 2161 1026 2254 musmo,
1046 2159 1148 2253 idest,
1167 2160 1373 2235 successive
1398 2169 1618 2256 sequuntur,
1635 2165 1699 2236 dui
1724 2165 1861 2236 eunio
1876 2164 1999 2254 orado

818 2283 856 2354 in
872 2272 993 2372 utristi
1015 2300 1111 2353 wne
1126 2282 1164 2353 in
1179 2283 1258 2354 sino
1275 2283 1325 2354 cd
1338 2301 1429 2375 esso,
1449 2280 1553 2375 idest,
1571 2281 1665 2356 sicut
1688 2302 1711 2355 a
1737 2280 1853 2379 grado
1877 2281 1998 2376 prino

820 2399 1011 2495 usquead
1036 2400 1234 2495 septimum
1261 2401 1386 2497 positae
1411 2409 1496 2476 suut
1523 2423 1635 2498 supra
1665 2401 1834 2497 bebraeae‚
1863 2401 1994 2476 iutelli-

817 2540 884 2617 gas
911 2519 949 2593 in
976 2539 1049 2594 una
1075 2520 1272 2595 medietate
1301 2541 1407 2616 r0sae‚
1432 2521 1469 2595 iu
1502 2541 1576 2617 qua
1605 2528 1747 2596 tautum
1780 2527 1865 2596 suut
1897 2521 1995 2596 beati

819 2639 957 2716 veteris
984 2640 1223 2734 Testamenii3
1241 2646 1279 2716 et
1295 2641 1400 2716 dicit:
1426 2643 1635 2734 dt'rimcndo,
1661 2641 1763 2737 idest,
1788 2641 1993 2734 dividendo

818 2767 900 2834 tutte
926 2763 957 2834 ie
980 2762 1112 2834 eiiam
1134 2764 1194 2835 det
1213 2765 1316 2855 dore,
1337 2761 1441 2857 quasi
1458 2761 1564 2856 dicat,
1582 2761 1792 2838 detioraudo
1821 2763 1992 2838 metiore·

821 2888 859 2956 et
885 2880 1119 2958 notabiliores
1143 2881 1318 2956 mutieres
1343 2881 1519 2956 hebraeas
1546 2882 1590 2956 iit
1616 2881 1738 2957 subdit
1762 2882 1861 2978 quod
1886 2884 1992 2958 dicte

710 3077 713 3082 ,
817 3000 979 3074 hebraeae
1003 3007 1089 3074 suut
1113 3001 1164 3076 sic
1189 3001 1319 3075 locatae
1343 3020 1410 3096 per
1435 3001 1587 3098 longum
1615 3022 1689 3076 uua
1708 3001 1779 3076 sub
1797 3002 1880 3097 ειΙὶει,
1903 3003 1991 3097 quia

819 3121 956 3196 scilicet
980 3121 1117 3196 iaciunt
1141 3121 1275 3197 tineam
1308 3129 1448 3198 rectam
1478 3121 1556 3198 sire
1588 3143 1739 3198 murum
1769 3122 1991 3198 dividentem

820 3261 933 3314 uuam
960 3239 1194 3315 medietatem
1223 3261 1315 3317 roste
1339 3242 1387 3316 ab
1412 3241 1529 3318 altera
1549 3241 1657 3338 juxta
1683 3242 1856 3317 citriuuru
1884 3262 1989 3335 rose,

819 3361 898 3435 sire
915 3361 1064 3455 cattum,
1077 3361 1169 3436 sicut
1189 3361 1311 3436 statim
1328 3361 1651 3438 demonstrabitur.
1670 3363 1761 3439 Dicit
1780 3383 1889 3461 ergo:
1902 3384 1991 3458 per-

819 3477 883 3556 cao
904 3487 1029 3575 queo,
1055 3481 1202 3575 scincet,
1222 3481 1390 3577 hebraee,
1410 3503 1499 3558 sono
1515 3487 1543 3558 ii
1557 3505 1674 3575 muro,
1691 3483 1778 3578 quia
1799 3490 1990 3578 nunquan

820 3623 951 3676 murus
977 3601 1235 3677 intermediant
1261 3602 1369 3678 istam
1398 3603 1541 3698 auiam3
1568 3603 1665 3681 uude
1696 3604 1800 3681 tbcit:
1825 3626 1850 3679 c
1874 3608 1934 3680 cde
1958 3609 1992 3678 si

815 3730 949 3816 parton
974 3725 1006 3796 ie
1028 3723 1496 3817 sacramentaneus
1521 3724 1749 3820 faciesque
1774 3727 1908 3802 habeut
1932 3725 1988 3800 di-

819 3843 967 3918 stinctos
991 3842 1139 3941 gradus,
1156 3843 1253 3918 sicut
1277 3843 1404 3939 walae3
1421 3843 1504 3918 ideo
1521 3849 1631 3919 autor
1648 3853 1756 3938 vocat
1775 3867 1839 3922 eus
1854 3847 1987 3920 scalas:

818 3971 857 4038 et
880 3963 964 4039 dicit
995 3963 1093 4059 quod
1122 3963 1336 4037 dividuntur
1368 3963 1474 4038 dicte
1508 3964 1620 4040 iacies
1648 3965 1732 4041 due
1765 3965 1845 4043 sive
1869 3967 1988 4060 soah,

817 4087 967 4159 secondo
992 4087 1027 4159 lo
1050 4088 1209 4177 suendo
1234 4087 1296 4158 oie
1315 4089 1370 4179 see
1393 4087 1430 4158 Ia
1443 4087 1524 4180 (ede
1539 4089 1577 4162 iu
1596 4089 1723 4178 cristo,
1743 4087 1830 4182 quie
1852 4087 1988 4162 scilicet

818 4207 855 4280 in
869 4226 943 4281 una
962 4204 1055 4281 iacie
1071 4212 1127 4282 est
1143 4226 1234 4302 gens
1251 4205 1409 4300 hebrea,
1423 4225 1508 4299 que
1528 4207 1680 4282 credidit
1697 4207 1734 4282 iu
1750 4199 1786 4300 (¹)
1802 4207 1987 4284 Christum

818 4334 1032 4421 venturum,
1058 4326 1201 4402 exalia
1227 4331 1283 4401 est
1311 4345 1403 4422 gens
1427 4325 1635 4421 christiana,
1661 4345 1746 4422 quae
1775 4327 1926 4403 credidit
1951 4329 1988 4402 in

818 4447 1002 4522 Christum
1023 4447 1102 4543 jaru
1129 4445 1346 4543 proiectum.
1373 4447 1417 4520 Et
1443 4454 1529 4522 uota
1550 4447 1608 4523 hic
1626 4448 1725 4542 quod
1740 4453 1849 4524 autor
1869 4449 1988 4524 uomi-

817 4567 918 4641 uavit
943 4573 1087 4642 tautum
1112 4573 1233 4642 certas
1258 4566 1475 4664 principales
1502 4567 1675 4643 mulieres
1701 4567 1878 4664 bebraeas,
1904 4589 1988 4664 que

818 4687 968 4763 iueruut
984 4688 1114 4784 prime
1132 4687 1272 4763 radices
1290 4687 1442 4763 humaui
1459 4687 1616 4786 generis,
1630 4695 1668 4765 et
1688 4709 1832 4786 mgna)
1851 4695 1987 4764 ruutreu

856 4945 908 5010 .i']
922 4946 949 4997 S.
964 4947 1067 4998 cbristo
1083 4954 1204 5000 reaturo.
1264 5003 1273 5024 ,
