4842 6642
934 829 1073 884 caurus
1097 829 1227 884 nonus.
1618 817 1661 884 13

491 975 656 1069 dulciter,
680 979 718 1048 tn
743 979 803 1049 cite
826 979 858 1049 si
882 978 965 1049 mise
995 979 1081 1049 com’
1095 997 1159 1049 ero
1190 979 1355 1068 ducante,
1381 977 1526 1072 scilicet,
1555 984 1660 1051 ante-

491 1117 602 1190 quam
630 1095 772 1170 veniret
796 1095 843 1169 ad
868 1095 1093 1190 loquendum
1122 1097 1255 1171 autori.

565 1219 710 1289 L'ottro
736 1218 860 1290 tetulo.
889 1217 957 1288 ista
984 1222 1039 1290 est
1064 1216 1224 1290 secunda
1251 1238 1335 1311 pars
1360 1217 1542 1312 generalis
1552 1209 1602 1310 (¹),
1626 1217 1661 1289 in

491 1355 563 1430 qua
590 1356 657 1431 per
683 1335 995 1432 comparationem
1015 1343 1125 1410 autor
1143 1335 1341 1411 introducit
1360 1338 1472 1412 alium
1495 1337 1660 1432 spiritum

491 1476 693 1531 venereum
721 1457 939 1531 modernum
963 1457 1104 1551 dequo
1131 1456 1274 1532 Cunitia
1295 1459 1373 1553 jam
1402 1458 1539 1533 lecerat
1556 1478 1662 1531 meu-

492 1577 642 1671 tionem,
669 1577 804 1652 scilicet
829 1577 983 1650 Fulcum
1020 1577 1065 1651 de
1102 1577 1267 1652 Massilia.
1299 1579 1344 1652 Et
1376 1579 1496 1673 primo
1526 1578 1662 1654 descri-

493 1697 543 1772 bit
578 1696 695 1792 qualis
729 1697 898 1792 apparuit
932 1696 1009 1792 sibi,
1040 1697 1179 1773 dicens:
1215 1702 1360 1772 L’oltro
1396 1703 1524 1791 tetizto,
1558 1699 1660 1790 idest,

491 1819 560 1895 alia
592 1818 715 1892 anima
747 1819 841 1913 laeta,
873 1821 932 1890 cle
962 1821 1083 1892 m'cra
1113 1809 1173 1910 piri
1202 1828 1300 1911 nota,
1332 1819 1435 1915 idest,
1468 1841 1553 1915 quae
1581 1819 1658 1915 iam

491 1939 612 2014 luerat
642 1937 868 2014 manifestata
895 1937 994 2031 mihi,
1017 1942 1185 2030 preclara
1217 1961 1313 2034 roso,
1342 1940 1488 2033 scilicet,
1514 1940 1661 2035 quando

489 2058 631 2134 Cunitia
665 2058 752 2131 dixit
787 2079 918 2152 supra:
952 2061 990 2131 dt
1020 2067 1137 2149 questa
1173 2062 1342 2134 luculento
1374 2082 1393 2132 c
1423 2083 1512 2134 caro
1545 2063 1660 2153 amia,

487 2180 551 2254 sed
579 2178 742 2261 nondum
763 2185 842 2252 erat
859 2177 925 2251 sibi
944 2184 1030 2251 nota
1049 2199 1114 2273 per
1132 2199 1278 2274 nomen,
1295 2173 1325 2254 ri
1345 2185 1393 2255 mi
1408 2183 1483 2275 seco
1501 2183 1538 2254 in
1556 2183 1657 2271 outo,

488 2300 589 2394 idest,
617 2300 652 2372 in
679 2298 902 2394 apparentia,
923 2299 1012 2393 talia,
1040 2300 1176 2394 supple,
1196 2305 1282 2392 quot
1293 2303 1344 2394 fin
1361 2302 1514 2376 doloscio
1539 2305 1579 2373 inw
1601 2302 1661 2374 rte

488 2423 522 2495 lo
547 2425 601 2494 rot
622 2427 780 2514 percolo,
809 2418 955 2514 scilicet,
983 2420 1205 2514 splendidam
1224 2428 1260 2496 et
1281 2423 1458 2496 lucidam:
1480 2428 1535 2496 est
1560 2421 1656 2496 enim

489 2540 652 2615 balassus
678 2539 766 2634 lapis
788 2546 854 2613 etc.
875 2540 918 2612 lit
935 2545 989 2613 ost
1010 2541 1236 2634 comparatio
1253 2541 1422 2637 propria,
1449 2540 1656 2615 sicutenim

489 2660 606 2734 dictus
631 2659 720 2753 lapis
751 2659 930 2754 pretiosus
963 2679 1200 2754 repercussus
1227 2661 1335 2736 radiis
1360 2662 1539 2736 solaribus
1565 2661 1658 2735 mire

491 2782 667 2878 refulget;
694 2781 742 2855 ita
773 2781 838 2854 ista
865 2780 987 2855 anima
1014 2780 1170 2875 pretiosa
1197 2802 1411 2876 repercussa
1442 2783 1549 2856 radiis
1574 2783 1657 2857 solis

484 2902 634 3000 justitiae
660 2901 735 2974 Dei.
762 2901 805 2974 ut
831 2900 951 2975 subdit
975 2908 1084 2975 autor
1110 2900 1381 2976 similitudinem
1415 2909 1452 2976 et
1485 2902 1658 2976 differen-

490 3023 575 3098 tiam
592 3023 685 3095 inter
698 3021 858 3096 laetitiam
877 3021 1061 3095 roelestom
1081 3028 1118 3094 et
1139 3021 1353 3095 mortalem:
1372 3022 1569 3095 similitudo
1586 3029 1657 3095 stat

487 3143 524 3217 in
550 3144 630 3233 hoc,
657 3141 755 3234 quod
781 3141 874 3213 sicut
899 3139 1020 3212 laetitia
1048 3141 1209 3214 humana
1244 3141 1498 3215 manifestatur
1528 3141 1586 3215 hic
1620 3141 1657 3213 in

488 3262 626 3336 mundo
652 3281 718 3355 per
744 3260 878 3354 risum3
900 3259 948 3332 ita
967 3258 1025 3334 illa
1044 3258 1092 3332 ibi
1110 3280 1176 3354 per
1193 3261 1391 3356 fulgorem,
1406 3260 1607 3334 dillerentia
1620 3251 1656 3352 (¹)

487 3389 542 3459 est
567 3384 603 3456 in
630 3383 711 3474 hoc,
729 3380 814 3475 quia
837 3379 944 3454 iacies
965 3379 1071 3452 beata
1090 3385 1144 3453 est
1162 3401 1308 3475 semper
1325 3381 1419 3475 laeta,
1437 3381 1546 3455 iacies
1567 3401 1657 3454 vero

489 3503 649 3578 mortalis
676 3509 730 3576 est
755 3523 850 3596 saepe
866 3492 901 3593 (³)
931 3499 1052 3594 tristiS,
1079 3501 1225 3595 quando
1260 3523 1363 3575 mens
1396 3501 1547 3576 interior
1576 3507 1656 3574 tur-

487 3626 570 3700 bata
596 3631 661 3698 est.
688 3623 780 3696 Dicit
805 3642 895 3718 ergo
920 3621 1033 3696 bene:
1057 3626 1178 3716 sulpur
1203 3625 1232 3694 ε’
1245 3627 1402 3714 armato
1427 3619 1536 3713 tossd,
1553 3622 1654 3717 idest,

486 3744 655 3840 splendor
689 3748 864 3816 causatur
888 3741 925 3813 in
950 3742 1162 3836 apparentia
1197 3742 1389 3816 beatorum
1422 3742 1457 3815 in
1488 3743 1593 3835 coelo,
1626 3735 1656 3815 ri

485 3886 581 3939 rome
605 3867 679 3936 riso
705 3867 776 3956 put,
793 3862 895 3954 idest,
913 3862 949 3935 in
971 3861 1039 3935 isto
1060 3862 1198 3935 mundo
1219 3863 1382 3956 mortali;
1404 3863 1467 3937 sed
1485 3863 1543 3936 hic
1560 3863 1655 3935 risus

486 3984 556 4058 cito
582 4004 668 4056 rum
688 3985 773 4056 lietu
797 3984 982 4076 miscetur,
1001 3982 1077 4056 sive
1094 3982 1138 4055 ad
1158 3988 1324 4056 nostrum
1340 3971 1377 4074 (⁴)
1395 3981 1467 4055 cito
1489 3982 1655 4074 sequitur

487 4105 674 4199 planctus3
701 4103 799 4177 unde
823 4103 927 4177 dicit:
955 4123 1013 4176 ma
1039 4103 1197 4175 t'omdra
1227 4104 1266 4176 di
1289 4107 1388 4197 soor,
1414 4101 1516 4196 idest,
1542 4121 1654 4196 appa-

486 4224 602 4300 rentia
629 4224 800 4317 exterior,
821 4225 850 4297 s'
862 4225 988 4298 nodato
1004 4219 1077 4316 piri,
1095 4223 1197 4318 idest,
1216 4216 1256 4296 ut
1273 4223 1430 4297 obscura
1448 4220 1484 4295 in
1504 4224 1653 4315 mundo,

402 4439 404 4444 ἢ
485 4365 579 4417 conte
603 4347 638 4417 to
665 4354 774 4415 mente
801 4339 821 4417 e*
844 4348 956 4436 orata,
985 4343 1087 4437 idest,
1115 4343 1325 4437 quamcito
1356 4363 1461 4416 mens
1492 4342 1654 4417 humana

485 4463 642 4539 efficitur
667 4443 798 4537 moesta
824 4463 947 4557 aliquo
974 4483 1072 4536 casu.
1089 4467 1219 4536 -Dio
1245 4461 1420 4536 orde-liic
1441 4468 1550 4535 autor
1570 4461 1654 4536 lacit

485 4605 588 4658 suam
607 4583 817 4678 petitionem
836 4582 1032 4657 addictam
1050 4582 1223 4656 animam.
1244 4584 1288 4655 ut
1308 4582 1426 4677 primo
1440 4581 1488 4655 ad
1503 4587 1655 4678 captan-

486 4703 569 4778 dam
596 4703 887 4777 bcnevolontiam
911 4701 1155 4797 praesupponit
1173 4723 1240 4796 pro
1260 4701 1451 4795 constanti,
1469 4702 1568 4795 quod
1585 4700 1653 4775 ista

546 4891 572 4950 ς’)
588 4889 619 4938 Ε.
636 4887 763 4951 generalis
779 4888 855 4938 huius
871 4887 984 4950 capituli,
1002 4887 1028 4936 in
1045 4899 1104 4950 qua.
1167 4883 1193 4947 (¹)
1210 4887 1241 4936 Ε.
1257 4894 1284 4938 et
1300 4886 1450 4937 ditioremia

547 4965 572 5026 p)
589 4965 619 5016 E.
636 4979 651 5015 o
668 4970 690 5025 t,
708 4978 810 5028 semper
827 4965 913 5014 tristis.
1170 4964 1196 5026 (⁸)
1213 4966 1243 5017 E.
1260 4971 1379 5016 nostrum
1395 4965 1517 5028 gaudium
1533 4965 1593 5014 cito.
