<?xml version="1.0" encoding="UTF-8"?>
<!DOCTYPE html PUBLIC "-//W3C//DTD XHTML 1.0 Transitional//EN"
    "http://www.w3.org/TR/xhtml1/DTD/xhtml1-transitional.dtd">
<html xmlns="http://www.w3.org/1999/xhtml" xml:lang="en" lang="en">
 <head>
  <title>
</title>
<meta http-equiv="Content-Type" content="text/html;charset=utf-8" />
  <meta name='ocr-system' content='tesseract 3.04.00' />
  <meta name='ocr-capabilities' content='ocr_page ocr_carea ocr_par ocr_line ocrx_word'/>
</head>
<body>
  <div class='ocr_page' id='page_1' title='image "./comentumsuperda02benvgoog_0247.png"; bbox 0 0 4842 6642; ppageno 0'>
   <div class='ocr_carea' id='block_1_1' title="bbox 801 856 1645 939">
    <p class='ocr_par' dir='ltr' id='par_1_1' title="bbox 801 856 1645 939">
     <span class='ocr_line' id='line_1_1' title="bbox 801 856 1645 939; baseline 0.005 -22"><span class='ocrx_word' id='word_1_1' title='bbox 801 860 939 923; x_wconf 81' lang='lat' dir='ltr'><strong>munus</strong></span> <span class='ocrx_word' id='word_1_2' title='bbox 964 862 1123 925; x_wconf 71' lang='lat' dir='ltr'><strong>omnus</strong></span> <span class='ocrx_word' id='word_1_3' title='bbox 1146 862 1318 920; x_wconf 78' lang='lat' dir='ltr'><strong>oceanus.</strong></span> <span class='ocrx_word' id='word_1_4' title='bbox 1574 856 1645 939; x_wconf 66' lang='lat' dir='ltr'><strong>eun</strong></span> 
     </span>
    </p>
   </div>
   <div class='ocr_carea' id='block_1_2' title="bbox 471 992 1757 4351">
    <p class='ocr_par' dir='ltr' id='par_1_2' title="bbox 471 992 1757 4351">
     <span class='ocr_line' id='line_1_2' title="bbox 472 992 1646 1105; baseline 0.007 -20"><span class='ocrx_word' id='word_1_5' title='bbox 472 1013 606 1103; x_wconf 87' lang='lat' dir='ltr'><strong>menta,</strong></span> <span class='ocrx_word' id='word_1_6' title='bbox 624 1006 740 1092; x_wconf 90' lang='lat' dir='ltr'><strong>immo</strong></span> <span class='ocrx_word' id='word_1_7' title='bbox 766 1026 833 1091; x_wconf 88' lang='lat' dir='ltr'><strong>neo</strong></span> <span class='ocrx_word' id='word_1_8' title='bbox 858 1013 996 1093; x_wconf 85' lang='lat' dir='ltr'><strong>mortes</strong></span> <span class='ocrx_word' id='word_1_9' title='bbox 1021 1030 1044 1083; x_wconf 92' lang='lat' dir='ltr'><strong>a</strong></span> <span class='ocrx_word' id='word_1_10' title='bbox 1067 992 1309 1105; x_wconf 86' lang='lat' dir='ltr'><strong>principibus;</strong></span> <span class='ocrx_word' id='word_1_11' title='bbox 1328 1010 1377 1085; x_wconf 86' lang='lat' dir='ltr'><strong>ita</strong></span> <span class='ocrx_word' id='word_1_12' title='bbox 1401 1030 1500 1085; x_wconf 91' lang='lat' dir='ltr'><strong>nunc</strong></span> <span class='ocrx_word' id='word_1_13' title='bbox 1516 1030 1539 1086; x_wconf 90' lang='lat' dir='ltr'><strong>c</strong></span> <span class='ocrx_word' id='word_1_14' title='bbox 1555 1032 1646 1093; x_wconf 90' lang='lat' dir='ltr'><strong>con·</strong></span> 
     </span>
     <span class='ocr_line' id='line_1_3' title="bbox 471 1126 1645 1227; baseline 0.005 -26"><span class='ocrx_word' id='word_1_15' title='bbox 471 1147 578 1210; x_wconf 80' lang='lat' dir='ltr'><strong>verso</strong></span> <span class='ocrx_word' id='word_1_16' title='bbox 614 1126 781 1210; x_wconf 83' lang='lat' dir='ltr'><strong>ridemus</strong></span> <span class='ocrx_word' id='word_1_17' title='bbox 815 1128 919 1221; x_wconf 82' lang='lat' dir='ltr'><strong>quasi</strong></span> <span class='ocrx_word' id='word_1_18' title='bbox 956 1148 1086 1206; x_wconf 87' lang='lat' dir='ltr'><strong>omnes</strong></span> <span class='ocrx_word' id='word_1_19' title='bbox 1116 1130 1287 1225; x_wconf 83' lang='lat' dir='ltr'><strong>exemplo</strong></span> <span class='ocrx_word' id='word_1_20' title='bbox 1318 1137 1507 1227; x_wconf 88' lang='lat' dir='ltr'><strong>pastorum</strong></span> <span class='ocrx_word' id='word_1_21' title='bbox 1540 1132 1645 1227; x_wconf 82' lang='lat' dir='ltr'><strong>senui</strong></span> 
     </span>
     <span class='ocr_line' id='line_1_4' title="bbox 471 1246 1645 1351; baseline 0.006 -28"><span class='ocrx_word' id='word_1_22' title='bbox 471 1246 623 1345; x_wconf 83' lang='lat' dir='ltr'><strong>diuitias,</strong></span> <span class='ocrx_word' id='word_1_23' title='bbox 641 1247 882 1345; x_wconf 75' lang='lat' dir='ltr'><strong>praelationes,</strong></span> <span class='ocrx_word' id='word_1_24' title='bbox 900 1255 938 1341; x_wconf 82' lang='lat' dir='ltr'><strong>et</strong></span> <span class='ocrx_word' id='word_1_25' title='bbox 954 1270 1084 1338; x_wconf 76' lang='lat' dir='ltr'><strong>omnen</strong></span> <span class='ocrx_word' id='word_1_26' title='bbox 1101 1250 1247 1341; x_wconf 74' lang='lat' dir='ltr'><strong>delicias</strong></span> <span class='ocrx_word' id='word_1_27' title='bbox 1264 1258 1302 1327; x_wconf 88' lang='lat' dir='ltr'><strong>et</strong></span> <span class='ocrx_word' id='word_1_28' title='bbox 1318 1253 1530 1348; x_wconf 71' lang='lat' dir='ltr'><strong>commoda,</strong></span> <span class='ocrx_word' id='word_1_29' title='bbox 1553 1273 1645 1351; x_wconf 76' lang='lat' dir='ltr'><strong>ergo</strong></span> 
     </span>
     <span class='ocr_line' id='line_1_5' title="bbox 472 1358 1646 1467; baseline 0.001 -20"><span class='ocrx_word' id='word_1_30' title='bbox 472 1358 705 1447; x_wconf 77' lang='lat' dir='ltr'><strong>nnnc--unl</strong></span> <span class='ocrx_word' id='word_1_31' title='bbox 717 1372 750 1443; x_wconf 83' lang='lat' dir='ltr'><strong>si</strong></span> <span class='ocrx_word' id='word_1_32' title='bbox 760 1371 867 1449; x_wconf 83' lang='lat' dir='ltr'><strong>roien.</strong></span> <span class='ocrx_word' id='word_1_33' title='bbox 882 1369 947 1448; x_wconf 84' lang='lat' dir='ltr'><strong>iiio</strong></span> <span class='ocrx_word' id='word_1_34' title='bbox 963 1376 1073 1451; x_wconf 87' lang='lat' dir='ltr'><strong>antor</strong></span> <span class='ocrx_word' id='word_1_35' title='bbox 1093 1370 1225 1467; x_wconf 89' lang='lat' dir='ltr'><strong>probat</strong></span> <span class='ocrx_word' id='word_1_36' title='bbox 1241 1372 1340 1465; x_wconf 86' lang='lat' dir='ltr'><strong>quod</strong></span> <span class='ocrx_word' id='word_1_37' title='bbox 1359 1373 1498 1449; x_wconf 90' lang='lat' dir='ltr'><strong>malum</strong></span> <span class='ocrx_word' id='word_1_38' title='bbox 1515 1394 1646 1449; x_wconf 82' lang='lat' dir='ltr'><strong>enem-</strong></span> 
     </span>
     <span class='ocr_line' id='line_1_6' title="bbox 471 1489 1645 1589; baseline -0.001 -21"><span class='ocrx_word' id='word_1_39' title='bbox 471 1489 574 1585; x_wconf 84' lang='lat' dir='ltr'><strong>plum</strong></span> <span class='ocrx_word' id='word_1_40' title='bbox 605 1497 794 1587; x_wconf 60' lang='lat' dir='ltr'><strong>meorum</strong></span> <span class='ocrx_word' id='word_1_41' title='bbox 826 1489 872 1568; x_wconf 91' lang='lat' dir='ltr'><strong>sit</strong></span> <span class='ocrx_word' id='word_1_42' title='bbox 899 1489 1057 1567; x_wconf 81' lang='lat' dir='ltr'><strong>devian&#39;o</strong></span> <span class='ocrx_word' id='word_1_43' title='bbox 1087 1492 1319 1569; x_wconf 88' lang='lat' dir='ltr'><strong>subditorum</strong></span> <span class='ocrx_word' id='word_1_44' title='bbox 1357 1514 1423 1589; x_wconf 88' lang='lat' dir='ltr'><strong>per</strong></span> <span class='ocrx_word' id='word_1_45' title='bbox 1458 1492 1645 1588; x_wconf 81' lang='lat' dir='ltr'><strong>ellectum,</strong></span> 
     </span>
     <span class='ocr_line' id='line_1_7' title="bbox 473 1605 1647 1710; baseline 0.003 -24"><span class='ocrx_word' id='word_1_46' title='bbox 473 1606 558 1705; x_wconf 91' lang='lat' dir='ltr'><strong>quia</strong></span> <span class='ocrx_word' id='word_1_47' title='bbox 596 1608 771 1693; x_wconf 81' lang='lat' dir='ltr'><strong>unierunt</strong></span> <span class='ocrx_word' id='word_1_48' title='bbox 807 1609 977 1706; x_wconf 81' lang='lat' dir='ltr'><strong>proximo</strong></span> <span class='ocrx_word' id='word_1_49' title='bbox 1011 1610 1168 1708; x_wconf 79' lang='lat' dir='ltr'><strong>gratiam</strong></span> <span class='ocrx_word' id='word_1_50' title='bbox 1186 1605 1224 1705; x_wconf 80' lang='lat'><strong>(¹)</strong></span> <span class='ocrx_word' id='word_1_51' title='bbox 1263 1633 1376 1710; x_wconf 60' lang='lat' dir='ltr'><strong>mam</strong></span> <span class='ocrx_word' id='word_1_52' title='bbox 1412 1614 1550 1689; x_wconf 87' lang='lat' dir='ltr'><strong>donant</strong></span> <span class='ocrx_word' id='word_1_53' title='bbox 1585 1634 1647 1689; x_wconf 90' lang='lat' dir='ltr'><strong>sa·</strong></span> 
     </span>
     <span class='ocr_line' id='line_1_8' title="bbox 473 1726 1646 1827; baseline 0.004 -22"><span class='ocrx_word' id='word_1_54' title='bbox 473 1736 672 1827; x_wconf 84' lang='lat' dir='ltr'><strong>cramenta,</strong></span> <span class='ocrx_word' id='word_1_55' title='bbox 697 1729 1052 1812; x_wconf 85' lang='lat' dir='ltr'><strong>excommunicando</strong></span> <span class='ocrx_word' id='word_1_56' title='bbox 1091 1726 1127 1807; x_wconf 88' lang='lat' dir='ltr'><strong>ot</strong></span> <span class='ocrx_word' id='word_1_57' title='bbox 1167 1731 1342 1827; x_wconf 83' lang='lat' dir='ltr'><strong>privando</strong></span> <span class='ocrx_word' id='word_1_58' title='bbox 1380 1734 1483 1809; x_wconf 87' lang='lat' dir='ltr'><strong>dietis</strong></span> <span class='ocrx_word' id='word_1_59' title='bbox 1520 1756 1646 1811; x_wconf 89' lang='lat' dir='ltr'><strong>sacra-</strong></span> 
     </span>
     <span class='ocr_line' id='line_1_9' title="bbox 475 1850 1646 1949; baseline 0.006 -24"><span class='ocrx_word' id='word_1_60' title='bbox 475 1850 616 1945; x_wconf 88' lang='lat' dir='ltr'><strong>mentis,</strong></span> <span class='ocrx_word' id='word_1_61' title='bbox 640 1871 726 1945; x_wconf 82' lang='lat' dir='ltr'><strong>quae</strong></span> <span class='ocrx_word' id='word_1_62' title='bbox 751 1850 835 1931; x_wconf 80' lang='lat' dir='ltr'><strong>dela</strong></span> <span class='ocrx_word' id='word_1_63' title='bbox 859 1857 945 1925; x_wconf 86' lang='lat' dir='ltr'><strong>sunt</strong></span> <span class='ocrx_word' id='word_1_64' title='bbox 972 1850 1076 1928; x_wconf 91' lang='lat' dir='ltr'><strong>nobis</strong></span> <span class='ocrx_word' id='word_1_65' title='bbox 1100 1851 1149 1929; x_wconf 87' lang='lat' dir='ltr'><strong>ab</strong></span> <span class='ocrx_word' id='word_1_66' title='bbox 1175 1852 1236 1926; x_wconf 89' lang='lat' dir='ltr'><strong>illo</strong></span> <span class='ocrx_word' id='word_1_67' title='bbox 1261 1853 1321 1947; x_wconf 94' lang='lat' dir='ltr'><strong>pio</strong></span> <span class='ocrx_word' id='word_1_68' title='bbox 1347 1854 1466 1947; x_wconf 87' lang='lat' dir='ltr'><strong>Patre,</strong></span> <span class='ocrx_word' id='word_1_69' title='bbox 1492 1854 1555 1949; x_wconf 81' lang='lat' dir='ltr'><strong>qni</strong></span> <span class='ocrx_word' id='word_1_70' title='bbox 1586 1874 1646 1932; x_wconf 85' lang='lat' dir='ltr'><strong>se·</strong></span> 
     </span>
     <span class='ocr_line' id='line_1_10' title="bbox 476 1961 1644 2068; baseline -0.001 -19"><span class='ocrx_word' id='word_1_71' title='bbox 476 1970 668 2067; x_wconf 75' lang='lat' dir='ltr'><strong>metipsum</strong></span> <span class='ocrx_word' id='word_1_72' title='bbox 694 1961 843 2063; x_wconf 51' lang='lat' dir='ltr'><strong>dedite)</strong></span> <span class='ocrx_word' id='word_1_73' title='bbox 870 1970 949 2050; x_wconf 86' lang='lat' dir='ltr'><strong>sine</strong></span> <span class='ocrx_word' id='word_1_74' title='bbox 979 1970 1104 2065; x_wconf 86' lang='lat' dir='ltr'><strong>aliquo</strong></span> <span class='ocrx_word' id='word_1_75' title='bbox 1134 1972 1263 2068; x_wconf 87' lang='lat' dir='ltr'><strong>pretio,</strong></span> <span class='ocrx_word' id='word_1_76' title='bbox 1290 1972 1383 2048; x_wconf 90' lang='lat' dir='ltr'><strong>sicut</strong></span> <span class='ocrx_word' id='word_1_77' title='bbox 1409 1973 1549 2048; x_wconf 89' lang='lat' dir='ltr'><strong>dictum</strong></span> <span class='ocrx_word' id='word_1_78' title='bbox 1571 1981 1644 2051; x_wconf 88' lang='lat' dir='ltr'><strong>est:</strong></span> 
     </span>
     <span class='ocr_line' id='line_1_11' title="bbox 472 2085 1646 2191; baseline 0.009 -30"><span class='ocrx_word' id='word_1_79' title='bbox 472 2092 584 2183; x_wconf 64' lang='lat' dir='ltr'><strong>pour</strong></span> <span class='ocrx_word' id='word_1_80' title='bbox 607 2092 786 2183; x_wconf 75' lang='lat' dir='ltr'><strong>accepistis</strong></span> <span class='ocrx_word' id='word_1_81' title='bbox 814 2098 847 2165; x_wconf 92' lang='lat' dir='ltr'><strong>et</strong></span> <span class='ocrx_word' id='word_1_82' title='bbox 868 2094 983 2185; x_wconf 65' lang='lat' dir='ltr'><strong>mats</strong></span> <span class='ocrx_word' id='word_1_83' title='bbox 1007 2094 1097 2168; x_wconf 71' lang='lat' dir='ltr'><strong>doe.</strong></span> <span class='ocrx_word' id='word_1_84' title='bbox 1128 2092 1222 2170; x_wconf 87' lang='lat' dir='ltr'><strong>Dicit</strong></span> <span class='ocrx_word' id='word_1_85' title='bbox 1249 2113 1360 2191; x_wconf 80' lang='lat' dir='ltr'><strong>orgo:</strong></span> <span class='ocrx_word' id='word_1_86' title='bbox 1396 2085 1462 2167; x_wconf 85' lang='lat' dir='ltr'><strong>Giri</strong></span> <span class='ocrx_word' id='word_1_87' title='bbox 1492 2098 1523 2167; x_wconf 86' lang='lat' dir='ltr'><strong>si</strong></span> <span class='ocrx_word' id='word_1_88' title='bbox 1550 2099 1646 2172; x_wconf 84' lang='lat' dir='ltr'><strong>solen</strong></span> 
     </span>
     <span class='ocr_line' id='line_1_12' title="bbox 473 2212 1644 2311; baseline 0.003 -23"><span class='ocrx_word' id='word_1_89' title='bbox 473 2231 537 2288; x_wconf 82' lang='lat' dir='ltr'><strong>cen</strong></span> <span class='ocrx_word' id='word_1_90' title='bbox 562 2213 595 2285; x_wconf 85' lang='lat' dir='ltr'><strong>ie</strong></span> <span class='ocrx_word' id='word_1_91' title='bbox 617 2212 726 2303; x_wconf 82' lang='lat' dir='ltr'><strong>spade</strong></span> <span class='ocrx_word' id='word_1_92' title='bbox 747 2213 811 2304; x_wconf 85' lang='lat' dir='ltr'><strong>ser</strong></span> <span class='ocrx_word' id='word_1_93' title='bbox 835 2231 982 2305; x_wconf 69' lang='lat' dir='ltr'><strong>deoru,</strong></span> <span class='ocrx_word' id='word_1_94' title='bbox 1010 2212 1105 2287; x_wconf 86' lang='lat' dir='ltr'><strong>sicul</strong></span> <span class='ocrx_word' id='word_1_95' title='bbox 1127 2221 1294 2307; x_wconf 88' lang='lat' dir='ltr'><strong>ternpore</strong></span> <span class='ocrx_word' id='word_1_96' title='bbox 1316 2215 1555 2311; x_wconf 87' lang='lat' dir='ltr'><strong>antiquorum</strong></span> <span class='ocrx_word' id='word_1_97' title='bbox 1583 2238 1644 2291; x_wconf 91' lang='lat' dir='ltr'><strong>ro·</strong></span> 
     </span>
     <span class='ocr_line' id='line_1_13' title="bbox 475 2333 1645 2430; baseline 0.003 -23"><span class='ocrx_word' id='word_1_98' title='bbox 475 2352 682 2425; x_wconf 89' lang='lat' dir='ltr'><strong>manorum,</strong></span> <span class='ocrx_word' id='word_1_99' title='bbox 709 2352 768 2405; x_wconf 84' lang='lat' dir='ltr'><strong>neo</strong></span> <span class='ocrx_word' id='word_1_100' title='bbox 800 2353 844 2405; x_wconf 87' lang='lat' dir='ltr'><strong>or</strong></span> <span class='ocrx_word' id='word_1_101' title='bbox 872 2335 983 2427; x_wconf 67' lang='lat' dir='ltr'><strong>nso,</strong></span> <span class='ocrx_word' id='word_1_102' title='bbox 1008 2333 1155 2428; x_wconf 86' lang='lat' dir='ltr'><strong>scilicet,</strong></span> <span class='ocrx_word' id='word_1_103' title='bbox 1185 2355 1253 2429; x_wconf 89' lang='lat' dir='ltr'><strong>per</strong></span> <span class='ocrx_word' id='word_1_104' title='bbox 1281 2342 1445 2430; x_wconf 89' lang='lat' dir='ltr'><strong>pastores</strong></span> <span class='ocrx_word' id='word_1_105' title='bbox 1483 2336 1645 2414; x_wconf 83' lang='lat' dir='ltr'><strong>ecclesiae</strong></span> 
     </span>
     <span class='ocr_line' id='line_1_14' title="bbox 475 2453 1647 2552; baseline 0.003 -24"><span class='ocrx_word' id='word_1_106' title='bbox 475 2473 649 2547; x_wconf 80' lang='lat' dir='ltr'><strong>romanae,</strong></span> <span class='ocrx_word' id='word_1_107' title='bbox 675 2454 863 2547; x_wconf 77' lang='lat' dir='ltr'><strong>topiiendo,</strong></span> <span class='ocrx_word' id='word_1_108' title='bbox 880 2453 1026 2548; x_wconf 86' lang='lat' dir='ltr'><strong>scilicet,</strong></span> <span class='ocrx_word' id='word_1_109' title='bbox 1052 2474 1118 2549; x_wconf 89' lang='lat' dir='ltr'><strong>per</strong></span> <span class='ocrx_word' id='word_1_110' title='bbox 1143 2455 1576 2552; x_wconf 79' lang='lat' dir='ltr'><strong>excommunicationem,</strong></span> <span class='ocrx_word' id='word_1_111' title='bbox 1601 2478 1647 2531; x_wconf 91' lang='lat' dir='ltr'><strong>or</strong></span> 
     </span>
     <span class='ocr_line' id='line_1_15' title="bbox 474 2571 1646 2672; baseline 0.001 -23"><span class='ocrx_word' id='word_1_112' title='bbox 474 2576 533 2667; x_wconf 83' lang='lat' dir='ltr'><strong>qui</strong></span> <span class='ocrx_word' id='word_1_113' title='bbox 556 2592 602 2645; x_wconf 86' lang='lat' dir='ltr'><strong>nr</strong></span> <span class='ocrx_word' id='word_1_114' title='bbox 626 2575 733 2667; x_wconf 71' lang='lat' dir='ltr'><strong>moui,</strong></span> <span class='ocrx_word' id='word_1_115' title='bbox 762 2571 865 2669; x_wconf 77' lang='lat' dir='ltr'><strong>idest,</strong></span> <span class='ocrx_word' id='word_1_116' title='bbox 891 2593 989 2649; x_wconf 93' lang='lat' dir='ltr'><strong>nunc</strong></span> <span class='ocrx_word' id='word_1_117' title='bbox 1013 2574 1061 2648; x_wconf 91' lang='lat' dir='ltr'><strong>ab</strong></span> <span class='ocrx_word' id='word_1_118' title='bbox 1086 2573 1155 2649; x_wconf 90' lang='lat' dir='ltr'><strong>isto</strong></span> <span class='ocrx_word' id='word_1_119' title='bbox 1180 2596 1279 2649; x_wconf 92' lang='lat' dir='ltr'><strong>nunc</strong></span> <span class='ocrx_word' id='word_1_120' title='bbox 1310 2576 1358 2651; x_wconf 89' lang='lat' dir='ltr'><strong>ab</strong></span> <span class='ocrx_word' id='word_1_121' title='bbox 1387 2576 1459 2672; x_wconf 92' lang='lat' dir='ltr'><strong>illo,</strong></span> <span class='ocrx_word' id='word_1_122' title='bbox 1494 2580 1529 2650; x_wconf 86' lang='lat' dir='ltr'><strong>lo</strong></span> <span class='ocrx_word' id='word_1_123' title='bbox 1557 2598 1646 2670; x_wconf 82' lang='lat' dir='ltr'><strong>pan,</strong></span> 
     </span>
     <span class='ocr_line' id='line_1_16' title="bbox 476 2693 1644 2792; baseline -0.001 -19"><span class='ocrx_word' id='word_1_124' title='bbox 476 2693 622 2789; x_wconf 87' lang='lat' dir='ltr'><strong>scilicet,</strong></span> <span class='ocrx_word' id='word_1_125' title='bbox 640 2694 944 2769; x_wconf 81' lang='lat' dir='ltr'><strong>sacramentalem</strong></span> <span class='ocrx_word' id='word_1_126' title='bbox 971 2714 1039 2789; x_wconf 88' lang='lat' dir='ltr'><strong>per</strong></span> <span class='ocrx_word' id='word_1_127' title='bbox 1055 2694 1302 2790; x_wconf 85' lang='lat' dir='ltr'><strong>interdictum,</strong></span> <span class='ocrx_word' id='word_1_128' title='bbox 1320 2698 1380 2769; x_wconf 80' lang='lat' dir='ltr'><strong>cte</strong></span> <span class='ocrx_word' id='word_1_129' title='bbox 1391 2699 1418 2770; x_wconf 84' lang='lat' dir='ltr'><strong>’l</strong></span> <span class='ocrx_word' id='word_1_130' title='bbox 1431 2700 1493 2790; x_wconf 85' lang='lat' dir='ltr'><strong>pio</strong></span> <span class='ocrx_word' id='word_1_131' title='bbox 1513 2701 1644 2792; x_wconf 81' lang='lat' dir='ltr'><strong>padre,</strong></span> 
     </span>
     <span class='ocr_line' id='line_1_17' title="bbox 476 2813 1647 2912; baseline 0.007 -25"><span class='ocrx_word' id='word_1_132' title='bbox 476 2814 577 2911; x_wconf 86' lang='lat' dir='ltr'><strong>idest,</strong></span> <span class='ocrx_word' id='word_1_133' title='bbox 604 2813 812 2893; x_wconf 87' lang='lat' dir='ltr'><strong>misericors</strong></span> <span class='ocrx_word' id='word_1_134' title='bbox 836 2815 946 2907; x_wconf 85' lang='lat' dir='ltr'><strong>Deos,</strong></span> <span class='ocrx_word' id='word_1_135' title='bbox 972 2835 996 2887; x_wconf 89' lang='lat' dir='ltr'><strong>e</strong></span> <span class='ocrx_word' id='word_1_136' title='bbox 1020 2836 1146 2889; x_wconf 83' lang='lat' dir='ltr'><strong>cessure</strong></span> <span class='ocrx_word' id='word_1_137' title='bbox 1166 2836 1284 2911; x_wconf 83' lang='lat' dir='ltr'><strong>serre,</strong></span> <span class='ocrx_word' id='word_1_138' title='bbox 1303 2816 1407 2912; x_wconf 79' lang='lat' dir='ltr'><strong>idest,</strong></span> <span class='ocrx_word' id='word_1_139' title='bbox 1429 2819 1565 2893; x_wconf 90' lang='lat' dir='ltr'><strong>nemini</strong></span> <span class='ocrx_word' id='word_1_140' title='bbox 1581 2820 1647 2895; x_wconf 88' lang='lat' dir='ltr'><strong>do-</strong></span> 
     </span>
     <span class='ocr_line' id='line_1_18' title="bbox 476 2929 1645 3033; baseline 0.003 -24"><span class='ocrx_word' id='word_1_141' title='bbox 476 2940 594 3033; x_wconf 80' lang='lat' dir='ltr'><strong>nogat.</strong></span> <span class='ocrx_word' id='word_1_142' title='bbox 614 2934 679 3009; x_wconf 88' lang='lat' dir='ltr'><strong>liic</strong></span> <span class='ocrx_word' id='word_1_143' title='bbox 704 2941 828 3014; x_wconf 88' lang='lat' dir='ltr'><strong>lamen</strong></span> <span class='ocrx_word' id='word_1_144' title='bbox 847 2941 932 3009; x_wconf 84' lang='lat' dir='ltr'><strong>nota</strong></span> <span class='ocrx_word' id='word_1_145' title='bbox 953 2935 1051 3030; x_wconf 85' lang='lat' dir='ltr'><strong>quod</strong></span> <span class='ocrx_word' id='word_1_146' title='bbox 1072 2943 1237 3031; x_wconf 88' lang='lat' dir='ltr'><strong>pastores</strong></span> <span class='ocrx_word' id='word_1_147' title='bbox 1260 2937 1427 3015; x_wconf 74' lang='lat' dir='ltr'><strong>ecclesie·</strong></span> <span class='ocrx_word' id='word_1_148' title='bbox 1441 2947 1592 3033; x_wconf 86' lang='lat' dir='ltr'><strong>possunt</strong></span> <span class='ocrx_word' id='word_1_149' title='bbox 1608 2929 1645 3032; x_wconf 72' lang='lat'><strong>(³)</strong></span> 
     </span>
     <span class='ocr_line' id='line_1_19' title="bbox 475 3054 1645 3151; baseline 0.004 -23"><span class='ocrx_word' id='word_1_150' title='bbox 475 3054 570 3132; x_wconf 88' lang='lat' dir='ltr'><strong>licite</strong></span> <span class='ocrx_word' id='word_1_151' title='bbox 599 3060 636 3128; x_wconf 92' lang='lat' dir='ltr'><strong>et</strong></span> <span class='ocrx_word' id='word_1_152' title='bbox 660 3054 761 3149; x_wconf 86' lang='lat' dir='ltr'><strong>juste</strong></span> <span class='ocrx_word' id='word_1_153' title='bbox 790 3074 904 3151; x_wconf 83' lang='lat' dir='ltr'><strong>agere</strong></span> <span class='ocrx_word' id='word_1_154' title='bbox 934 3074 1001 3149; x_wconf 90' lang='lat' dir='ltr'><strong>per</strong></span> <span class='ocrx_word' id='word_1_155' title='bbox 1026 3056 1445 3144; x_wconf 85' lang='lat' dir='ltr'><strong>excommunicationem</strong></span> <span class='ocrx_word' id='word_1_156' title='bbox 1473 3064 1510 3133; x_wconf 91' lang='lat' dir='ltr'><strong>et</strong></span> <span class='ocrx_word' id='word_1_157' title='bbox 1535 3059 1645 3133; x_wconf 88' lang='lat' dir='ltr'><strong>etiam</strong></span> 
     </span>
     <span class='ocr_line' id='line_1_20' title="bbox 476 3173 1646 3274; baseline 0.001 -22"><span class='ocrx_word' id='word_1_158' title='bbox 476 3195 542 3270; x_wconf 87' lang='lat' dir='ltr'><strong>per</strong></span> <span class='ocrx_word' id='word_1_159' title='bbox 562 3193 702 3249; x_wconf 87' lang='lat' dir='ltr'><strong>ensem.</strong></span> <span class='ocrx_word' id='word_1_160' title='bbox 721 3173 824 3251; x_wconf 87' lang='lat' dir='ltr'><strong>Unde</strong></span> <span class='ocrx_word' id='word_1_161' title='bbox 841 3175 1055 3251; x_wconf 80' lang='lat' dir='ltr'><strong>Ambrosius</strong></span> <span class='ocrx_word' id='word_1_162' title='bbox 1072 3183 1110 3251; x_wconf 90' lang='lat' dir='ltr'><strong>et</strong></span> <span class='ocrx_word' id='word_1_163' title='bbox 1125 3177 1352 3274; x_wconf 81' lang='lat' dir='ltr'><strong>Augustinus</strong></span> <span class='ocrx_word' id='word_1_164' title='bbox 1377 3184 1446 3254; x_wconf 87' lang='lat' dir='ltr'><strong>etc.</strong></span> <span class='ocrx_word' id='word_1_165' title='bbox 1459 3220 1509 3233; x_wconf 96' lang='lat'><em>-</em></span> <span class='ocrx_word' id='word_1_166' title='bbox 1521 3184 1584 3253; x_wconf 79' lang='lat' dir='ltr'><strong>Mu</strong></span> <span class='ocrx_word' id='word_1_167' title='bbox 1600 3188 1646 3255; x_wconf 84' lang='lat' dir='ltr'><strong>tu.</strong></span> 
     </span>
     <span class='ocr_line' id='line_1_21' title="bbox 472 3290 1644 3395; baseline 0.003 -26"><span class='ocrx_word' id='word_1_168' title='bbox 472 3294 539 3371; x_wconf 86' lang='lat' dir='ltr'><strong>Hic</strong></span> <span class='ocrx_word' id='word_1_169' title='bbox 562 3294 681 3392; x_wconf 77' lang='lat' dir='ltr'><strong>gratia</strong></span> <span class='ocrx_word' id='word_1_170' title='bbox 698 3294 957 3390; x_wconf 81' lang='lat' dir='ltr'><strong>praedictorum</strong></span> <span class='ocrx_word' id='word_1_171' title='bbox 976 3302 1085 3371; x_wconf 86' lang='lat' dir='ltr'><strong>antor</strong></span> <span class='ocrx_word' id='word_1_172' title='bbox 1103 3296 1241 3372; x_wconf 86' lang='lat' dir='ltr'><strong>invehit</strong></span> <span class='ocrx_word' id='word_1_173' title='bbox 1256 3306 1384 3375; x_wconf 86' lang='lat' dir='ltr'><strong>contra</strong></span> <span class='ocrx_word' id='word_1_174' title='bbox 1407 3307 1590 3395; x_wconf 86' lang='lat' dir='ltr'><strong>pastorem</strong></span> <span class='ocrx_word' id='word_1_175' title='bbox 1607 3290 1644 3393; x_wconf 77' lang='lat'><strong>(⁸)</strong></span> 
     </span>
     <span class='ocr_line' id='line_1_22' title="bbox 475 3413 1647 3513; baseline 0.003 -25"><span class='ocrx_word' id='word_1_176' title='bbox 475 3413 697 3511; x_wconf 81' lang='lat' dir='ltr'><strong>ingenerali,</strong></span> <span class='ocrx_word' id='word_1_177' title='bbox 711 3414 852 3490; x_wconf 89' lang='lat' dir='ltr'><strong>dicens:</strong></span> <span class='ocrx_word' id='word_1_178' title='bbox 867 3420 929 3489; x_wconf 85' lang='lat' dir='ltr'><strong>Ma</strong></span> <span class='ocrx_word' id='word_1_179' title='bbox 942 3424 977 3490; x_wconf 89' lang='lat' dir='ltr'><strong>tu</strong></span> <span class='ocrx_word' id='word_1_180' title='bbox 990 3419 1531 3511; x_wconf 82' lang='lat' dir='ltr'><strong>ciescrioisolperccnccllnre,</strong></span> <span class='ocrx_word' id='word_1_181' title='bbox 1544 3420 1647 3513; x_wconf 89' lang='lat' dir='ltr'><strong>idest,</strong></span> 
     </span>
     <span class='ocr_line' id='line_1_23' title="bbox 475 3533 1649 3629; baseline 0.005 -22"><span class='ocrx_word' id='word_1_182' title='bbox 475 3554 540 3609; x_wconf 88' lang='lat' dir='ltr'><strong>vos</strong></span> <span class='ocrx_word' id='word_1_183' title='bbox 564 3533 705 3629; x_wconf 86' lang='lat' dir='ltr'><strong>praelati</strong></span> <span class='ocrx_word' id='word_1_184' title='bbox 731 3534 893 3609; x_wconf 83' lang='lat' dir='ltr'><strong>ecclesiae</strong></span> <span class='ocrx_word' id='word_1_185' title='bbox 914 3535 977 3629; x_wconf 87' lang='lat' dir='ltr'><strong>qui</strong></span> <span class='ocrx_word' id='word_1_186' title='bbox 996 3537 1325 3611; x_wconf 83' lang='lat' dir='ltr'><strong>excommunicatis</strong></span> <span class='ocrx_word' id='word_1_187' title='bbox 1342 3545 1379 3613; x_wconf 89' lang='lat' dir='ltr'><strong>et</strong></span> <span class='ocrx_word' id='word_1_188' title='bbox 1399 3538 1649 3613; x_wconf 88' lang='lat' dir='ltr'><strong>condemnatis</strong></span> 
     </span>
     <span class='ocr_line' id='line_1_24' title="bbox 475 3653 1648 3752; baseline 0.004 -23"><span class='ocrx_word' id='word_1_189' title='bbox 475 3653 593 3729; x_wconf 90' lang='lat' dir='ltr'><strong>solum</strong></span> <span class='ocrx_word' id='word_1_190' title='bbox 622 3674 688 3749; x_wconf 92' lang='lat' dir='ltr'><strong>pro</strong></span> <span class='ocrx_word' id='word_1_191' title='bbox 714 3654 882 3729; x_wconf 89' lang='lat' dir='ltr'><strong>habendo</strong></span> <span class='ocrx_word' id='word_1_192' title='bbox 907 3656 1114 3750; x_wconf 89' lang='lat' dir='ltr'><strong>pecuniam,</strong></span> <span class='ocrx_word' id='word_1_193' title='bbox 1140 3677 1226 3730; x_wconf 92' lang='lat' dir='ltr'><strong>cum</strong></span> <span class='ocrx_word' id='word_1_194' title='bbox 1252 3657 1497 3732; x_wconf 86' lang='lat' dir='ltr'><strong>cancellabitis</strong></span> <span class='ocrx_word' id='word_1_195' title='bbox 1523 3665 1648 3752; x_wconf 88' lang='lat' dir='ltr'><strong>postea</strong></span> 
     </span>
     <span class='ocr_line' id='line_1_25' title="bbox 476 3768 1649 3871; baseline 0.003 -23"><span class='ocrx_word' id='word_1_196' title='bbox 476 3774 872 3851; x_wconf 81' lang='lat' dir='ltr'><strong>excommunicationes</strong></span> <span class='ocrx_word' id='word_1_197' title='bbox 889 3782 1039 3851; x_wconf 85' lang='lat' dir='ltr'><strong>vestras.</strong></span> <span class='ocrx_word' id='word_1_198' title='bbox 1058 3777 1150 3851; x_wconf 89' lang='lat' dir='ltr'><strong>Nam</strong></span> <span class='ocrx_word' id='word_1_199' title='bbox 1168 3796 1265 3871; x_wconf 81' lang='lat' dir='ltr'><strong>saepe</strong></span> <span class='ocrx_word' id='word_1_200' title='bbox 1290 3776 1464 3852; x_wconf 86' lang='lat' dir='ltr'><strong>officiales</strong></span> <span class='ocrx_word' id='word_1_201' title='bbox 1475 3768 1512 3869; x_wconf 75' lang='lat'><strong>(⁵)</strong></span> <span class='ocrx_word' id='word_1_202' title='bbox 1530 3778 1649 3853; x_wconf 86' lang='lat' dir='ltr'><strong>eccle-</strong></span> 
     </span>
     <span class='ocr_line' id='line_1_26' title="bbox 476 3895 1649 3993; baseline 0.004 -26"><span class='ocrx_word' id='word_1_203' title='bbox 476 3896 539 3987; x_wconf 82' lang='lat' dir='ltr'><strong>sim</strong></span> <span class='ocrx_word' id='word_1_204' title='bbox 564 3895 757 3970; x_wconf 90' lang='lat' dir='ltr'><strong>lucrantur</strong></span> <span class='ocrx_word' id='word_1_205' title='bbox 783 3917 935 3993; x_wconf 76' lang='lat' dir='ltr'><strong>magnas</strong></span> <span class='ocrx_word' id='word_1_206' title='bbox 955 3896 1127 3990; x_wconf 89' lang='lat' dir='ltr'><strong>pecunias</strong></span> <span class='ocrx_word' id='word_1_207' title='bbox 1154 3916 1221 3991; x_wconf 95' lang='lat' dir='ltr'><strong>pro</strong></span> <span class='ocrx_word' id='word_1_208' title='bbox 1245 3897 1476 3973; x_wconf 89' lang='lat' dir='ltr'><strong>absolutionc</strong></span> <span class='ocrx_word' id='word_1_209' title='bbox 1496 3918 1649 3973; x_wconf 82' lang='lat' dir='ltr'><strong>excom·</strong></span> 
     </span>
     <span class='ocr_line' id='line_1_27' title="bbox 479 4014 1649 4112; baseline 0.001 -20"><span class='ocrx_word' id='word_1_210' title='bbox 479 4015 763 4109; x_wconf 88' lang='lat' dir='ltr'><strong>municatorum,</strong></span> <span class='ocrx_word' id='word_1_211' title='bbox 789 4014 885 4091; x_wconf 90' lang='lat' dir='ltr'><strong>sicut</strong></span> <span class='ocrx_word' id='word_1_212' title='bbox 909 4035 979 4112; x_wconf 81' lang='lat' dir='ltr'><strong>ego</strong></span> <span class='ocrx_word' id='word_1_213' title='bbox 1005 4015 1076 4091; x_wconf 85' lang='lat' dir='ltr'><strong>vidi</strong></span> <span class='ocrx_word' id='word_1_214' title='bbox 1103 4036 1176 4089; x_wconf 92' lang='lat' dir='ltr'><strong>non</strong></span> <span class='ocrx_word' id='word_1_215' title='bbox 1193 4021 1249 4091; x_wconf 81' lang='lat' dir='ltr'><strong>est</strong></span> <span class='ocrx_word' id='word_1_216' title='bbox 1265 4015 1324 4089; x_wconf 89' lang='lat' dir='ltr'><strong>diu</strong></span> <span class='ocrx_word' id='word_1_217' title='bbox 1348 4017 1385 4090; x_wconf 94' lang='lat' dir='ltr'><strong>in</strong></span> <span class='ocrx_word' id='word_1_218' title='bbox 1403 4038 1477 4091; x_wconf 93' lang='lat' dir='ltr'><strong>una</strong></span> <span class='ocrx_word' id='word_1_219' title='bbox 1502 4017 1649 4093; x_wconf 88' lang='lat' dir='ltr'><strong>civitate</strong></span> 
     </span>
     <span class='ocr_line' id='line_1_28' title="bbox 472 4136 1647 4234; baseline -0.001 -20"><span class='ocrx_word' id='word_1_220' title='bbox 472 4136 744 4232; x_wconf 50' lang='lat' dir='ltr'><strong>,Romandiolem</strong></span> <span class='ocrx_word' id='word_1_221' title='bbox 766 4156 879 4229; x_wconf 79' lang='lat' dir='ltr'><strong>petrau</strong></span> <span class='ocrx_word' id='word_1_222' title='bbox 903 4138 962 4209; x_wconf 79' lang='lat' dir='ltr'><strong>cie</strong></span> <span class='ocrx_word' id='word_1_223' title='bbox 988 4139 1105 4211; x_wconf 85' lang='lat' dir='ltr'><strong>Pietro</strong></span> <span class='ocrx_word' id='word_1_224' title='bbox 1130 4157 1149 4208; x_wconf 92' lang='lat' dir='ltr'><strong>e</strong></span> <span class='ocrx_word' id='word_1_225' title='bbox 1173 4140 1286 4210; x_wconf 86' lang='lat' dir='ltr'><strong>Pnolo</strong></span> <span class='ocrx_word' id='word_1_226' title='bbox 1306 4139 1365 4209; x_wconf 83' lang='lat' dir='ltr'><strong>cite</strong></span> <span class='ocrx_word' id='word_1_227' title='bbox 1390 4141 1539 4230; x_wconf 76' lang='lat' dir='ltr'><strong>morico,</strong></span> <span class='ocrx_word' id='word_1_228' title='bbox 1561 4139 1647 4234; x_wconf 86' lang='lat' dir='ltr'><strong>quia</strong></span> 
     </span>
     <span class='ocr_line' id='line_1_29' title="bbox 471 4255 1757 4351; baseline 0.002 -20"><span class='ocrx_word' id='word_1_229' title='bbox 471 4256 568 4338; x_wconf 68' lang='lat' dir='ltr'><strong>,aiter</strong></span> <span class='ocrx_word' id='word_1_230' title='bbox 593 4256 829 4351; x_wconf 86' lang='lat' dir='ltr'><strong>decapitatus,</strong></span> <span class='ocrx_word' id='word_1_231' title='bbox 851 4257 945 4331; x_wconf 88' lang='lat' dir='ltr'><strong>aller</strong></span> <span class='ocrx_word' id='word_1_232' title='bbox 970 4255 1179 4350; x_wconf 82' lang='lat' dir='ltr'><strong>crucifixus,</strong></span> <span class='ocrx_word' id='word_1_233' title='bbox 1194 4278 1262 4348; x_wconf 84' lang='lat' dir='ltr'><strong>per</strong></span> <span class='ocrx_word' id='word_1_234' title='bbox 1282 4260 1319 4330; x_wconf 84' lang='lat' dir='ltr'><strong>le</strong></span> <span class='ocrx_word' id='word_1_235' title='bbox 1344 4261 1451 4349; x_wconf 82' lang='lat' dir='ltr'><strong>nipno</strong></span> <span class='ocrx_word' id='word_1_236' title='bbox 1475 4260 1534 4332; x_wconf 82' lang='lat' dir='ltr'><strong>cite</strong></span> <span class='ocrx_word' id='word_1_237' title='bbox 1556 4280 1649 4351; x_wconf 78' lang='lat' dir='ltr'><strong>pue·</strong></span> <span class='ocrx_word' id='word_1_238' title='bbox 1753 4307 1757 4313; x_wconf 82' lang='lat'><strong>·</strong></span> 
     </span>
    </p>
   </div>
   <div class='ocr_carea' id='block_1_3' title="bbox 475 4472 1652 4996">
    <p class='ocr_par' dir='ltr' id='par_1_3' title="bbox 476 4472 1649 4613">
     <span class='ocr_line' id='line_1_30' title="bbox 534 4472 1649 4537; baseline 0.002 -15"><span class='ocrx_word' id='word_1_239' title='bbox 534 4472 561 4533; x_wconf 76' lang='lat'><strong>(¹)</strong></span> <span class='ocrx_word' id='word_1_240' title='bbox 578 4473 608 4522; x_wconf 82' lang='lat' dir='ltr'><strong>E.</strong></span> <span class='ocrx_word' id='word_1_241' title='bbox 626 4473 745 4537; x_wconf 74' lang='lat' dir='ltr'><strong>gratiam,</strong></span> <span class='ocrx_word' id='word_1_242' title='bbox 758 4473 856 4523; x_wconf 84' lang='lat' dir='ltr'><strong>scilicet</strong></span> <span class='ocrx_word' id='word_1_243' title='bbox 872 4473 975 4537; x_wconf 83' lang='lat' dir='ltr'><strong>quando</strong></span> <span class='ocrx_word' id='word_1_244' title='bbox 993 4485 1039 4536; x_wconf 91' lang='lat' dir='ltr'><strong>per</strong></span> <span class='ocrx_word' id='word_1_245' title='bbox 1055 4472 1351 4523; x_wconf 81' lang='lat' dir='ltr'><strong>excommunicationem</strong></span> <span class='ocrx_word' id='word_1_246' title='bbox 1369 4473 1410 4522; x_wconf 85' lang='lat' dir='ltr'><strong>rol</strong></span> <span class='ocrx_word' id='word_1_247' title='bbox 1428 4472 1595 4524; x_wconf 86' lang='lat' dir='ltr'><strong>interdictum</strong></span> <span class='ocrx_word' id='word_1_248' title='bbox 1608 4476 1649 4525; x_wconf 82' lang='lat' dir='ltr'><strong>rel</strong></span> 
     </span>
     <span class='ocr_line' id='line_1_31' title="bbox 476 4548 1272 4613; baseline 0 -15"><span class='ocrx_word' id='word_1_249' title='bbox 476 4549 553 4599; x_wconf 81' lang='lat' dir='ltr'><strong>allam</strong></span> <span class='ocrx_word' id='word_1_250' title='bbox 569 4562 706 4601; x_wconf 73' lang='lat' dir='ltr'><strong>censuram</strong></span> <span class='ocrx_word' id='word_1_251' title='bbox 724 4548 825 4612; x_wconf 81' lang='lat' dir='ltr'><strong>privant</strong></span> <span class='ocrx_word' id='word_1_252' title='bbox 841 4549 988 4613; x_wconf 81' lang='lat' dir='ltr'><strong>proximum</strong></span> <span class='ocrx_word' id='word_1_253' title='bbox 1005 4549 1079 4600; x_wconf 78' lang='lat' dir='ltr'><strong>dictis</strong></span> <span class='ocrx_word' id='word_1_254' title='bbox 1094 4548 1272 4599; x_wconf 77' lang='lat' dir='ltr'><strong>eaeremoniis.</strong></span> 
     </span>
    </p>

    <p class='ocr_par' dir='ltr' id='par_1_4' title="bbox 475 4624 1651 4767">
     <span class='ocr_line' id='line_1_32' title="bbox 537 4624 1651 4693; baseline -0.002 -14"><span class='ocrx_word' id='word_1_255' title='bbox 537 4626 566 4693; x_wconf 84' lang='lat' dir='ltr'><strong>l&#39;)</strong></span> <span class='ocrx_word' id='word_1_256' title='bbox 581 4626 612 4679; x_wconf 87' lang='lat' dir='ltr'><strong>E.</strong></span> <span class='ocrx_word' id='word_1_257' title='bbox 629 4626 700 4679; x_wconf 82' lang='lat' dir='ltr'><strong>dedii</strong></span> <span class='ocrx_word' id='word_1_258' title='bbox 715 4640 763 4691; x_wconf 91' lang='lat' dir='ltr'><strong>pro</strong></span> <span class='ocrx_word' id='word_1_259' title='bbox 785 4627 858 4677; x_wconf 83' lang='lat' dir='ltr'><strong>nohis</strong></span> <span class='ocrx_word' id='word_1_260' title='bbox 881 4629 939 4680; x_wconf 87' lang='lat' dir='ltr'><strong>eine</strong></span> <span class='ocrx_word' id='word_1_261' title='bbox 957 4627 1044 4690; x_wconf 85' lang='lat' dir='ltr'><strong>aliquo</strong></span> <span class='ocrx_word' id='word_1_262' title='bbox 1065 4628 1162 4691; x_wconf 68' lang='lat' dir='ltr'><strong>pretim</strong></span> <span class='ocrx_word' id='word_1_263' title='bbox 1180 4631 1271 4677; x_wconf 82' lang='lat' dir='ltr'><strong>contra</strong></span> <span class='ocrx_word' id='word_1_264' title='bbox 1292 4625 1357 4677; x_wconf 82' lang='lat' dir='ltr'><strong>illud</strong></span> <span class='ocrx_word' id='word_1_265' title='bbox 1378 4624 1493 4676; x_wconf 84' lang='lat' dir='ltr'><strong>eiusdem</strong></span> <span class='ocrx_word' id='word_1_266' title='bbox 1510 4624 1651 4678; x_wconf 68' lang='lat' dir='ltr'><strong>Mentoris</strong></span> 
     </span>
     <span class='ocr_line' id='line_1_33' title="bbox 475 4703 1228 4767; baseline -0.001 -15"><span class='ocrx_word' id='word_1_267' title='bbox 475 4705 661 4755; x_wconf 83' lang='lat' dir='ltr'><strong>documentum</strong></span> <span class='ocrx_word' id='word_1_268' title='bbox 678 4704 801 4754; x_wconf 86' lang='lat' dir='ltr'><strong>dicentis:</strong></span> <span class='ocrx_word' id='word_1_269' title='bbox 817 4705 898 4767; x_wconf 79' lang='lat' dir='ltr'><strong>prolia</strong></span> <span class='ocrx_word' id='word_1_270' title='bbox 913 4704 1050 4767; x_wconf 79' lang='lat' dir='ltr'><strong>accepistin,</strong></span> <span class='ocrx_word' id='word_1_271' title='bbox 1066 4703 1147 4767; x_wconf 64' lang='lat' dir='ltr'><strong>mutin</strong></span> <span class='ocrx_word' id='word_1_272' title='bbox 1162 4704 1228 4752; x_wconf 84' lang='lat' dir='ltr'><strong>dote.</strong></span> 
     </span>
    </p>

    <p class='ocr_par' dir='ltr' id='par_1_5' title="bbox 476 4778 1652 4996">
     <span class='ocr_line' id='line_1_34' title="bbox 536 4778 1652 4844; baseline 0.002 -13"><span class='ocrx_word' id='word_1_273' title='bbox 536 4778 565 4842; x_wconf 70' lang='lat' dir='ltr'><strong>d)</strong></span> <span class='ocrx_word' id='word_1_274' title='bbox 581 4779 612 4831; x_wconf 86' lang='lat' dir='ltr'><strong>E.</strong></span> <span class='ocrx_word' id='word_1_275' title='bbox 629 4786 736 4843; x_wconf 74' lang='lat' dir='ltr'><strong>puerum</strong></span> <span class='ocrx_word' id='word_1_276' title='bbox 748 4780 819 4844; x_wconf 78' lang='lat' dir='ltr'><strong>iusta</strong></span> <span class='ocrx_word' id='word_1_277' title='bbox 836 4784 864 4831; x_wconf 84' lang='lat' dir='ltr'><strong>et</strong></span> <span class='ocrx_word' id='word_1_278' title='bbox 882 4780 953 4831; x_wconf 86' lang='lat' dir='ltr'><strong>licite</strong></span> <span class='ocrx_word' id='word_1_279' title='bbox 973 4783 1066 4830; x_wconf 88' lang='lat' dir='ltr'><strong>contra</strong></span> <span class='ocrx_word' id='word_1_280' title='bbox 1086 4778 1263 4831; x_wconf 77' lang='lat' dir='ltr'><strong>inobedientes</strong></span> <span class='ocrx_word' id='word_1_281' title='bbox 1284 4790 1331 4841; x_wconf 81' lang='lat' dir='ltr'><strong>per</strong></span> <span class='ocrx_word' id='word_1_282' title='bbox 1355 4778 1652 4833; x_wconf 78' lang='lat' dir='ltr'><strong>excommunicationem</strong></span> 
     </span>
     <span class='ocr_line' id='line_1_35' title="bbox 476 4854 1652 4921; baseline 0.001 -15"><span class='ocrx_word' id='word_1_283' title='bbox 476 4868 562 4921; x_wconf 70' lang='lat' dir='ltr'><strong>agera,</strong></span> <span class='ocrx_word' id='word_1_284' title='bbox 577 4859 604 4905; x_wconf 88' lang='lat' dir='ltr'><strong>el</strong></span> <span class='ocrx_word' id='word_1_285' title='bbox 621 4869 737 4907; x_wconf 78' lang='lat' dir='ltr'><strong>censurae</strong></span> <span class='ocrx_word' id='word_1_286' title='bbox 753 4856 932 4907; x_wconf 77' lang='lat' dir='ltr'><strong>ecclesiasticae</strong></span> <span class='ocrx_word' id='word_1_287' title='bbox 953 4869 1041 4906; x_wconf 83' lang='lat' dir='ltr'><strong>ensem</strong></span> <span class='ocrx_word' id='word_1_288' title='bbox 1058 4856 1168 4915; x_wconf 83' lang='lat' dir='ltr'><strong>vibrare,</strong></span> <span class='ocrx_word' id='word_1_289' title='bbox 1186 4855 1247 4905; x_wconf 84' lang='lat' dir='ltr'><strong>licet</strong></span> <span class='ocrx_word' id='word_1_290' title='bbox 1262 4859 1340 4904; x_wconf 90' lang='lat' dir='ltr'><strong>autor</strong></span> <span class='ocrx_word' id='word_1_291' title='bbox 1355 4855 1405 4906; x_wconf 85' lang='lat' dir='ltr'><strong>nnc</strong></span> <span class='ocrx_word' id='word_1_292' title='bbox 1422 4868 1475 4904; x_wconf 89' lang='lat' dir='ltr'><strong>non</strong></span> <span class='ocrx_word' id='word_1_293' title='bbox 1490 4854 1652 4907; x_wconf 66' lang='lat' dir='ltr'><strong>merit</strong></span> 
     </span>
     <span class='ocr_line' id='line_1_36' title="bbox 477 4930 1264 4996; baseline -0.001 -13"><span class='ocrx_word' id='word_1_294' title='bbox 477 4932 552 4983; x_wconf 82' lang='lat' dir='ltr'><strong>dictis</strong></span> <span class='ocrx_word' id='word_1_295' title='bbox 567 4933 620 4983; x_wconf 85' lang='lat' dir='ltr'><strong>suis</strong></span> <span class='ocrx_word' id='word_1_296' title='bbox 637 4932 680 4983; x_wconf 84' lang='lat' dir='ltr'><strong>hie</strong></span> <span class='ocrx_word' id='word_1_297' title='bbox 696 4932 805 4983; x_wconf 88' lang='lat' dir='ltr'><strong>nimium</strong></span> <span class='ocrx_word' id='word_1_298' title='bbox 822 4932 992 4996; x_wconf 73' lang='lat' dir='ltr'><strong>generalibus.</strong></span> <span class='ocrx_word' id='word_1_299' title='bbox 1011 4932 1083 4981; x_wconf 87' lang='lat' dir='ltr'><strong>Unde</strong></span> <span class='ocrx_word' id='word_1_300' title='bbox 1100 4930 1264 4982; x_wconf 72' lang='lat' dir='ltr'><strong>Ambrosius.</strong></span> 
     </span>
    </p>
   </div>
   <div class='ocr_carea' id='block_1_4' title="bbox 540 5006 1568 5075">
    <p class='ocr_par' dir='ltr' id='par_1_6' title="bbox 540 5006 1568 5075">
     <span class='ocr_line' id='line_1_37' title="bbox 540 5006 1568 5075; baseline -0.001 -16"><span class='ocrx_word' id='word_1_301' title='bbox 540 5008 568 5072; x_wconf 62' lang='grc' dir='ltr'><strong>ι’)</strong></span> <span class='ocrx_word' id='word_1_302' title='bbox 583 5010 614 5060; x_wconf 84' lang='grc' dir='ltr'><strong>Ε.</strong></span> <span class='ocrx_word' id='word_1_303' title='bbox 631 5014 746 5073; x_wconf 82' lang='lat' dir='ltr'><strong>pastores</strong></span> <span class='ocrx_word' id='word_1_304' title='bbox 761 5010 877 5061; x_wconf 77' lang='lat' dir='ltr'><strong>ecclesian</strong></span> <span class='ocrx_word' id='word_1_305' title='bbox 893 5011 919 5060; x_wconf 92' lang='lat' dir='ltr'><strong>in</strong></span> <span class='ocrx_word' id='word_1_306' title='bbox 935 5010 1058 5075; x_wconf 70' lang='lat' dir='ltr'><strong>generali.</strong></span> <span class='ocrx_word' id='word_1_307' title='bbox 1246 5008 1275 5070; x_wconf 79' lang='lat'><strong>(¹)</strong></span> <span class='ocrx_word' id='word_1_308' title='bbox 1291 5008 1323 5059; x_wconf 77' lang='lat' dir='ltr'><strong>E.</strong></span> <span class='ocrx_word' id='word_1_309' title='bbox 1339 5008 1420 5073; x_wconf 79' lang='lat' dir='ltr'><strong>aliqui</strong></span> <span class='ocrx_word' id='word_1_310' title='bbox 1435 5006 1568 5060; x_wconf 84' lang='lat' dir='ltr'><strong>oillcialee.</strong></span> 
     </span>
    </p>
   </div>
   <div class='ocr_carea' id='block_1_5' title="bbox 0 0 2433 6642">
    <p class='ocr_par' dir='ltr' id='par_1_7' title="bbox 0 0 2433 6642">
     <span class='ocr_line' id='line_1_38' title="bbox 0 0 2433 6642; baseline 0 0"><span class='ocrx_word' id='word_1_311' title='bbox 0 0 2433 6642; x_wconf 95' lang='lat' dir='ltr'><strong> </strong></span> 
     </span>
    </p>
   </div>
  </div>
 </body>
</html>
