4842 6642
798 790 876 857 '510
1195 798 1400 856 combula
1424 797 1590 854 etnnntst

805 947 949 1045 signum
976 967 1067 1024 vere
1091 945 1248 1022 liberalis
1273 951 1328 1020 est
1352 943 1499 1040 quando
1531 963 1604 1018 non
1636 941 1780 1038 petitus,
1806 960 1880 1016 non
1913 960 1975 1016 ro·

804 1078 914 1165 gatus
937 1068 1059 1161 donat,
1085 1066 1179 1142 sicut
1203 1065 1288 1140 dicit
1317 1064 1551 1160 philosophus
1583 1062 1675 1138 libro
1707 1061 1911 1138 ethicorum
1939 1066 1976 1136 et

807 1189 1076 1264 rhetoricorum
1102 1194 1141 1262 et
1164 1205 1388 1282 magnorum
1414 1184 1631 1259 moralium:
1656 1203 1747 1281 ergo
1770 1183 1865 1258 bene
1891 1199 1976 1258 suc·

807 1329 936 1384 curres
952 1307 1010 1382 isti
1028 1305 1162 1404 petenti
1179 1313 1217 1382 et
1234 1305 1389 1402 roganti.
1405 1309 1510 1380 -Io
1527 1312 1567 1379 te.
1586 1305 1651 1380 ilic
1668 1303 1877 1380 bernardus
1894 1309 1977 1378 tan·

807 1428 860 1526 git
876 1428 965 1503 alias
983 1427 1138 1503 virtutes
1159 1445 1243 1522 quae
1260 1425 1424 1500 marine
1441 1425 1638 1520 placentin
1660 1423 1817 1499 muliere
1837 1423 1975 1520 regina,

808 1548 887 1624 sive
910 1547 1058 1622 domina
1085 1566 1240 1644 magna3
1262 1545 1360 1621 unde
1379 1545 1482 1620 dicit:
1505 1545 1749 1634 Municordiu
1768 1545 1925 1616 s'uduao
1940 1545 1978 1619 ia

810 1677 854 1764 te,
882 1667 968 1763 quia
993 1667 1213 1764 compateris
1238 1665 1380 1741 afflictis
1405 1673 1442 1742 et
1466 1665 1578 1742 llectis
1594 1664 1786 1740 dominum
1807 1672 1912 1739 tuum
1931 1663 1978 1739 ad

812 1787 1108 1882 misericordiam,
1134 1792 1172 1863 et
1197 1787 1311 1883 pietas
1336 1786 1522 1862 adunatur
1538 1785 1575 1860 in
1593 1792 1641 1880 te,
1659 1804 1743 1881 quae
1759 1785 1877 1860 virtus
1895 1781 1979 1860 ta'ctt

713 1949 716 1954 ·
810 1907 962 2005 diligere
979 1905 1134 2003 patriam
1154 1913 1191 1980 et
1207 1913 1397 2002 parentes3
1415 1909 1699 2000 emopnifioenzu
1714 1907 1868 1980 duduco
1880 1907 1919 1978 io
1935 1911 1979 1996 te,

811 2048 895 2123 quae
924 2027 1041 2103 virtus
1070 2027 1274 2125 presertim
1303 2026 1410 2103 decet
1442 2026 1697 2124 magnanimos
1728 2034 1765 2102 et
1794 2032 1980 2123 potentes3

810 2148 972 2224 consistit
996 2148 1093 2223 enim
1121 2148 1157 2221 in
1183 2147 1348 2222 iaciendo
1374 2169 1508 2243 magna
1533 2167 1702 2243 munera,
1729 2147 1823 2224 sicut
1849 2147 1982 2223 libera·

812 2268 892 2342 litas
917 2268 953 2342 in
978 2266 1182 2343 minoribus
1206 2267 1385 2362 expensis.
1404 2269 1449 2342 nt
1473 2267 1560 2362 quia
1586 2267 1666 2343 linis
1691 2269 1882 2365 proximus
1907 2287 1980 2342 non

814 2387 989 2488 permittit
1019 2387 1228 2464 discurrere
1261 2409 1327 2484 per
1361 2388 1521 2484 singulas
1555 2389 1708 2464 virtutes
1740 2389 1875 2482 ilarius,
1900 2387 1982 2462 ideo

815 2510 909 2586 bene
933 2507 1143 2584 Bernardus
1168 2507 1304 2605 colligit
1328 2528 1458 2584 omnes
1486 2507 1557 2584 sub
1591 2508 1772 2584 vocabulo
1800 2507 1982 2603 bonitatis,

813 2629 956 2705 dicens:
983 2635 1204 2721 mauroque
1229 2631 1267 2703 di
1290 2629 1452 2722 omum,
1469 2627 1572 2723 idest,
1591 2627 1765 2724 quicquid
1781 2627 1866 2703 boni
1885 2625 1984 2722 quod

814 2748 1089 2844 comprehendit
1113 2755 1150 2824 et
1173 2747 1338 2824 continet
1362 2768 1503 2824 ornnes
1516 2748 1681 2844 virtutes,
1707 2745 1729 2824 e*
1753 2751 1791 2822 ia
1815 2753 1985 2822 crcotmu

814 2874 843 2945 ε’
856 2873 977 2944 muno
1000 2873 1039 2944 ia
1063 2877 1107 2963 te,
1136 2869 1241 2965 quasi
1266 2868 1381 2944 dicat:
1404 2869 1502 2964 quod
1522 2869 1676 2966 singulae
1692 2869 1847 2944 virtutes
1864 2867 1985 2978 distri·
2045 2925 2049 2933 .

817 2990 917 3066 butte
934 2991 972 3065 in
991 2991 1142 3067 diversis
1167 2989 1347 3066 creaturis
1368 2989 1539 3064 humanis
1558 2995 1596 3066 et
1611 2987 1798 3104 angelicisz
1813 2989 1986 3064 facientes

816 3113 896 3188 illas
919 3111 1163 3188 diversimode
1193 3111 1387 3206 excellere,
1418 3117 1502 3184 sunt
1535 3117 1746 3208 aggregate
1777 3108 1987 3207 dignissime

815 3233 853 3308 in
879 3233 964 3326 ista;
991 3231 1040 3308 ita
1065 3231 1164 3326 qnod
1189 3238 1289 3307 casta
1315 3230 1503 3328 virginitas
1535 3251 1619 3327 quae
1653 3230 1769 3306 estin
1802 3227 1987 3326 spiritibus

817 3353 1020 3447 lunaribus,
1050 3351 1211 3448 prudeus
1235 3351 1436 3446 operositas
1461 3351 1752 3446 mercurialium,
1783 3347 1988 3446 benignitas

819 3474 877 3549 vel
894 3471 1051 3570 benigna
1068 3471 1200 3548 caritas
1219 3491 1479 3567 reuersurum,
1492 3471 1591 3548 clara
1605 3471 1781 3567 sapientia
1798 3469 1989 3562 solarium,

818 3593 939 3669 audax
965 3592 1140 3668 tortitudo
1162 3593 1397 3687 martialium,
1415 3591 1536 3668 inclita
1549 3591 1691 3688 justitia
1703 3591 1909 3689 tavialum,
1927 3609 1988 3664 so-

818 3714 934 3790 litaria
960 3713 1219 3809 contemplatio
1243 3713 1498 3807 saturnalium,
1524 3733 1654 3789 omncs
1680 3711 1896 3788 cumulatim
1929 3729 1990 3786 re·

819 3834 1012 3929 pariuntur
1037 3834 1074 3908 in
1100 3832 1168 3921 ista
1193 3833 1341 3908 domina
1367 3831 1645 3930 perfectissima3
1671 3833 1722 3907 ita
1751 3831 1863 3907 ardor
1888 3850 1990 3906 sera-

820 3953 1043 4048 phinornm‚.
1064 3953 1236 4050 splendor
1268 3953 1555 4029 cherubinorum
1589 3959 1670 4044 etc,
1703 3951 1752 4026 ita
1786 3950 1991 4034 amabilitas

823 4073 1003 4168 Rachelis,
1017 4071 1191 4169 sapientia
1205 4073 1392 4167 Rebecca,
1410 4071 1561 4148 fidelitas
1578 4072 1678 4148 Sarae
1695 4077 1764 4148 etc.
1783 4071 1879 4168 Ergo
1896 4069 1992 4145 bene

823 4213 870 4269 ex
898 4191 953 4268 his
977 4198 1015 4268 et
1039 4192 1118 4268 aliis
1143 4193 1267 4267 multis
1288 4193 1372 4269 licet
1387 4193 1624 4270 concludere:
1643 4200 1683 4268 tn
1703 4199 1816 4290 potes,
1834 4192 1915 4288 scis,
1936 4189 1992 4267 ris

825 4320 862 4390 et
888 4313 999 4389 debes
1024 4313 1201 4390 exarrdire
1226 4314 1468 4389 humillimam
1492 4315 1791 4410 supplicationem
1818 4311 1992 4408 petenti13

824 4441 928 4530 potes
953 4433 1063 4529 enim,
1082 4434 1169 4529 qnia
1194 4455 1235 4510 es
1260 4435 1387 4531 regina
1411 4435 1789 4532 magnificentissima5
1807 4433 1888 4529 scis,
1906 4431 1992 4528 quia

822 4575 864 4630 es
890 4553 1165 4649 sapientissima,
1191 4555 1278 4650 qnia
1303 4554 1503 4630 increatam
1536 4555 1749 4651 sapientiam
1778 4552 1935 4628 habuisti
1957 4551 1994 4626 in

824 4681 860 4750 te
885 4673 1082 4769 inclusam3
1108 4673 1174 4771 vis,
1201 4674 1286 4771 quia
1313 4695 1353 4751 es
1387 4682 1505 4751 mater
1530 4675 1810 4752 clementissima
1842 4680 1880 4750 ct
1910 4671 1995 4770 piis-

823 4795 936 4890 sima3
962 4803 999 4871 et
1023 4795 1145 4892 debes,
1167 4796 1254 4892 quia
1280 4802 1365 4872 nata
1389 4795 1436 4872 dc
1461 4796 1571 4892 stirpe
1589 4795 1698 4872 nobili
1715 4795 1841 4891 David,
1867 4801 1905 4870 et
1928 4816 1995 4872 no·

826 4915 998 4991 bilissimo
1024 4916 1174 5013 principi
1191 4917 1327 4992 sociata
1345 4924 1413 4993 etc.
1431 4957 1480 4974 -
1498 4923 1549 4994 Or
1566 4921 1683 5012 quoti.
1705 4917 1770 4992 ilic
1786 4917 1996 4993 bernardus
