4842 6642
792 854 931 911 CANTUS
954 856 1114 912 DECIMUS
1138 856 1308 913 ocultus.
1566 849 1636 915 225

458 998 651 1096 justitiam,
671 1004 731 1075 cite
754 1001 884 1093 morbi,
911 1001 1013 1095 idest,
1038 1001 1211 1097 dignetur
1237 1002 1421 1096 respicere
1449 1003 1635 1098 deorsum,

461 1112 543 1195 ond'
555 1142 631 1195 cccc
653 1124 682 1195 il
701 1126 800 1215 mmo
825 1123 886 1195 cte
911 1124 1004 1195 viria
1028 1124 1056 1195 il
1078 1129 1136 1195 tuo
1161 1126 1305 1214 ruppio,
1331 1122 1433 1219 idest,
1459 1124 1636 1220 cupiditas

462 1247 499 1319 et
522 1241 674 1317 ambitio
700 1249 889 1337 pastorum
916 1242 1091 1337 ecclesie,
1118 1262 1203 1337 quae
1228 1242 1385 1318 oliuscat
1412 1251 1513 1319 tuam
1540 1265 1636 1340 prae·

463 1363 600 1439 claram
623 1362 814 1458 justitiam,
841 1362 933 1438 sicut
950 1362 1083 1437 tumus
1117 1363 1261 1438 radium
1288 1363 1383 1437 solis.
1415 1364 1460 1438 Et
1493 1364 1637 1438 invocat

463 1482 555 1556 iram
583 1482 648 1557 Dei
669 1502 781 1578 super
798 1490 961 1579 pastores
977 1483 1025 1558 ad
1041 1483 1329 1580 extinguendam
1346 1476 1383 1577 (¹)
1396 1484 1535 1580 justam
1557 1483 1638 1557 vin·

463 1602 595 1677 dictam
623 1603 670 1680 de
696 1603 780 1699 ipsis
805 1604 937 1679 iniuste
962 1604 1204 1680 vendentibus
1229 1612 1267 1678 et
1292 1606 1499 1680 ementibus
1518 1625 1635 1700 sacra,
1683 1690 1687 1697 ¹

465 1724 558 1798 sicut
577 1723 665 1797 olim
684 1724 779 1817 lecit,
797 1726 944 1819 quando
961 1725 1054 1799 irate
1071 1725 1212 1820 expulit
1235 1726 1462 1821 negotiantes
1478 1725 1524 1800 de
1540 1732 1635 1799 tem-

465 1844 535 1938 plo.
551 1843 652 1918 Unde
665 1842 805 1918 subdit:
819 1838 849 1917 e
862 1847 922 1918 clte
933 1848 1088 1918 un'ultra
1101 1848 1190 1937 liuta
1206 1848 1303 1918 omni
1317 1848 1346 1918 ε’
1355 1848 1464 1937 aditi,
1481 1846 1571 1920 idest
1583 1836 1634 1937 (¹),

465 1964 514 2039 ita
541 1963 699 2038 miretur
724 1963 799 2059 ipsa
825 1963 946 2038 divina
973 1984 1077 2039 mens
1102 1964 1202 2059 quod
1228 1965 1364 2039 iterum
1398 1964 1531 2038 amodo
1563 1964 1637 2039 ira-

462 2090 599 2180 scatur,
626 2084 712 2180 quia
738 2090 883 2181 tempus
908 2092 975 2180 est,
1000 2088 1058 2161 dcl
1080 2106 1288 2179 comparare
1314 2107 1333 2158 e
1358 2088 1487 2158 vender
1512 2089 1636 2160 dentre

465 2207 504 2279 ul
526 2207 664 2299 templu,
694 2205 841 2300 quando
857 2197 893 2297 (³)
921 2205 1028 2279 dixit:
1054 2211 1190 2279 Domus
1209 2226 1287 2279 mea
1304 2213 1373 2281 etc.
1395 2207 1440 2279 Et
1456 2205 1560 2280 dicit:
1578 2208 1638 2278 cte

463 2328 494 2397 si
510 2317 613 2398 mord
629 2328 668 2398 di
687 2344 821 2416 sanpuc
836 2347 856 2398 e
871 2328 910 2399 di
925 2330 1078 2417 marum,
1104 2327 1190 2421 quia
1218 2326 1371 2401 ecclesia
1396 2325 1462 2401 liei
1488 2325 1635 2399 lundata

467 2452 505 2519 et
529 2443 677 2519 firmata
694 2444 762 2519 luit
778 2435 816 2538 (⁸)
835 2452 960 2547 sancto
978 2446 1156 2542 sanguine
1174 2446 1305 2521 Christi
1323 2453 1361 2521 et
1377 2446 1534 2521 aliorum
1552 2432 1639 2519 sanss

466 2572 612 2641 ctorum
643 2572 862 2663 martyrum.
889 2567 933 2640 Et
958 2566 994 2639 in
1022 2567 1089 2640 boc
1115 2567 1240 2662 arguit
1273 2568 1442 2663 praelatos
1473 2566 1635 2641 ecclesiae

469 2687 532 2783 qui
558 2686 757 2761 simoniace
772 2678 808 2779 (ὅ)
835 2686 923 2761 dant
947 2694 984 2761 et
1009 2686 1192 2781 accipiunt
1219 2708 1335 2763 sacra.
1355 2688 1400 2761 m
1428 2687 1486 2762 lric
1507 2693 1638 2761 notan-

466 2808 554 2883 dum
581 2806 680 2901 quod
698 2807 862 2883 Christus
880 2807 978 2881 solus
995 2807 1135 2901 expulit
1152 2813 1291 2881 tantam
1310 2808 1457 2881 turbam
1475 2827 1523 2881 ex
1541 2814 1637 2881 tem-

468 2928 537 3023 plo,
555 2928 641 3023 quia
663 2925 855 3001 emittebat
872 2948 919 3000 ex
940 2926 1031 3001 facie
1051 2948 1118 3001 sua
1137 2926 1337 3002 terribilem
1358 2929 1545 3001 dammam
1566 2932 1634 3000 etc

466 3049 558 3122 Nota
584 3045 693 3121 etiam
722 3046 820 3140 quod
837 3036 873 3138 (⁶)
900 3045 1063 3133 Christus
1088 3046 1210 3141 aliqua
1239 3047 1323 3122 iecit
1347 3048 1637 3122 seculariter.-

471 3169 668 3241 Omittzia.
695 3165 760 3240 Hic
785 3172 895 3240 autor
920 3168 1100 3241 convertit
1125 3188 1231 3241 suam
1258 3168 1461 3242 orationem
1488 3167 1535 3241 ad
1560 3166 1639 3239 illos

467 3288 605 3381 beatos,
623 3286 686 3380 qui
712 3294 890 3383 apparent
914 3286 951 3360 in
977 3306 1082 3382 spera
1102 3288 1210 3381 iovis,
1229 3308 1391 3383 qnorum
1417 3289 1535 3386 gloria
1551 3308 1640 3362 oon-

467 3408 557 3483 sistit
581 3408 617 3481 in
638 3406 778 3503 justitia
805 3428 917 3501 quam
945 3407 1157 3483 babuerunt
1174 3408 1209 3481 in
1228 3416 1342 3503 terra,
1359 3408 1504 3484 dicens:
1527 3412 1640 3482 Omi-

467 3532 564 3622 data,
598 3528 684 3623 quia
716 3526 771 3601 isti
802 3528 952 3603 luerunt
987 3528 1054 3601 viri
1089 3529 1264 3605 militares
1288 3520 1325 3622 (⁷)
1362 3531 1570 3605 laborantes
1604 3540 1641 3603 et

467 3654 651 3725 certantes
680 3668 745 3743 pro
773 3648 924 3743 justitia,
944 3668 1010 3742 pro
1031 3648 1209 3742 libertate,
1237 3670 1304 3743 pro
1330 3651 1516 3724 communi
1542 3651 1639 3725 bono

468 3769 689 3864 reipublice,
716 3788 783 3863 pro
808 3768 1042 3863 ampliatione
1068 3774 1105 3841 et
1130 3771 1408 3845 conservatione
1433 3772 1575 3866 imperii
1602 3778 1640 3845 et

470 3907 691 3984 regnorum3
710 3894 748 3963 et
765 3888 869 3962 dicit:
895 3891 952 3961 det
967 3891 1031 3961 ciet
1051 3891 1104 3961 cu'
1120 3892 1155 3961 io
1175 3893 1380 3983 contempto,
1402 3890 1504 3985 idest,
1522 3912 1639 3987 sperae

468 4008 566 4083 iovis
590 4030 702 4104 quam
736 4029 834 4082 nunc
864 4008 1054 4083 considero
1081 4010 1350 4103 speculabiliter
1380 4018 1421 4084 ut
1450 4011 1548 4085 illam
1574 4012 1639 4085 de

530 4210 558 4271 (Ἰ
574 4210 599 4259 S.
614 4224 630 4259 e
648 4211 678 4262 E.
695 4212 727 4261 ad
742 4210 894 4275 exigendum
907 4212 1005 4274 justum

529 4290 557 4348 (¹)
574 4288 604 4338 E.
620 4289 694 4349 idest,
711 4288 840 4343 turbetur.
857 4288 933 4338 aliter
949 4292 1059 4338 miretur
1075 4290 1109 4338 itu
1126 4290 1211 4339 divina
1228 4304 1309 4340 mens.

529 4367 555 4427 (⁸)
572 4366 602 4417 Ε.
619 4366 722 4431 quando
738 4366 792 4429 ipae
809 4365 877 4415 idem
895 4366 1020 4415 bominac
1036 4371 1124 4415 noster
1141 4367 1217 4417 lesus
1232 4368 1349 4417 Christus
1364 4368 1437 4418 dixit

530 4444 557 4505 (¹)
574 4444 604 4493 E.
620 4443 670 4494 luit
695 4444 878 4506 pretiosissimo
901 4444 1023 4505 sangiune
1052 4444 1130 4505 ipsius
1156 4444 1260 4495 llomlnl
1285 4444 1346 4495 lesu
1378 4445 1473 4497 Christi
1498 4446 1639 4498 Salutaris

467 4520 549 4570 nostri
565 4525 592 4570 et
608 4520 730 4571 aliorum.

528 4596 556 4657 ι’)
572 4596 604 4646 13.
619 4598 758 4647 simoniace
774 4596 912 4660 ullquaudo
928 4596 990 4646 dant
1005 4602 1031 4647 et
1047 4596 1177 4660 accipiunt
1198 4602 1358 4648 sacramenta
1378 4598 1494 4649 eiusdem
1515 4600 1640 4651 ecclesie.

468 4672 501 4723 Bt
518 4672 560 4723 laic
575 4679 637 4723 nolu
652 4674 723 4736 quod
738 4674 791 4736 lpse
807 4674 878 4723 solus
893 4672 1020 4722 marinus
1035 4676 1124 4724 noster
1139 4674 1214 4723 lesus
1228 4672 1346 4724 cbristus
1360 4676 1468 4738 expulit.

529 4748 556 4811 (⁸)
573 4750 604 4799 lt
620 4750 690 4813 quod
706 4751 761 4813 lpse
777 4750 895 4800 Salvator
910 4754 999 4800 noster
1015 4750 1213 4812 pretiosissimus
1229 4750 1356 4801 martum
1372 4758 1460 4803 noster
1474 4752 1551 4804 iesus
1564 4753 1642 4806 curi-

468 4832 523 4877 stus
538 4826 608 4877 ultra
623 4826 766 4889 spiritualia
776 4828 855 4889 ipsius
866 4830 936 4889 gesta
947 4826 1081 4889 magnilica
1093 4826 1155 4878 lecit
1168 4830 1247 4877 etiam
1263 4826 1423 4879 woularlter
1439 4828 1489 4879 alin
1505 4830 1601 4895 aliqua.
1610 4856 1641 4867 -

473 4904 496 4954 0
509 4904 618 4955 notizie

533 4978 560 5041 (Ἴ)
577 4980 603 5029 S.
619 4980 766 5031 militantes.

603 5089 629 5133 V.
1483 5092 1509 5134 ld
