4842 6642
790 847 858 914 156
1178 859 1385 916 concanora
1409 862 1576 915 naunnrsr

786 995 873 1080 sord
899 1009 971 1078 mni
996 1005 1138 1078 mirabel
1160 1026 1244 1078 cosa
1273 1028 1310 1080 se
1340 1015 1375 1080 tu
1405 1009 1462 1100 sai
1492 1009 1528 1079 lu
1560 1014 1660 1098 pente
1683 1010 1824 1098 plener
1855 1010 1893 1081 di
1926 1017 1958 1082 te

787 1121 953 1220 qunppid,
992 1123 1136 1220 scilicet,
1163 1125 1200 1198 in
1230 1126 1299 1200 isto
1329 1126 1468 1201 mundo
1498 1127 1655 1221 mortali,
1685 1129 1774 1201 done
1803 1131 1827 1201 l’
1839 1133 1958 1222 uffetto

786 1253 908 1320 nostm
934 1249 1074 1338 lorrpue,
1101 1245 1204 1341 idest,
1231 1246 1293 1320 ubi
1318 1246 1500 1342 appetitus
1525 1254 1649 1321 noster
1674 1255 1870 1344 corruptus
1894 1250 1960 1325 de-

787 1373 983 1461 torquetur
1000 1389 1022 1442 a
1043 1367 1102 1442 via
1123 1387 1223 1441 verae
1242 1367 1421 1442 felicitatis
1437 1373 1475 1442 et
1490 1367 1629 1464 gloriae.
1644 1367 1688 1440 Et
1699 1389 1787 1444 ecco
1806 1390 1956 1446 causam

788 1508 906 1581 quare
931 1509 1005 1562 non
1033 1485 1214 1562 mirabor:
1240 1489 1312 1581 cte,
1341 1487 1442 1581 idest,
1469 1487 1567 1582 quia,
1600 1492 1635 1562 io
1666 1510 1720 1563 me
1750 1511 1793 1564 ne
1826 1495 1958 1582 obitui

788 1600 824 1682 ld
849 1613 937 1682 done
961 1612 1112 1702 appetito
1129 1630 1201 1681 non
1225 1612 1257 1680 si
1281 1616 1388 1699 torce,
1405 1607 1507 1702 idest,
1530 1609 1593 1682 uhi
1618 1609 1799 1704 appetitus
1825 1611 1958 1686 huma·

790 1749 860 1803 nus
886 1737 941 1802 cst
968 1735 1090 1803 rectus
1116 1733 1153 1802 et
1179 1728 1352 1802 obediens
1381 1727 1528 1821 rationi,
1563 1728 1627 1802 sed
1655 1730 1804 1824 exponit
1830 1752 1871 1806 se
1903 1730 1957 1806 di-

786 1869 892 1923 cens:
913 1852 990 1922 dico
1008 1851 1065 1920 net
1079 1851 1174 1921 delo.
1193 1847 1264 1921 Sed
1282 1848 1339 1921 hic
1359 1847 1480 1921 statim
1499 1848 1618 1923 oritur
1635 1850 1762 1944 pulcra
1782 1852 1955 1946 quaestio:

786 1969 971 2062 quomodo
996 1975 1107 2043 autor
1135 1968 1254 2063 potuit
1285 1968 1423 2044 habere
1451 1969 1652 2064 appetitum
1684 1970 1799 2044 inanis
1828 1973 1955 2070 glorie

785 2089 982 2186 sanguinis,
1008 2110 1094 2165 cum
1128 2088 1208 2163 talis
1235 2088 1401 2163 nobilitas
1416 2081 1454 2181 (¹)
1480 2110 1553 2164 non
1579 2090 1624 2163 sit
1649 2090 1709 2183 ibi,
1742 2111 1810 2166 nec
1843 2092 1953 2167 etiam

785 2212 897 2306 possit
921 2211 970 2285 ihi
995 2211 1126 2307 appeti,
1153 2210 1239 2306 quia
1265 2210 1313 2284 ihi
1335 2231 1408 2284 non
1426 2216 1641 2306 potestesse
1658 2217 1874 2305 peccatum?
1894 2213 1956 2286 lli·

785 2333 942 2408 cendum
969 2333 1130 2407 breviter
1156 2332 1256 2426 quod
1280 2338 1390 2406 antor
1416 2332 1579 2425 loquitur
1603 2332 1650 2406 de
1675 2332 1842 2426 paradiso
1875 2355 1955 2408 mo-

785 2453 873 2547 rali3
900 2460 980 2527 erat
1006 2453 1103 2528 enim
1131 2473 1229 2526 nnnc
1256 2453 1463 2526 mentaliter
1489 2473 1562 2527 non
1588 2453 1747 2547 realiter,
1773 2473 1954 2530 necuere

786 2575 823 2648 in
849 2575 954 2649 coelo.
981 2573 1087 2648 blodo
1112 2580 1222 2648 antor
1247 2593 1321 2647 non
1340 2573 1418 2647 vult
1434 2573 1604 2649 addicere
1619 2566 1657 2666 (²)
1675 2574 1741 2648 nisi
1759 2574 1857 2668 quod
1874 2581 1954 2650 tan·

785 2702 844 2770 tus
870 2701 906 2770 et
932 2703 1007 2768 tam
1035 2695 1136 2770 iortis
1161 2702 1217 2769 est
1241 2694 1422 2789 appetitus
1446 2695 1585 2791 gloriae,
1610 2694 1708 2790 quod
1735 2715 1808 2768 non
1833 2696 1952 2770 solum

785 2816 921 2891 invadit
953 2821 1096 2890 mentes
1125 2821 1292 2890 terrenas
1304 2804 1341 2908 (³)
1378 2815 1569 2890 hominum
1605 2815 1813 2890 vacantium
1850 2816 1952 2891 vanis

786 2936 925 3030 mundi,
951 2935 1014 3010 sed
1040 2935 1149 3010 etiam
1179 2941 1320 3009 mentes
1344 2935 1511 3009 coelestcs
1542 2934 1751 3008 vacantium
1785 2937 1952 3030 specula-

784 3057 871 3132 tioni
881 3055 1102 3148 diuinorum,
1112 3055 1205 3129 sicut
1219 3055 1516 3150 philosophorum
1530 3061 1568 3130 ot
1581 3056 1848 3152 theologorum.
1859 3057 1951 3132 Nam

783 3175 888 3250 multi
915 3177 1038 3272 magni
1064 3183 1101 3250 et
1127 3176 1242 3250 sancti
1261 3175 1429 3251 doctores
1448 3179 1614 3251 lecerunt
1634 3177 1789 3251 libenter
1808 3198 1951 3253 memo·

784 3295 876 3372 riam
903 3305 940 3372 et
965 3296 1111 3372 laudem
1138 3297 1185 3370 dc
1209 3296 1285 3370 suis
1303 3297 1515 3391 parentibus
1541 3304 1578 3371 et
1602 3297 1949 3393 praedecessoribus,

782 3437 829 3492 ox
855 3418 923 3493 hoc
949 3417 1043 3493 lorte
1068 3417 1222 3490 nimium
1248 3417 1392 3513 gloriati
1409 3424 1447 3491 et
1464 3436 1575 3512 super
1596 3418 1801 3492 veritatem.
1816 3425 1951 3494 -Ben

780 3541 885 3612 se'tu.
912 3539 977 3612 Hic
1001 3545 1111 3612 autor
1136 3539 1267 3634 probat
1292 3538 1391 3632 quod
1416 3538 1505 3612 dixit
1520 3526 1557 3628 (⁸)
1582 3537 1629 3611 de
1653 3538 1851 3633 nobilitate,
1881 3541 1951 3616 sci·

781 3660 864 3733 licet
889 3661 988 3753 quod
1005 3661 1051 3733 sit
1068 3681 1195 3754 pauca,
1214 3659 1301 3752 quia
1319 3659 1440 3732 brevis
1457 3666 1523 3752 est,
1542 3666 1579 3733 et
1595 3659 1667 3732 cito
1681 3657 1817 3733 linitur.
1831 3660 1897 3734 llic
1911 3653 1948 3752 (⁶)

781 3789 907 3856 antem
940 3780 1111 3876 exprimit
1142 3780 1211 3854 suh
1243 3779 1490 3875 propriissima
1526 3780 1740 3874 metaphora
1775 3781 1949 3875 mantelii,

781 3901 920 3976 dicens:
953 3907 1015 3991 Tu,
1040 3899 1178 3995 supple,
1206 3900 1382 3991 nobilitas,
1408 3901 1474 3972 ben
1502 3902 1548 3973 se
1562 3906 1706 3992 manem·
1732 3899 1946 3975 sicutenim

783 4021 997 4094 mantellum
1025 4020 1113 4115 tegit
1137 4025 1174 4093 et
1200 4019 1298 4093 velat
1322 4039 1470 4093 omnem
1489 4024 1745 4113 paupertatem
1763 4026 1801 4094 et
1818 4039 1949 4094 macn-

781 4139 853 4213 lam
880 4159 1099 4234 pannorum,
1126 4138 1174 4212 ita
1201 4138 1368 4212 nobilitas
1393 4139 1580 4235 sanguinis
1607 4137 1701 4213 celat
1725 4145 1764 4213 et
1788 4139 1950 4215 occultat

780 4261 955 4334 vilitatem
981 4266 1018 4334 et
1043 4259 1307 4354 turpitudinem
1324 4259 1495 4333 vitiorum
1515 4259 1817 4353 intrinsecorum3
1840 4267 1878 4336 et
1894 4261 1950 4336 di·

780 4381 848 4456 cit:
862 4383 921 4453 cle
934 4387 1020 4454 tosto
1037 4401 1216 4470 ruccoree,
1235 4379 1338 4474 idest,
1355 4379 1569 4455 diminueris
1586 4379 1624 4453 in
1642 4380 1747 4454 brevi
1766 4387 1950 4477 tempore,

781 4502 879 4576 unde
908 4502 1011 4576 dicit:
1037 4494 1067 4574 sl
1091 4503 1151 4574 obe
1176 4503 1210 4574 lo
1237 4507 1349 4593 tempo
1379 4522 1426 4574 vo
1456 4503 1644 4574 d’iotorno
1679 4521 1746 4574 corr
1777 4504 1946 4595 tesorce,

781 4622 929 4715 scilicet,
954 4621 1157 4697 auterendo
1174 4627 1211 4695 et
1229 4620 1440 4696 delalcaudo
1465 4620 1653 4716 paullatim
1677 4620 1775 4696 illam
1792 4642 1815 4696 a
1833 4622 1950 4714 nohis,

780 4741 874 4817 sicut
891 4749 1012 4815 sartor
1029 4761 1117 4817 cum
1136 4740 1320 4816 lorlicihus
1338 4741 1464 4816 recidit
1481 4748 1518 4815 et
1535 4747 1678 4816 resecat
1693 4740 1741 4814 de
1756 4739 1949 4837 chlamyde

842 4929 869 4992 (¹)
884 4929 915 4979 ll.
931 4929 1058 4980 voluntas.
1128 4929 1155 4990 (¹)
1172 4929 1203 4978 li.
1220 4927 1291 4978 allud
1308 4928 1404 4978 dicere.
1480 4926 1507 4990 ι’)
1523 4927 1554 4978 ll.
1570 4931 1671 4977 mentes
1686 4932 1789 4976 teneras
1803 4926 1949 4977 hominum.

842 5006 870 5068 (·)
886 5003 917 5054 Ε.
933 5003 1041 5056 dixerat.
1130 5005 1156 5068 (¹)
1174 5009 1197 5066 t,
1215 5005 1265 5054 llic
1280 5009 1357 5054 autor
1372 5004 1542 5068 exprimit-
1552 5003 1584 5054 ll.
1599 5002 1659 5054 lloc
1675 5008 1763 5054 antem
1778 5003 1909 5066 exprimit.
