4842 6642
730 878 869 934 emus
894 877 1111 933 susumus
1136 876 1300 930 nunnus.
1517 826 1599 928 v517

429 1023 636 1122 Purgatorii
650 1023 747 1098 finali
760 1022 930 1118 capitulo.
939 1023 985 1097 Et
996 1021 1119 1098 subdit
1139 1021 1337 1097 secundam
1356 1019 1602 1116 comparatio-

429 1165 529 1239 nem,
542 1144 684 1220 dicens:
702 1147 740 1218 lo
763 1147 942 1218 sententio
957 1146 995 1217 o·
1011 1143 1132 1218 sibilla
1147 1144 1327 1236 stperdcu
1343 1144 1382 1224 ul
1397 1147 1497 1218 veno
1514 1142 1604 1214 ucllc

426 1267 534 1358 soplte
557 1267 637 1338 dcvi
660 1256 744 1357 cori,
769 1262 876 1358 dont,
901 1264 1041 1360 supple,
1066 1263 1157 1339 risio
1182 1283 1266 1338 mea
1293 1261 1526 1358 perdebatur.
1549 1259 1603 1334 Ad

426 1383 713 1460 declarationem
738 1389 865 1459 antem
890 1383 994 1459 istius
1018 1381 1303 1480 comparationis
1324 1387 1379 1457 est
1398 1379 1602 1472 sciendum,

427 1504 539 1598 quod,
560 1504 655 1580 sicut
672 1503 775 1602 lingit
791 1503 1091 1600 preclarissimus
1107 1511 1216 1605 poeta
1236 1502 1408 1600 Virgilius
1426 1501 1471 1576 Vl
1494 1501 1602 1576 Euel-

427 1623 505 1716 dos,
530 1624 648 1699 Enens
672 1622 799 1698 rolens
829 1623 1053 1700 descendere
1084 1623 1132 1698 ad
1167 1623 1304 1698 iuleros
1340 1621 1451 1697 adivit
1484 1620 1602 1718 Sybil·

428 1743 501 1818 lam
536 1743 751 1838 Cumanam,
782 1763 867 1838 quae
900 1749 982 1819 erat
1014 1743 1157 1839 sapiens
1189 1749 1227 1819 et
1259 1741 1400 1818 famosa
1431 1740 1602 1816 sacerdos

428 1862 612 1958 Apollinis,
618 1868 656 1938 et
667 1863 716 1938 ibi
724 1863 958 1938 ministrabat
971 1863 1008 1939 in
1021 1865 1159 1960 templo
1175 1863 1345 1957 mirabili,
1359 1861 1465 1936 ouius
1481 1861 1602 1936 adbuc

427 1990 605 2078 apparent
634 1983 787 2080 vestigia
817 1983 914 2080 apud
945 1983 1130 2058 civitatem
1162 1984 1348 2058 desertam
1383 1982 1600 2074 Cumarum,

429 2122 514 2197 que
539 2123 639 2178 nunc
662 2111 719 2178 est
742 2123 865 2178 mersa
882 2103 952 2178 sub
978 2103 1073 2178 mari
1093 2124 1169 2179 non
1192 2105 1303 2200 longe
1328 2123 1351 2177 a
1377 2102 1547 2198 Neapoli3
1566 2107 1603 2177 et

430 2223 479 2298 ibi
494 2223 622 2318 Apollo
637 2217 674 2315 (¹)
700 2222 810 2299 dabat
826 2243 1001 2320 responsa
1017 2245 1099 2318 sue,
1117 2245 1203 2320 quar
1219 2223 1354 2322 sybilla
1380 2222 1603 2298 inscribebat

430 2342 468 2417 in
499 2343 604 2436 loliis,
634 2363 720 2438 que
752 2351 884 2420 ventus
920 2345 1183 2441 superveniens
1215 2343 1447 2440 asportabat:
1477 2361 1604 2438 quaere

431 2461 518 2556 quid
542 2461 609 2536 sibi
636 2454 766 2556 vultl¹t
793 2465 873 2540 brec
898 2464 1014 2560 flotio;
1038 2472 1077 2542 et
1102 2473 1188 2542 nota
1206 2465 1393 2560 quomodo
1411 2459 1489 2540 baec
1506 2461 1603 2538 fictio

431 2581 569 2680 Virgilii
594 2583 840 2679 propriissime
864 2593 1040 2661 consonat
1065 2587 1199 2662 fictioni
1226 2586 1362 2662 Dentis.
1383 2585 1484 2660 Sicut
1504 2584 1603 2660 enim

432 2721 648 2797 responsum
666 2702 848 2800 Apollinis,
866 2705 929 2800 qui
945 2696 982 2798 (³)
1001 2712 1083 2782 erat
1098 2707 1197 2782 Deus
1213 2705 1409 2802 sapientia,
1430 2702 1603 2779 traditum

432 2821 584 2918 sapienti
608 2823 753 2921 Sybillae
776 2824 1008 2902 scribebatur
1040 2826 1077 2900 in
1106 2826 1193 2901 lolio
1222 2831 1259 2901 et
1291 2823 1549 2921 asportabatur
1581 2843 1606 2898 a

433 2951 562 3039 veut03
588 2943 638 3020 ita
669 2943 760 3020 risio
783 2945 860 3040 Dei,
887 2945 951 3040 qui
981 2951 1036 3022 est
1059 2967 1151 3022 vera
1175 2953 1214 3022 et
1244 2967 1392 3021 summa
1416 2943 1605 3041 sapientia,

433 3072 579 3142 ostensa
594 3066 700 3140 Danti
724 3065 888 3162 sapienti,
914 3066 1047 3163 scripta
1072 3066 1141 3141 luit
1165 3067 1202 3142 in
1229 3073 1353 3143 mente
1376 3067 1501 3142 mobili
1521 3085 1607 3160 quae

433 3185 616 3262 evolvitur
641 3193 830 3281 umquam
857 3186 984 3261 lolium
1010 3186 1057 3262 ad
1082 3195 1248 3264 rentum.
1267 3187 1403 3285 Sybilla
1427 3186 1527 3262 enim
1544 3207 1607 3261 ar·

435 3314 537 3403 repta
554 3305 682 3402 spiritu
699 3304 871 3401 Apollinis
879 3293 916 3399 (ἥ
935 3307 1112 3402 perdebat
1131 3308 1349 3382 memoriam
1369 3327 1501 3382 eorum
1521 3327 1608 3401 que

433 3425 576 3501 viderat
598 3425 690 3500 duur
714 3431 811 3501 esset
833 3432 998 3522 arrepta3
1023 3426 1074 3502 ita
1097 3433 1209 3502 autor
1229 3435 1310 3523 post
1327 3436 1475 3522 raptum
1494 3447 1606 3500 suurn

434 3565 607 3622 reversus
630 3544 678 3620 ad
701 3565 743 3620 se
767 3544 920 3641 perdidit
947 3546 1168 3622 memoriam
1194 3531 1327 3622 eorum
1354 3567 1438 3640 quae
1466 3545 1609 3621 viderat

434 3671 603 3761 tempore
628 3672 764 3760 raptus.
782 3666 875 3741 Nota
891 3667 1004 3742 etiam
1026 3665 1126 3762 quod
1144 3667 1270 3742 multe
1289 3668 1440 3742 luerunt
1457 3667 1607 3765 sybillae,

437 3785 584 3880 scilicet,
601 3785 743 3881 decem,
759 3807 920 3882 quarum
947 3808 1021 3862 nna
1046 3793 1176 3862 vorata
1201 3787 1368 3864 Eritbrea
1394 3787 1609 3864 mirabiliter

438 3907 667 4002 prophetavit
694 3907 895 3982 adventum
925 3907 1067 4002 Gbristi,
1097 3907 1191 3983 sicut
1225 3907 1350 3983 scribit
1381 3908 1609 4006 Augustinus

437 4025 485 4101 de
509 4026 663 4102 Ciuitate
687 4027 772 4102 bet:
798 4026 883 4102 lecit
899 4026 999 4102 enim
1015 4027 1186 4121 quoedam
1206 4027 1372 4103 carmina
1386 4020 1436 4124 (¹⁵),
1454 4049 1539 4125 quae
1558 4029 1608 4104 ibi

439 4145 564 4221 scribit
588 4146 825 4244 Augustinus,
842 4166 888 4222 ex
911 4146 1282 4244 qnorum-principiis
1298 4148 1523 4245 colliguntur
1540 4149 1608 4225 ista

440 4265 570 4341 verba:
583 4266 689 4341 lesus
701 4265 865 4342 cbristus
881 4265 1049 4342 Salvator
1065 4273 1134 4341 eto
1158 4265 1294 4363 Sybilla
1314 4267 1424 4342 etiarn
1443 4269 1608 4344 Cumana

440 4385 606 4482 praedixit
630 4387 750 4483 ipsum
766 4386 968 4462 adveutum
988 4385 1131 4481 Gbristi,
1148 4387 1243 4462 sicut
1260 4393 1400 4463 tactum
1419 4394 1474 4463 est
1491 4389 1610 4485 primo

438 4507 600 4603 capitulo
623 4505 769 4584 lnlerni.

501 4695 531 4759 ru
546 4695 577 4747 u
592 4695 700 4759 spuo.
716 4695 769 4746 nn
784 4700 869 4746 sura·
884 4693 1015 4758 nprrnn
1031 4707 1078 4758 per
1094 4674 1228 4746 neurus}
1244 4696 1328 4748 aaut.

502 4769 532 4835 ρ)
546 4771 577 4823 u
592 4771 650 4824 vus
665 4772 753 4823 arm
767 4771 825 4823 nm
839 4771 920 4823 nus

502 4847 530 4912 (ἢ
545 4847 576 4899 lt.
593 4849 639 4912 qul
654 4849 723 4912 npnd
738 4861 850 4912 pugnnor
866 4846 1100 4911 repmoenunnnr
1115 4847 1186 4898 Dens
1201 4849 1341 4914 replentia.

505 4925 533 4988 (⁸)
549 4925 580 4976 R.
597 4924 736 4989 Apollinis,
752 4929 781 4976 et
795 4926 883 4976 serlus
899 4923 1003 4984 dlnbolb
1020 4923 1151 4987 perdebat.

504 5001 534 5066 (¹)
549 5002 580 5052 lt.
595 5001 713 5053 carmina
729 5002 762 5054 de
778 5002 837 5062 bor,
853 5015 912 5066 nuo
928 5000 972 5052 ur.
