4842 6642
926 837 1066 896 GANTUS
1090 839 1223 895 Nouus.
1611 832 1657 900 23

484 1007 550 1063 nes
575 986 735 1082 Baptista
768 984 805 1058 in
839 984 922 1079 atia,
948 988 1036 1058 cto
1068 989 1216 1060 disciola
1240 989 1272 1060 te
1292 1005 1419 1079 pecore
1444 1011 1462 1063 e
1485 993 1536 1081 po·
1559 992 1661 1082 opat,

480 1103 654 1202 peroccte'
672 1109 719 1180 be
737 1109 826 1200 sotto
851 1109 932 1199 lupo
956 1109 1014 1180 del
1032 1113 1190 1200 pastore,
1208 1107 1314 1202 quasi
1338 1107 1445 1204 dicat,
1463 1110 1562 1204 quod
1588 1131 1662 1186 uou

487 1229 606 1304 seium
633 1227 796 1302 tioreuus
822 1232 877 1302 est
902 1247 1013 1301 causa
1040 1227 1249 1302 retrahendi
1275 1248 1406 1324 papam
1432 1251 1456 1304 a
1482 1231 1662 1305 memoria

484 1356 597 1424 terroe
610 1355 757 1442 sanotae,
771 1348 958 1423 sedetiam
974 1348 1185 1424 removendi
1201 1349 1320 1444 ipsum
1334 1357 1518 1445 pastorem
1532 1373 1556 1426 a
1570 1355 1657 1446 pro-'

484 1469 564 1565 prio
577 1461 615 1562 (⁴)
634 1467 767 1563 officio,
785 1468 885 1562 quod
910 1473 966 1544 ast
990 1469 1174 1544 custodire
1190 1489 1344 1566 gregem
1361 1471 1504 1545 Domini
1522 1471 1591 1566 sui,
1609 1491 1656 1546 ex

483 1609 558 1684 quo
583 1587 751 1682 sequitur
774 1587 933 1663 deviatio
957 1575 1134 1683 pecorum
1169 1595 1205 1663 et
1238 1611 1423 1686 agnorum
1454 1613 1476 1666 a
1509 1591 1658 1687 proprio

483 1710 629 1806 pabulo,
648 1709 784 1784 sciticet
799 1708 847 1783 ab
868 1708 1078 1804 evangeliis,
1096 1709 1267 1804 epistolis,
1285 1711 1603 1805 predicationibus
1620 1718 1658 1786 et

484 1829 722 1924 orationibus,
743 1829 831 1924 quia
848 1836 1002 1904 vacatur
1019 1831 1139 1904 sotum
1157 1829 1418 1926 decretalibus,
1437 1832 1536 1908 unde
1552 1833 1657 1908 dicit:

477 1971 545 2043 per
570 1955 701 2042 questo,
719 1950 865 2044 scilicet,
887 1950 1029 2043 florem,
1055 1953 1271 2042 dEoonpeIio
1296 1974 1316 2024 e
1338 1954 1353 2024 i
1376 1957 1502 2025 Dottor
1523 1955 1658 2044 mopm,

483 2070 546 2165 qui
571 2071 704 2146 docent
728 2070 884 2145 satutem
915 2070 1139 2164 animarum,
1172 2091 1238 2144 son
1269 2073 1429 2164 ductim,
1459 2072 1562 2168 idest,
1593 2094 1659 2148 uc·

482 2192 601 2288 giecti,
628 2213 647 2264 c
669 2194 746 2265 soto
761 2193 794 2264 si
808 2193 924 2264 studio
940 2192 980 2264 di
995 2195 1183 2283 moeurs,
1200 2213 1285 2285 quae
1302 2192 1452 2266 tradunt
1469 2193 1657 2287 beneficia,

482 2312 599 2407 lucra,
617 2318 654 2386 et
674 2312 931 2404 honoresue,
950 2311 1049 2406 quod
1066 2311 1168 2408 signa
1186 2311 1368 2387 evidentia
1385 2312 1656 2408 demonstrant;

485 2432 583 2508 uude
607 2431 714 2506 dicit:
739 2425 770 2504 si
794 2434 855 2505 cte
881 2451 974 2524 pore
998 2435 1035 2504 oi
1060 2435 1139 2505 toro
1172 2435 1327 2524 oioopai,
1358 2432 1461 2529 idest,
1497 2434 1659 2508 vestibus

484 2573 617 2628 eorum
644 2551 878 2647 sumptuosis,
906 2552 1069 2626 variatis:
1096 2552 1296 2648 vivagnum
1324 2553 1423 2627 enim
1449 2545 1652 2646 vocatur&

485 2673 699 2749 extremitas
725 2674 845 2768 panni,
867 2693 932 2768 per
949 2673 1049 2767 quod
1075 2692 1217 2769 pannus
1242 2672 1486 2770 cognoscitur.
1514 2674 1659 2749 Vadunt

484 2794 584 2869 enim
609 2801 774 2889 pastores
798 2793 965 2868 moderni
1000 2814 1086 2868 eum
1120 2794 1253 2868 mantis
1281 2794 1423 2890 amplis,
1452 2795 1656 2891 subtilibus,

484 2914 667 3008 moltibus,
692 2914 738 2989 de
769 2914 904 3008 quibus
941 2913 1084 2988 dicetur
1118 2914 1260 3008 plenius
1289 2913 1451 2988 interiori
1483 2915 1653 3010 capitulo.

483 3041 574 3108 -Α
602 3040 729 3125 questo.
756 3033 821 3108 ilic
849 3041 958 3108 autor
989 3033 1120 3128 repetit
1149 3033 1249 3127 quod
1274 3033 1427 3127 dixerat,
1453 3033 1599 3108 dicens:
1625 3039 1659 3108 u

478 3175 579 3249 popo
603 3175 622 3227 e
646 3157 660 3226 t
683 3155 860 3227 cardinali
882 3155 1019 3227 tuende
1034 3173 1059 3226 o
1076 3159 1206 3244 questo,
1224 3152 1370 3247 scilicet,
1388 3154 1574 3249 cupiditati
1593 3175 1658 3250 pe-

483 3274 614 3368 cuniae,
641 3280 678 3349 et
702 3272 947 3348 decretatibus
964 3272 1168 3367 cupiditatis
1189 3293 1321 3367 causa,
1346 3296 1366 3347 c
1388 3277 1402 3346 t
1426 3275 1484 3347 lor
1504 3279 1658 3368 pensiero·

482 3416 555 3469 noo
579 3414 740 3467 cennos
765 3397 968 3484 Nozorctte,
993 3412 1078 3487 quae
1103 3398 1158 3467 est
1175 3391 1221 3467 de
1238 3399 1337 3468 terra
1358 3400 1495 3486 sancta,
1512 3385 1549 3467 ld
1567 3398 1655 3469 doce

486 3517 685 3591 Gobdrdelto
701 3536 825 3607 opersc
841 3516 933 3607 l’ols',
956 3513 1102 3607 scilicet,
1117 3520 1283 3608 tempore
1299 3513 1591 3590 denuntiationis
1605 3506 1655 3609 (ἢ.

483 3677 532 3692 -
546 3641 609 3711 Mo
641 3639 816 3710 Vaticano.
846 3633 911 3708 Hic
941 3633 1070 3708 ultimo
1101 3632 1257 3708 ostendit
1288 3633 1475 3728 quomodo
1504 3635 1576 3708 cito
1609 3634 1657 3709 ad

484 3759 631 3854 cuipam
658 3755 826 3850 sequitur
851 3754 1018 3847 vindicta,
1045 3760 1082 3828 et
1106 3753 1269 3848 praedicit
1294 3761 1452 3829 mortem
1479 3755 1657 3830 miseran·

483 3878 569 3954 dam
588 3877 700 3973 ipsius
713 3876 885 3952 Bonitaeii
899 3899 909 3948 :
924 3863 1030 3968 Mod)
1048 3878 1226 3966 Vaticano,
1240 3875 1339 3968 quod
1352 3881 1408 3950 est
1421 3876 1655 3970 cimiterium,

485 3999 548 4074 ubi
563 3999 748 4094 sepultum
763 3997 830 4072 tuit
847 4017 981 4092 corpus
994 3995 1090 4070 beati
1104 3994 1214 4088 Petri,
1227 4001 1265 4070 et
1279 3996 1482 4068 multorum
1495 3995 1654 4069 aliorum

483 4117 714 4212 Pontificum,
738 4139 758 4190 e
782 4120 909 4191 lotoe
929 4119 1029 4210 perti
1051 4117 1143 4188 stede
1162 4117 1201 4190 dt
1220 4119 1347 4206 Romo,
1365 4115 1501 4189 scilicet
1525 4116 1654 4208 aDeo,

485 4241 522 4314 in
547 4238 682 4334 quibus
707 4245 793 4310 suut
818 4257 973 4332 corpora
998 4236 1202 4309 multorum
1231 4240 1438 4331 martyrum
1457 4242 1495 4309 et
1518 4235 1656 4330 tempta

484 4365 714 4452 sauctorum3
734 4357 832 4432 unde
848 4357 955 4430 dicit:
976 4357 1037 4428 cte
1052 4375 1116 4428 son
1133 4361 1222 4428 stote
1240 4357 1394 4428 emtore
1415 4357 1489 4427 otto
1509 4357 1657 4446 mittete,

483 4479 630 4574 scilicet,
649 4484 856 4574 martyrum
883 4483 920 4550 ct
946 4481 1156 4550 sanctorum
1176 4473 1239 4568 qui
1261 4478 1521 4570 pugnaverunt
1538 4493 1657 4566 usque

545 4753 572 4816 (¹)
590 4755 621 4804 E.
637 4769 652 4804 a
669 4755 774 4817 proprio
790 4753 828 4802 sui
845 4750 939 4803 officio.

545 4831 572 4892 (¹)
589 4832 620 4882 E.
638 4829 792 4894 appellatur.

544 4907 571 4972 (⁸)
588 4907 618 4957 E.
634 4906 844 4956 Annuntiationis
860 4904 1049 4970 gloriosissimae
1066 4903 1179 4966 Virginis
1194 4903 1293 4955 Maria.
1305 4901 1401 4953 -Mo

544 4985 572 5046 (¹)
588 4983 619 5034 li.
637 4983 740 5034 diosus:
757 4983 812 5036 Mo-
