4842 6642
801 910 940 966 claros
965 910 1125 966 oacruus
1151 911 1294 964 ramus.
1587 898 1634 966 d'l

460 1057 665 1152 cumberet,
690 1059 728 1130 tn
754 1059 826 1130 alto
851 1075 947 1148 mar,
967 1056 1071 1148 idest,
1098 1055 1135 1129 in
1159 1054 1302 1128 mundo
1323 1054 1393 1130 isto
1417 1055 1634 1151 procelloso,

391 1211 395 1219 ·
459 1199 526 1273 par
557 1182 666 1254 dritta
698 1195 820 1270 repon,
854 1175 1157 1270 praeostcndendo
1194 1174 1371 1252 felicitatis
1396 1181 1557 1271 portum,
1590 1176 1636 1251 ad

463 1311 575 1394 qoem
600 1297 751 1394 navigat
777 1296 947 1372 navicula
972 1295 1081 1370 Petri.
1101 1295 1144 1370 Et
1162 1293 1284 1368 subdit
1301 1293 1512 1389 specificans
1532 1295 1635 1369 illum

462 1419 666 1516 collegam;
692 1441 711 1492 c
736 1421 844 1510 questi
864 1421 905 1511 su
929 1419 958 1489 il
979 1425 1102 1489 nostro
1121 1419 1323 1509 patriarca,
1340 1415 1488 1509 scilicet,
1510 1415 1635 1490 Domi·

464 1540 579 1633 nicos,
602 1559 714 1634 quem
741 1544 848 1613 vocat
878 1537 1136 1633 patriarcham,
1164 1537 1256 1610 idest
1278 1536 1477 1633 principem
1499 1539 1637 1614 multo-

465 1679 550 1734 rum
580 1660 743 1733 Patrum.
774 1659 818 1731 Et
848 1657 1055 1732 concludit:
1085 1655 1217 1750 parabo*
1242 1663 1330 1750 puot
1362 1661 1541 1732 ducerncr
1579 1662 1638 1734 cite

465 1782 562 1872 qual,
592 1779 695 1873 idest,
722 1779 962 1872 quicumque,
987 1799 1090 1869 sapae
1116 1781 1177 1869 lut,
1203 1781 1332 1851 coru'ei
1361 1783 1550 1875 camundo,
1577 1802 1638 1857 se-

465 1900 627 1975 cundum
654 1908 835 1995 praecepta
864 1900 1003 1996 regulae
1023 1919 1112 1992 sum,
1131 1921 1241 1972 carco
1266 1900 1381 1973 banaa
1406 1923 1532 1994 marce,
1549 1904 1636 1997 quia

464 2019 599 2094 scilicet
623 2039 750 2116 grosse
765 2012 802 2114 (¹)
828 2019 1007 2110 lucratur,
1033 2018 1167 2092 scilicet
1198 2020 1414 2093 thesaurum
1441 2027 1637 2117 aeteruum,

465 2148 501 2215 et
526 2140 578 2214 sic
602 2140 698 2214 bene
723 2138 984 2235 impinguatur.
999 2177 1049 2192 -
1062 2143 1134 2212 Ma.
1154 2139 1218 2212 llic
1235 2139 1392 2213 Thomas
1409 2149 1556 2237 sumpta
1573 2162 1637 2218 oc·

465 2259 611 2334 cusiene
635 2278 682 2333 eu
708 2258 899 2354 predictis,
927 2257 1160 2353 reprehendit
1186 2258 1319 2333 iratres
1344 2279 1442 2354 suos,
1469 2260 1532 2354 qui
1562 2280 1637 2334 non

468 2386 565 2455 recle
590 2388 798 2474 sequuntur
824 2379 942 2474 ipsum
970 2378 1200 2453 Dominicum
1229 2385 1412 2475 pastorem
1440 2401 1563 2475 suum,
1582 2380 1637 2454 di-

466 2521 574 2577 cens:
602 2507 664 2575 lla
681 2504 711 2574 a
727 2522 791 2574 suo
804 2503 950 2593 peculio,
970 2498 1074 2592 idest,
1091 2519 1182 2596 grex
1200 2491 1237 2590 (²)
1259 2499 1449 2596 Dominio,
1467 2505 1505 2575 dt
1520 2523 1638 2576 naoaa

466 2625 620 2696 otoanda
645 2617 774 2715 dfatto
799 2621 938 2713 glra'otta.
965 2620 1034 2692 lsta
1060 2619 1164 2693 litera
1190 2626 1309 2713 potest
1333 2619 1481 2716 intelligi
1501 2620 1638 2716 simpli-

467 2743 557 2818 citer
584 2748 624 2815 ut
646 2749 765 2833 sonat,
790 2740 926 2815 scilicet
951 2738 1050 2832 quod
1072 2737 1134 2812 ubi
1153 2739 1284 2813 iratres
1305 2739 1561 2834 predicatores
1577 2763 1638 2816 so·

468 2862 591 2936 lebant
609 2860 827 2956 impinguari
846 2859 942 2934 bene
958 2878 1026 2953 pro
1043 2858 1177 2949 anima,
1197 2879 1295 2932 nune
1312 2867 1484 2952 quaerunt
1506 2861 1639 2957 impiu-

467 2981 573 3078 guari
601 3001 667 3076 pro
691 2999 862 3075 corporo;
880 2986 917 3054 ct
934 2984 1020 3053 sunt
1036 2977 1129 3052 avidi
1150 2977 1233 3050 novi
1251 2977 1333 3072 cibi,
1351 2986 1438 3073 puta
1457 2982 1639 3076 carnium,

468 3121 561 3195 quas
586 3101 782 3175 comedero
809 3098 1059 3193 probibentur,
1086 3100 1169 3189 qaia
1194 3101 1391 3172 maiman
1411 3103 1549 3174 nattam
1570 3109 1639 3176 etc.

468 3221 511 3294 lit
536 3227 654 3317 potest
679 3220 828 3316 intelligi
854 3218 1060 3314 allegorice,
1087 3217 1235 3309 scilicet,
1262 3218 1361 3311 quod
1384 3228 1556 3314 quaerunt
1574 3242 1642 3296 no-

469 3361 558 3416 vum
593 3341 743 3434 victum,
778 3345 865 3436 puta
903 3338 1143 3434 praelationes,
1174 3338 1377 3434 dignitates,
1412 3341 1570 3416 bonores
1605 3352 1641 3418 et

470 3461 564 3537 talia.
596 3461 681 3535 Ideo
713 3459 897 3554 sequitur:
932 3451 963 3532 si
994 3461 1153 3531 clt'csscr
1185 3479 1257 3531 oon
1282 3467 1388 3552 paotc
1418 3463 1479 3534 aba
1508 3483 1582 3536 ooo
1611 3467 1643 3536 si
1677 3508 1680 3514 ·

468 3585 621 3676 sponda,
643 3582 750 3675 idest,
778 3580 865 3675 quin
892 3581 1124 3676 dispergatur
1158 3600 1264 3676 grex,
1291 3601 1358 3672 per
1388 3583 1518 3656 damn
1547 3587 1641 3677 catti,

470 3703 572 3796 idest,
599 3723 665 3798 per
691 3703 835 3776 diversa
862 3722 1009 3795 pascua,
1036 3701 1172 3774 scilicet
1202 3701 1427 3776 delectabilia
1460 3703 1550 3798 loca,
1577 3727 1644 3800 per

471 3841 554 3916 quae
587 3828 770 3917 vagantur
806 3841 903 3916 saepe
934 3841 1068 3916 greges
1100 3820 1267 3910 libenter,
1293 3827 1330 3894 et
1355 3821 1406 3895 sic
1437 3824 1643 3918 perduntur

472 3953 509 4018 et
522 3932 560 4034 (³)
585 3942 812 4017 devorantur
837 3963 859 4016 a
886 3941 990 4035 lupis.
1011 3939 1072 4013 Est
1089 3941 1186 4014 enim
1209 3941 1324 4014 saltus
1342 3941 1444 4038 locus
1465 3945 1644 4020 berbosus

472 4067 509 4135 et
535 4069 765 4154 montuosos,
791 4061 886 4135 sicut
911 4081 1008 4154 saepe
1034 4068 1132 4156 patet
1158 4061 1255 4154 apud
1286 4061 1456 4156 antiquos
1481 4071 1642 4139 autores.

475 4180 577 4254 Unde
602 4180 746 4254 subdit:
772 4188 946 4273 equanto
972 4183 1004 4253 le
1036 4201 1097 4254 aaa
1119 4201 1258 4272 pecore,
1283 4180 1386 4275 idest,
1412 4181 1543 4257 iratres
1575 4185 1645 4279 sui,

474 4321 592 4374 vanno
622 4295 684 4393 pto
717 4304 840 4374 rimata
874 4323 892 4374 c
925 4301 1133 4398 vagabunde
1164 4303 1215 4373 do
1246 4323 1336 4394 esso,
1371 4301 1473 4396 idest,
1506 4312 1645 4397 quanto

476 4419 592 4516 magis
619 4429 745 4494 errant
770 4428 807 4495 et
832 4421 1053 4516 elongantur
1079 4421 1126 4494 ab
1157 4420 1234 4515 ipso
1263 4427 1409 4515 pastore
1443 4422 1644 4519 Dominico,

472 4546 510 4613 et
527 4538 578 4614 sic
595 4539 800 4634 perduntur
817 4546 855 4615 et
876 4545 1055 4614 vorantur
1069 4527 1108 4632 (⁸)
1125 4561 1147 4614 a
1167 4540 1272 4634 lupis,
1294 4547 1425 4614 ornan
1435 4537 1499 4634 pici
1517 4551 1593 4617 aete
1609 4547 1647 4618 di

474 4665 567 4752 tutte,
584 4661 687 4753 idest,
708 4659 803 4734 dulci
831 4661 1010 4755 doctrina,
1036 4682 1111 4755 qua
1135 4661 1313 4736 deberent
1338 4663 1439 4737 alere
1464 4669 1502 4736 et
1522 4663 1646 4739 cibare

475 4782 577 4875 alios,
610 4784 669 4854 alt'
682 4784 783 4871 urile,
817 4780 920 4874 idest,
952 4780 998 4857 ad
1032 4781 1230 4876 stabulum,
1264 4783 1400 4858 scilicet
1432 4783 1479 4858 ad
1516 4805 1646 4861 mona-

539 4967 566 5028 l'l
583 4968 612 5017 ll.
629 4971 726 5032 optime
743 4969 868 5020 lucratur.
1160 4967 1188 5031 (Ἴ
1205 4971 1236 5020 Β.
1253 4984 1317 5033 grex
1332 4972 1411 5033 lpum
1426 4971 1495 5023 beati
1510 4971 1647 5025 Domlolci.

540 5041 566 5109 θ)
583 5043 613 5094 Ε.
628 5051 655 5095 et
665 5059 679 5094 a
689 5045 856 5111 luplmpius
866 5047 1034 5098 devorantur.
1046 5047 1100 5099 Est.
1163 5046 1189 5110 (¹)
1206 5048 1237 5099 lt.
1254 5049 1420 5099 devorantur.
