4842 6642
807 821 947 878 cums
970 821 1128 878 emus
1151 821 1297 877 senus.
1567 811 1635 878 167

464 990 709 1068 personamm
736 989 883 1066 semper
909 969 977 1044 luit
1002 990 1116 1044 eausa
1132 966 1333 1044 eversionis
1349 969 1522 1066 urbium;
1540 971 1638 1066 quod

461 1094 593 1190 probet
615 1112 640 1167 a
665 1090 793 1184 simili3
818 1091 912 1166 sicut
942 1090 1101 1166 varietm
1134 1094 1173 1164 et
1204 1089 1437 1182 superfluitas
1468 1090 1637 1166 ciborum

463 1220 518 1290 est
530 1233 643 1288 eausa
660 1209 903 1288 dissolutionis
918 1209 1180 1306 complexionis
1197 1229 1408 1303 corporum.
1422 1211 1514 1286 llicit
1527 1233 1635 1310 ergo:

464 1339 515 1408 Lu
538 1335 735 1428 confusions,
759 1331 862 1426 idest,
888 1329 1062 1406 colluvies
1087 1337 1124 1406 et
1154 1329 1328 1423 mixtura,
1354 1332 1440 1403 delle
1468 1350 1633 1425 persono,

463 1453 611 1547 soiliom,
643 1451 873 1526 diversorum
905 1450 1094 1526 nationum
1133 1469 1221 1524 oum
1250 1449 1402 1544 civibus,
1432 1454 1637 1544 sempr-esu

459 1575 635 1668 prescipto
659 1575 717 1646 det
739 1575 814 1646 mut
836 1574 930 1648 dedu
957 1573 1094 1662 otoo,
1119 1569 1268 1664 scilieet,
1293 1590 1378 1664 quae
1415 1591 1463 1646 er
1488 1591 1530 1646 se
1558 1571 1636 1645 sui·

464 1694 588 1770 ficiens
612 1698 668 1768 est
693 1691 769 1767 suis
792 1691 952 1766 civibus:
970 1712 1067 1766 oome
1090 1694 1118 1764 it
1139 1691 1216 1765 otto
1239 1691 1301 1764 ote
1322 1693 1512 1784 suppono,
1532 1692 1635 1786 idest,

465 1813 724 1912 superponitur
748 1819 830 1908 post
854 1811 1127 1903 comestionem,
1154 1817 1220 1903 est,
1242 1811 1381 1906 supple,
1404 1811 1635 1907 principium,

464 1939 522 2010 det
543 1941 681 2024 nmtro,
705 1932 844 2029 supple,
869 1935 973 2023 mule,
991 1931 1078 2026 quia
1104 1929 1190 2004 nihil
1215 1928 1377 2004 deterius
1402 1953 1516 2025 quam
1541 1932 1636 2007 indi·

462 2059 609 2151 gestum
634 2073 746 2149 super
771 2052 990 2149 indigestum
1009 2071 1156 2146 ponere.
1176 2048 1279 2124 Sicut
1294 2069 1385 2148 ergo
1403 2053 1636 2147 superlluitos

463 2175 630 2250 ciborum
663 2182 718 2250 est
747 2193 860 2249 censa
889 2173 1093 2248 multorum
1124 2172 1356 2265 morborum,
1386 2171 1436 2246 itu
1470 2173 1636 2248 conlusio

464 2293 655 2370 hominum
688 2299 744 2370 est
775 2313 887 2369 cause
922 2291 1124 2370 muitarum
1158 2291 1390 2367 seditionum.
1412 2297 1511 2366 -Ε
1532 2295 1635 2366 otoo.

464 2413 528 2488 llio
552 2411 793 2509 Coooiuguida
819 2411 1012 2508 respondet
1037 2411 1228 2506 questioni
1255 2412 1394 2487 tacite:
1411 2421 1534 2508 posset
1554 2414 1636 2509 quis

463 2532 634 2627 obiioere,
659 2531 759 2626 quod
784 2531 867 2608 lieet
892 2531 1056 2607 mnrnsio
1081 2551 1325 2627 personarum
1360 2533 1407 2606 sit
1434 2553 1546 2608 consa
1570 2534 1636 2609 de-

465 2652 674 2728 structionis
698 2652 811 2727 civilis
843 2658 970 2744 status,
998 2659 1132 2746 tumen,
1158 2653 1246 2746 quie
1281 2653 1337 2726 isti
1369 2653 1508 2729 nobiles
1537 2662 1636 2748 sunt,
1685 2651 1693 2664 '

466 2793 539 2847 non
574 2771 718 2848 videtur
752 2772 805 2848 eis
838 2771 908 2845 hoo
939 2771 1174 2848 eredendum.
1211 2771 1265 2847 dd
1295 2772 1396 2866 quod
1430 2775 1636 2870 respondet,

465 2893 565 2986 quod
595 2893 712 2967 multo
738 2893 819 2986 plus
847 2891 894 2968 de
924 2892 976 2967 eis
1005 2898 1061 2967 est
1090 2893 1308 2987 verisimile,
1334 2893 1636 2989 quod-probata

465 3012 585 3107 simili,
610 3012 751 3088 dioens:
778 3017 812 3086 Ε
827 3015 919 3086 otono
936 3020 1015 3086 toro
1039 3014 1127 3087 code
1146 3009 1209 3106 ptri
1233 3017 1391 3104 ooucoio,
1408 3013 1512 3109 idest,
1533 3016 1637 3090 velo·

467 3132 559 3225 oius,
583 3133 643 3206 olto
667 3135 758 3206 otono
782 3135 932 3227 woodo,
958 3131 1060 3226 idest,
1086 3132 1239 3207 vitiosus
1271 3132 1401 3207 nobilis
1437 3133 1545 3208 eitius
1573 3155 1637 3210 ou·

467 3252 518 3328 dit
535 3272 648 3346 quom
667 3251 817 3327 vitiosus
835 3251 1029 3348 populeris.
1048 3252 1117 3328 Sed
1135 3252 1220 3328 licet
1235 3252 1304 3327 istu
1320 3253 1490 3328 ridentur
1507 3256 1633 3349 pulcra

470 3371 657 3467 expositio,
675 3378 801 3446 temen
826 3371 913 3446 mini
941 3371 1097 3466 videtur,
1122 3372 1223 3466 quod
1248 3372 1354 3447 litera
1383 3393 1457 3448 non
1488 3373 1638 3468 recipiet

465 3511 562 3586 eum,
589 3511 657 3566 nee
681 3490 726 3565 sit
751 3491 797 3568 de
823 3496 947 3568 mente
969 3491 1122 3585 autoris,
1148 3511 1237 3567 num
1261 3493 1341 3588 jam
1372 3512 1546 3588 expresse
1570 3515 1638 3567 ro-

465 3610 603 3686 mverit
627 3609 714 3686 istos
740 3609 913 3704 rustioos3
939 3610 1022 3686 ideo
1040 3610 1122 3686 dieo
1147 3618 1184 3686 et
1210 3612 1354 3706 melius,
1374 3611 1474 3706 quod
1490 3613 1638 3688 Caecia-

465 3731 576 3829 guida
602 3731 797 3828 respondet
822 3731 1013 3824 questioni
1045 3732 1176 3826 tacite,
1201 3751 1288 3826 que
1312 3731 1394 3808 telis
1419 3739 1484 3808 est.
1512 3733 1638 3808 Posset

467 3852 564 3928 enim
590 3850 673 3946 quis
698 3849 877 3926 obiicere:
904 3851 987 3926 licet
1016 3850 1142 3926 civius
1167 3851 1213 3925 sit
1239 3851 1375 3947 repleto
1404 3853 1560 3945 rusticis,
1581 3858 1637 3926 ta·

467 3991 553 4048 men
578 3978 632 4048 est
657 3970 776 4044 maior
801 3976 838 4046 et
863 3969 992 4046 fortior
1017 3977 1054 4046 et
1077 3971 1271 4067 potentior.
1301 3971 1356 4046 Ad
1386 3973 1455 4048 hoc
1485 3993 1637 4070 respon·

466 4092 527 4168 det
554 4091 766 4188 persimile
795 4091 895 4186 quod
923 4089 1029 4166 eitius
1057 4090 1154 4166 oodit
1187 4113 1346 4190 magnus
1374 4102 1412 4170 et
1440 4101 1638 4188 protervus

466 4213 633 4310 populus,
658 4212 753 4286 sicut
778 4217 919 4304 taurus,
945 4231 1059 4306 quom
1085 4212 1242 4308 populus
1267 4234 1403 4308 parvus
1429 4213 1576 4288 humilis
1600 4221 1638 4289 et

466 4331 637 4427 punitione
662 4331 755 4408 siout
779 4331 947 4428 agnellus
962 4323 1017 4425 (Ἲς
1045 4351 1131 4406 nem
1157 4341 1299 4426 quanto
1325 4335 1444 4410 maior
1469 4337 1638 4430 populus,

467 4459 568 4532 ento
593 4452 715 4526 minor
739 4451 954 4546 intellectus,
981 4455 1023 4525 ut
1051 4451 1136 4527 dicit
1165 4453 1418 4551 philosophus:
1449 4460 1487 4529 et
1511 4455 1640 4551 Augu·

467 4574 583 4650 stium
607 4572 692 4648 dicit
716 4572 763 4647 de
787 4591 884 4648 neno
909 4577 947 4648 et
970 4571 1118 4670 gigante
1143 4579 1211 4648 eto.
1238 4574 1282 4649 El
1305 4575 1428 4650 subdit
1443 4575 1542 4650 eliud
1560 4576 1641 4672 pul·

466 4715 573 4772 crum
599 4693 728 4787 simile,
753 4693 897 4770 dicens:
923 4700 955 4768 et
978 4714 1065 4785 ortu,
1090 4695 1231 4789 supple,
1256 4702 1371 4791 metu,
1396 4699 1509 4788 teptis
1537 4701 1639 4772 moto

531 4955 558 5016 (¹)
574 4954 605 5006 Ε.
622 4967 711 5019 ugnus.
