4842 6642
780 805 850 874 300
1171 818 1376 876 comanruu
1402 821 1568 874 onnnnrsr

782 967 872 1038 Oad'
885 967 952 1059 elli,
981 965 1121 1059 supple,
1150 965 1352 1061 respondit:
1378 988 1401 1039 o
1422 969 1530 1060 scale,
1547 969 1574 1040 il
1595 973 1652 1040 tuo
1669 970 1741 1041 alto
1757 970 1860 1057 dmin,
1878 965 1949 1038 sci·

777 1083 871 1177 licet,
891 1085 1035 1160 videndi
1055 1105 1115 1160 me
1131 1092 1269 1179 aperte,
1287 1089 1315 1158 ε’
1328 1075 1531 1178 adempicrd
1547 1089 1584 1158 in
1599 1089 1677 1160 mlt'
1689 1071 1810 1161 ultima
1826 1104 1946 1179 spera,

777 1203 925 1298 scilicet,
950 1204 988 1279 in
1012 1205 1107 1280 coelo
1133 1225 1320 1301 empyreo,
1338 1205 1439 1300 quod
1456 1213 1511 1280 est
1528 1226 1640 1302 super
1658 1225 1787 1280 omnes
1804 1225 1949 1300 speras;

777 1332 815 1398 et
839 1324 944 1399 dicit:
970 1346 1033 1399 oue
1057 1329 1133 1398 tu'tti
1161 1329 1212 1416 pli
1241 1329 1338 1417 altri,
1372 1325 1519 1420 scilicet,
1553 1326 1744 1420 desideria,
1778 1348 1797 1400 c
1827 1329 1853 1399 ’t
1880 1329 1951 1400 mio

778 1448 1035 1538 s’odempiono.
1047 1449 1168 1518 -lat
1191 1446 1255 1521 llic
1273 1445 1488 1522 Benedictus
1507 1447 1678 1522 describit
1694 1446 1946 1522 excellentiam

779 1567 872 1643 illius
891 1568 1028 1641 ultimae
1041 1585 1169 1662 sperae,
1181 1567 1322 1643 dicens:
1344 1573 1514 1642 Oiascana
1527 1572 1703 1662 disiaaza,
1720 1568 1820 1662 idest,
1835 1586 1947 1641 omne

777 1687 999 1762 desiderium
1027 1688 1233 1780 beatorum,
1259 1685 1362 1780 divi,
1394 1687 1540 1782 scilicet,
1567 1689 1603 1762 in
1629 1688 1798 1784 praedicta
1825 1707 1944 1782 spera,

773 1811 936 1901 perfetta,
964 1808 1043 1883 sine
1067 1809 1352 1904 imperfectione,
1378 1829 1489 1902 quam
1519 1809 1653 1882 babent
1671 1809 1833 1882 bumana
1850 1806 1949 1882 desi-

777 1926 878 2003 deria
905 1928 940 2001 in
966 1935 1077 2021 terra,
1102 1937 1259 2019 maara,
1289 1928 1391 2022 idest,
1424 1949 1497 2002 oon
1531 1928 1795 2023 intempestiva,
1825 1927 1946 2021 qualia

777 2056 863 2121 sunt
887 2047 1066 2122 desideria
1092 2047 1295 2142 bominum,
1322 2070 1341 2120 c
1370 2051 1498 2141 intera,
1532 2047 1633 2142 idest,
1665 2068 1736 2122 non
1770 2046 1948 2122 diminuta

777 2169 872 2243 sicat
908 2169 1089 2264 praedicta.
1123 2169 1166 2242 Et
1200 2168 1370 2244 describit
1403 2189 1485 2243 eam
1523 2168 1570 2242 ab
1603 2168 1855 2243 immobilitate
1882 2187 1947 2240 sua

777 2309 863 2364 cum
890 2288 1029 2363 subdit:
1056 2293 1141 2380 opat
1159 2297 1265 2382 parte
1290 2285 1311 2364 a*
1332 2292 1369 2362 ia
1395 2291 1508 2380 puella
1530 2291 1608 2362 sola
1634 2279 1670 2362 ld
1695 2291 1783 2362 douc
1814 2307 1949 2378 compro

778 2429 866 2506 era;
880 2409 984 2503 quasi
997 2408 1113 2482 dicat:
1131 2409 1198 2482 ista
1217 2409 1292 2482 sola
1311 2414 1366 2484 est
1383 2428 1529 2503 semper
1546 2407 1742 2482 immobilis
1759 2414 1797 2482 ct
1813 2407 1948 2500 quieta,

779 2528 845 2603 ubi
871 2536 1015 2604 caeterae
1041 2549 1157 2624 sperae
1182 2536 1269 2603 sunt
1294 2529 1331 2603 in
1356 2528 1531 2604 continuo
1564 2535 1679 2603 motu.
1716 2528 1759 2602 Et
1792 2527 1949 2623 assignat

778 2669 929 2724 causam
955 2649 1012 2724 sui
1036 2649 1120 2723 dicti
1147 2649 1290 2724 dicens:
1314 2646 1528 2742 portatam
1544 2645 1613 2724 din
1632 2653 1762 2744 luopo,·
1779 2648 1826 2723 ad
1851 2648 1949 2743 quod

780 2769 980 2843 notandum
1007 2770 1106 2864 quod
1132 2769 1291 2866 cognitio
1318 2771 1493 2844 naturalis
1519 2789 1593 2844 non
1619 2790 1658 2844 se
1685 2768 1858 2862 extendit,
1885 2768 1949 2842 nisi

780 2912 898 2984 usque
922 2890 969 2965 ad
996 2891 1156 2986 primum
1183 2891 1341 2984 mobile;
1361 2891 1442 2966 ideo
1460 2891 1553 2965 benc
1573 2890 1657 2966 dicit
1679 2889 1779 2984 quod
1800 2909 1872 2964 non
1897 2895 1952 2963 est

779 3009 922 3084 mobilis
956 3011 1085 3084 ultima
1115 3031 1235 3106 spera,
1262 3031 1329 3086 nec
1364 3011 1474 3086 babet
1507 3011 1642 3104 locum,
1681 3010 1775 3084 sicut
1809 3015 1953 3086 caeterae

778 3149 920 3225 sperae3
937 3137 975 3205 et
991 3131 1092 3205 dicit:
1111 3152 1130 3202 e
1146 3151 1217 3203 aon
1233 3133 1261 3203 s'
1271 3133 1415 3222 impola,
1434 3129 1535 3224 idest,
1557 3150 1630 3204 non
1652 3136 1823 3205 moretur
1839 3149 1950 3226 super

777 3249 870 3325 duos
883 3251 985 3344 polos
996 3251 1174 3325 arcticum
1188 3244 1226 3343 (¹)
1239 3257 1277 3326 et
1292 3251 1534 3326 antarcticum
1549 3251 1643 3325 siout
1661 3249 1951 3326 firmamentum.

777 3374 872 3443 -E
892 3377 1026 3443 aostra.
1058 3370 1123 3445 llic
1154 3370 1372 3446 Benedictus
1403 3370 1573 3446 describit
1602 3371 1831 3446 altitudinem
1863 3391 1952 3445 con-

672 3490 677 3500 '
779 3489 1026 3584 templationis
1043 3490 1189 3565 illorum
1209 3490 1471 3582 Saturnalium,
1490 3490 1631 3565 dicens:
1650 3495 1825 3564 Enostra
1842 3493 1953 3583 scala,

777 3609 878 3701 idest,
906 3609 1175 3704 contemplatio,
1203 3630 1312 3683 aarca
1332 3613 1441 3703 infiao
1459 3613 1508 3684 ad
1525 3631 1616 3703 essa,
1629 3611 1739 3706 idest,
1761 3617 1949 3686 transcen·

776 3729 828 3804 dit
852 3749 982 3804 omncs
1006 3731 1132 3823 ooelos,
1153 3737 1190 3805 et
1208 3731 1378 3827 pertingit
1405 3733 1585 3826 usquead
1606 3731 1850 3828 cognitionem
1873 3730 1948 3805 Dei.

780 3853 821 3925 Et
846 3851 950 3927 dicit:
977 3853 1067 3924 oadc
1090 3844 1162 3925 cosi
1186 3853 1251 3925 dal
1280 3855 1354 3926 viso
1386 3855 1411 3924 a
1440 3855 1614 3942 s'iauola,
1647 3851 1749 3945 idest,
1783 3851 1951 3926 aulertur

778 3994 800 4046 a
827 3979 1023 4066 conspectu
1051 3979 1133 4066 tuo;
1159 3971 1262 4066 quasi
1289 3971 1396 4064 dicat,
1414 3971 1512 4066 quod
1539 3978 1602 4046 tua
1623 3972 1821 4066 speculatio
1843 3972 1950 4046 intel-

780 4091 943 4166 lectualis
974 4112 1046 4165 non
1077 4098 1194 4186 potest
1226 4092 1433 4188 pertingere
1462 4091 1508 4166 ad
1534 4092 1674 4187 apicem
1702 4091 1805 4167 istius
1831 4093 1948 4183 scatae,

779 4231 864 4306 quae
901 4211 1110 4286 extenditur
1147 4219 1266 4305 usque
1302 4212 1348 4285 ad
1387 4211 1497 4305 pedes
1530 4211 1684 4285 Domini.
1721 4211 1764 4284 Et
1796 4210 1951 4286 ostendit

778 4331 878 4426 quod
903 4331 970 4405 ista
1001 4333 1099 4407 scala
1132 4331 1305 4406 altissima
1338 4331 1405 4404 luit
1437 4329 1671 4426 praetigurata
1702 4339 1739 4406 ot
1771 4349 1953 4426 premon-

778 4458 891 4526 strata
905 4443 943 4544 (²)
970 4457 1056 4526 ante
1082 4450 1369 4544 redemptionem
1397 4456 1559 4525 nostram
1581 4471 1646 4546 per
1669 4449 1784 4526 multa
1802 4451 1949 4542 saecula,

777 4571 917 4646 dicens:
943 4574 970 4644 il
991 4574 1178 4664 patriarca
1201 4571 1324 4661 Jacob,
1350 4569 1396 4645 de
1421 4589 1495 4664 quo
1513 4570 1607 4646 lacta
1624 4577 1680 4646 est
1696 4591 1793 4666 saepe
1815 4570 1950 4646 mentio

630 4693 634 4698 ’
779 4690 818 4763 in
840 4690 918 4764 isto.
935 4691 1042 4784 libro,
1067 4693 1104 4764 la
1128 4692 1220 4782 aide,
1242 4688 1390 4783 scilicet,
1406 4690 1540 4764 dictam
1557 4689 1717 4782 'scalam
1734 4693 1896 4782 isporpcr
1912 4692 1949 4763 la

844 4889 873 4951 (¹)
889 4889 919 4939 Ε.
935 4889 1036 4940 scillcet
1051 4892 1186 4941 arcticum.

842 4964 870 5028 ι’)
888 4965 919 5016 rt
934 4965 1109 5017 demonstrata
1125 4972 1185 5017 ante
1202 4966 1411 5030 pretiosissimam
1427 4965 1643 5029 redemptionem.
