4842 6642
824 840 963 897 CANTUS
988 842 1145 898 DECIMUS
1169 842 1300 899 uoltus.
1572 833 1645 899 245

473 991 538 1061 nde
561 994 653 1077 oon,
670 986 817 1081 scilicet,
838 988 909 1061 mel
927 994 1109 1080 cantus,a
1130 991 1326 1063 tectorum
1347 992 1378 1062 te
1396 992 1539 1079 tuenti,
1558 988 1646 1082 quia

474 1110 521 1185 ita
547 1114 602 1184 est
626 1108 722 1183 altus
748 1114 877 1182 cantus
903 1126 1021 1202 meus
1047 1109 1147 1203 quod
1174 1129 1247 1183 non
1263 1102 1301 1201 (¹)
1322 1116 1378 1183 est
1403 1106 1644 1205 intelligibilis,

472 1229 565 1304 sicut
588 1228 726 1329 dictum
754 1229 907 1322 ostiam
935 1249 1031 1325 saepe
1057 1252 1168 1325 supra
1190 1230 1237 1303 de
1255 1238 1364 1304 cantu
1389 1229 1548 1304 aliorum
1573 1230 1646 1324 spi-

474 1350 622 1424 rituum.
650 1350 694 1423 ut
718 1349 870 1423 adverte
895 1350 994 1443 quod
1021 1370 1087 1445 per
1112 1349 1220 1424 istam
1241 1350 1553 1445 comparationem
1572 1348 1646 1422 cla-

474 1491 552 1543 ram
578 1470 700 1563 aquila
727 1468 904 1565 significat
928 1470 1212 1565 profunditatem
1247 1470 1358 1543 divini
1378 1469 1516 1564 judicii,
1548 1469 1647 1564 quod

475 1597 596 1663 tamen
622 1596 678 1662 est
703 1609 848 1684 semper
868 1590 1025 1685 iustum,
1044 1591 1128 1664 licet
1151 1611 1225 1664 non
1250 1596 1494 1685 cognoscatur
1514 1588 1562 1662 ab
1580 1589 1647 1661 ho-

477 1710 584 1804 mine,
609 1708 702 1785 sicut
726 1709 863 1805 patebit
887 1710 1055 1803 sequenti
1081 1710 1240 1805 capitulo
1258 1709 1304 1783 de
1325 1730 1469 1805 pagano
1495 1709 1645 1783 salvato.

474 1870 522 1883 --
537 1832 610 1903 Poi.
637 1829 702 1903 llic
719 1836 827 1905 autor
848 1830 1003 1903 ostendit
1024 1829 1287 1923 quietationem
1310 1836 1431 1903 motus
1456 1836 1494 1903 et
1518 1838 1647 1929 cantus

475 1949 618 2024 illarum
653 1950 863 2023 animarum
897 1950 1197 2025 constituentium
1232 1950 1407 2043 aquilam,
1444 1957 1485 2022 ut
1518 1950 1648 2024 darent

474 2069 539 2143 sibi
565 2069 721 2164 spatium
751 2070 884 2143 iterum
912 2068 1082 2163 loquendi
1117 2090 1204 2143 cum
1240 2078 1383 2144 autore.
1417 2069 1509 2143 Dicit
1539 2090 1646 2166 ergo:

478 2193 561 2279 poet
584 2194 707 2265 lucenti
731 2193 879 2281 incendi,
906 2190 1009 2283 idest,
1043 2190 1092 2263 illi
1117 2190 1265 2284 spiritus
1281 2182 1318 2281 (²)
1354 2190 1583 2283 splendentes
1613 2198 1649 2264 et

472 2308 642 2385 ardentes
667 2330 797 2385 amore
822 2310 994 2405 caritatis,
1012 2313 1102 2385 detto
1128 2314 1258 2403 Spiritu
1284 2314 1394 2383 Scuto
1412 2314 1475 2402 poi
1497 2314 1529 2382 st
1553 2313 1648 2407 poie-

474 2438 567 2521 toro,
593 2429 695 2525 idest,
716 2431 939 2524 quieverunt
959 2439 1142 2507 cessantes
1159 2451 1180 2503 a
1201 2439 1304 2505 motu
1324 2440 1361 2507 et
1381 2438 1649 2525 commoneor,

475 2550 576 2644 idest,
611 2550 758 2644 iterum,
790 2552 874 2646 quia
911 2552 1030 2646 primo
1063 2552 1291 2645 quieverant,
1326 2551 1413 2625 dum
1448 2542 1647 2647 signumd)

478 2670 597 2745 luerat
630 2671 824 2765 loquutum
857 2672 989 2763 autori,
1021 2675 1078 2745 ool
1104 2693 1225 2765 scpoo,
1259 2672 1360 2766 idest,
1390 2673 1511 2767 aquila
1547 2672 1649 2768 signo

481 2812 742 2885 romanorum3
769 2792 866 2867 unde
891 2792 998 2867 dicit:
1030 2796 1089 2867 cte
1117 2800 1152 2887 (e
1179 2797 1193 2867 i
1221 2798 1364 2869 romunt
1396 2796 1580 2866 reuerendi
1613 2795 1652 2866 ot

479 2916 621 3003 moun,
648 2913 735 3007 quia
760 2912 895 2989 scilicet
912 2914 981 2988 sub
1000 2913 1059 2987 illo
1080 2914 1184 3009 signo
1203 2914 1524 3008 triumphaverunt
1541 2919 1579 2986 et
1599 2912 1652 2986 vi-

480 3040 611 3109 cerunt
627 3052 758 3109 omnes
776 3032 952 3128 nationes,
973 3033 1068 3108 sicut
1088 3034 1217 3128 pulcre
1233 3042 1344 3108 autor
1361 3034 1512 3109 deduxit
1528 3033 1574 3105 Vl
1591 3054 1653 3107 ca·

480 3154 593 3249 pitulo
618 3154 790 3229 Paradisi.
818 3154 862 3227 Et
888 3153 970 3228 lacti
996 3160 1081 3227 sunt
1095 3142 1132 3246 (⁴)
1152 3154 1250 3228 enim
1273 3161 1348 3229 tam
1370 3153 1520 3229 timendi
1538 3173 1651 3249 quam

482 3275 673 3351 reverendi
699 3275 846 3349 virtute.
874 3275 975 3349 Unde
999 3274 1241 3362 Quintilianus
1272 3273 1365 3348 libro
1395 3276 1442 3350 de
1472 3273 1591 3349 causis
1616 3280 1654 3349 et

479 3394 682 3470 Poiicratus
707 3401 775 3469 etc.
790 3400 949 3467 -Esso
977 3394 1042 3469 llic
1067 3402 1177 3469 autor
1202 3395 1374 3470 describit
1398 3394 1651 3488 loquutionem

479 3516 589 3591 aliam
616 3515 761 3609 aquilae‚
787 3515 929 3590 dicens:
956 3521 1057 3602 Esco,
1087 3515 1235 3608 scilicet,
1260 3516 1406 3612 signum
1434 3516 1586 3608 loquens
1617 3516 1653 3588 in

480 3656 635 3731 persona
666 3642 900 3729 caeterorum‚
931 3628 1147 3727 ricomtnta‘d,
1179 3638 1307 3731 supple
1337 3636 1435 3730 loqui
1468 3643 1504 3712 et
1531 3636 1654 3710 dicere

480 3757 584 3831 istam
617 3757 829 3852 generalem
862 3757 1147 3849 conclusionem,
1173 3757 1418 3849 corollarium,
1452 3763 1493 3829 ut
1522 3756 1652 3830 credo:

481 3879 547 3965 ctu,
582 3875 683 3969 idest,
719 3875 957 3971 quicumque,
992 3897 1063 3948 noo
1100 3879 1246 3950 credette
1270 3879 1308 3949 io
1345 3878 1457 3949 cristo
1489 3896 1561 3949 oon
1588 3870 1654 3949 soll

481 4002 554 4071 mot
582 4019 606 4071 o
639 4006 756 4088 pumto
785 4017 910 4089 repoo,
943 3996 1045 4089 idest,
1076 4018 1266 4091 nunquam
1300 3996 1462 4071 ascendit
1497 4018 1653 4093 regnum

481 4118 640 4193 coeleste.
666 4118 710 4191 Et
740 4117 901 4191 declarat
935 4118 1086 4192 modum
1118 4117 1288 4193 credendi
1326 4117 1572 4192 necessarium
1608 4118 1655 4191 ad

482 4240 651 4329 salutem,
677 4237 818 4313 dicens:
841 4234 887 4311 nd
900 4241 1000 4331 prio,
1026 4235 1071 4312 nd
1088 4241 1153 4330 pot
1176 4239 1273 4311 clte’t
1294 4241 1326 4310 si
1349 4240 1528 4310 cltooosse
1544 4240 1582 4309 ot
1606 4240 1654 4311 te-

482 4381 567 4453 pno,
593 4360 695 4452 idest,
722 4379 790 4433 nec
814 4366 900 4433 ante
925 4358 1004 4433 eius
1030 4358 1247 4454 passionem,
1274 4379 1342 4433 nec
1367 4366 1458 4454 post.
1476 4358 1529 4431 nd
1556 4356 1655 4451 quod

483 4480 683 4572 sciendum,
709 4478 808 4572 quod
834 4485 919 4555 ante
944 4479 1144 4554 adventum
1171 4477 1301 4553 Christi
1316 4470 1352 4569 (⁵)
1381 4479 1518 4572 siquis
1544 4478 1655 4551 debe·

483 4602 546 4675 bat
570 4598 703 4674 salvari
731 4598 887 4674 habebat
914 4597 1119 4674 necessario
1136 4597 1289 4673 credere
1306 4597 1343 4670 in
1361 4598 1544 4671 Christum
1566 4618 1655 4671 ven-

545 4829 573 4893 (“)
590 4831 620 4881 Ε.
637 4844 689 4880 non
706 4835 791 4893 polest
807 4829 925 4894 intelllgi,
942 4830 1015 4879 sicut

546 4906 573 4965 l¹l
590 4904 620 4955 E.
636 4904 675 4954 llll
689 4904 804 4955 lucentes
820 4919 865 4955 scu
882 4903 1044 4968 splendentes
1060 4904 1163 4967 spiritus
1179 4909 1206 4954 et
1222 4905 1350 4956 ardentes.
1420 4931 1423 4937 ·

547 4981 574 5045 l'i
589 4980 615 5031 S.
632 4982 695 5033 dum
712 4994 758 5045 per
773 4983 885 5047 signum.
969 4979 995 5043 (·)
1012 4980 1042 5031 Ε.
1058 4986 1119 5031 suut
1134 4995 1186 5031 nou
1204 4986 1264 5033 taur.
1353 4980 1382 5044 [⁸]
1398 4982 1429 5033 E.
1445 4982 1507 5032 Joeu
1522 4980 1624 5031 curtari,
