4842 6642
782 850 854 918 228
1175 860 1380 917 uuunurun
1405 862 1572 916 rnnnorsr

780 1011 836 1098 sti,
863 1007 964 1103 idest,
991 1012 1141 1102 propter
1173 1007 1365 1083 eeclesiam
1398 1006 1464 1083 llei
1496 1006 1733 1102 fundandam,
1764 1028 1877 1103 quam
1916 1015 1955 1079 tu

782 1128 975 1223 subvertis,
1002 1148 1116 1202 ancer
1139 1148 1205 1202 son
1231 1131 1301 1201 viui
1309 1153 1325 1224 ;
1350 1135 1388 1204 et
1412 1134 1580 1224 potentes
1601 1127 1639 1201 in
1660 1128 1767 1223 eoelo‚
1785 1128 1835 1203 ita
1860 1126 1959 1223 quod

783 1254 930 1345 possent
954 1247 1163 1323 interlicere
1187 1254 1225 1323 et
1251 1268 1325 1323 nun
1349 1247 1523 1342 interliei;
1544 1248 1650 1343 quasi
1667 1248 1780 1323 dicat:
1806 1246 1960 1323 deberes

783 1368 916 1445 timere
941 1368 1035 1443 iram
1061 1374 1099 1443 et
1125 1367 1411 1464 indignationem
1443 1367 1542 1443 Petri
1574 1374 1613 1444 et
1637 1368 1751 1462 Pauli,
1778 1388 1892 1463 quam
1920 1374 1959 1439 tu

784 1490 935 1565 minaris
959 1489 1287 1565 excommunicatis
1304 1490 1530 1564 tuis-ileu
1549 1492 1643 1583 puot.
1671 1490 1736 1564 llic
1760 1495 1871 1563 autor
1895 1507 1961 1582 per

784 1612 1048 1708 improperium
1075 1609 1238 1707 assignat
1266 1630 1417 1685 eausam
1449 1630 1568 1706 qtrare
1598 1617 1723 1706 pastor
1753 1631 1827 1684 non
1858 1608 1961 1683 timet

784 1732 979 1807 vindictam
1006 1731 1278 1826 apostolurum3
1305 1736 1342 1806 et
1366 1730 1471 1805 dicit:
1506 1739 1544 1805 tu
1581 1738 1685 1825 potes
1716 1729 1958 1826 respondere:

784 1873 855 1949 ego
880 1852 1000 1926 habeo
1028 1850 1076 1924 ita
1103 1857 1221 1925 toturn
1249 1850 1412 1926 studium
1439 1858 1476 1928 et
1502 1852 1682 1927 intentum
1708 1850 1755 1925 ad
1782 1870 1871 1925 eum
1898 1848 1963 1943 qni

786 1972 901 2047 voluit
919 1972 1043 2046 vivere
1060 1972 1159 2045 sulus
1176 1979 1215 2045 et
1232 1970 1294 2066 qui
1321 1992 1388 2065 per
1413 1973 1527 2046 saltus
1544 1971 1612 2045 luit
1629 1978 1770 2046 tractus
1786 1970 1833 2044 ad
1860 1990 1963 2043 mar·
2042 2048 2045 2050 Α

787 2094 936 2190 tyrium,
964 2092 1062 2186 quod
1094 2112 1164 2189 ego
1195 2114 1268 2168 non
1299 2094 1412 2168 timeo
1437 2094 1588 2168 Petrum
1625 2114 1693 2169 neo
1722 2093 1892 2167 Paulum.
1918 2092 1963 2164 ut

786 2213 832 2287 ad
859 2213 1131 2309 intelligentiam
1162 2214 1271 2287 huius
1297 2214 1411 2289 literae
1436 2222 1492 2289 est
1508 2215 1663 2289 solerter
1680 2212 1960 2304 advertendum,

786 2331 885 2428 quod
913 2332 1016 2405 multi
1044 2334 1159 2406 multa
1185 2332 1314 2408 frivola
1340 2338 1379 2408 et
1403 2353 1498 2408 vana
1523 2334 1696 2409 dixerunt
1721 2334 1819 2408 eirca
1850 2333 1960 2407 istum

787 2473 946 2549 passum.
974 2451 1093 2547 Aliqui
1119 2453 1217 2526 eninr
1237 2452 1362 2528 dicunt
1383 2454 1482 2548 quod
1497 2460 1608 2528 autor
1634 2453 1799 2549 loquitur
1816 2453 1863 2527 de
1883 2451 1963 2526 dia-

742 2574 745 2580 ’
787 2575 882 2667 bolo,
905 2574 967 2667 qui
986 2573 1053 2645 luit
1079 2571 1326 2668 praecipitatus
1351 2573 1397 2649 de
1413 2575 1509 2648 ooelo
1531 2573 1579 2648 ad
1596 2574 1779 2648 internum
1800 2572 1847 2647 ad
1865 2594 1963 2646 mar-

788 2694 944 2791 tyrinm3
969 2693 1033 2767 sed
1067 2693 1134 2767 ista
1167 2694 1344 2788 expositio
1378 2701 1435 2769 est
1463 2694 1607 2789 penitus
1641 2693 1740 2788 salsa,
1773 2694 1860 2788 quia
1895 2692 1963 2767 iste

789 2814 904 2887 uoluit
929 2814 1055 2887 virere
1080 2813 1190 2906 solus,
1217 2813 1282 2887 sed
1307 2814 1424 2887 voluit
1448 2813 1527 2889 deri
1553 2813 1679 2888 similis
1704 2812 1899 2906 altissimo;
1925 2819 1963 2884 et

789 2934 990 3008 maximam
1010 2933 1283 3009 multitudinem
1304 2936 1432 3010 habuit
1455 2935 1640 3009 sociorum
1664 2936 1701 3009 in
1718 2935 1824 3028 ooelo,
1843 2940 1881 3007 et
1897 2933 1964 3007 lra-
2074 3004 2077 3009 .

789 3055 850 3127 bet
874 3054 911 3125 in
938 3054 1091 3127 interno.
1119 3054 1238 3149 Aliqui
1258 3074 1347 3129 vero
1368 3062 1567 3150 exponunt,
1589 3055 1688 3150 quod
1708 3060 1818 3129 autor
1843 3053 1963 3147 loqui-

789 3181 850 3248 tur
882 3174 928 3248 do
964 3174 1113 3248 Simone
1137 3176 1254 3271 Mago,
1288 3176 1350 3270 qui
1380 3176 1513 3249 cadens
1545 3196 1590 3251 ex
1621 3196 1710 3251 aere
1739 3182 1906 3272 portatus
1940 3194 1962 3245 a

789 3293 976 3369 daemoniis
1001 3300 1266 3387 conquassatus
1292 3300 1347 3369 est
1381 3295 1418 3369 in
1451 3302 1569 3389 terra;
1595 3296 1659 3370 sed
1692 3303 1729 3370 et
1754 3296 1821 3370 ista
1847 3313 1963 3390 expo-

789 3414 870 3489 sitio
897 3421 951 3489 est
976 3413 1106 3507 aliena,
1132 3414 1219 3508 quia
1246 3414 1370 3488 Simon
1397 3416 1523 3512 llagus
1548 3415 1659 3490 etiarn
1692 3415 1809 3489 noluit
1836 3413 1965 3487 virere

788 3537 898 3629 solus,
921 3534 1034 3607 inrrno
1060 3553 1145 3607 oum
1170 3534 1377 3607 hominibus
1394 3540 1431 3609 et
1447 3535 1647 3629 demoniis,
1665 3542 1703 3609 et
1718 3536 1864 3608 Nerone
1880 3553 1964 3627 pes-

789 3656 881 3729 simo
907 3654 1071 3730 omniurn
1099 3654 1381 3729 daemoniorum.
1400 3654 1467 3728 Alii
1484 3661 1611 3729 autem
1630 3655 1758 3729 volunt
1774 3652 1873 3748 quod
1893 3672 1964 3726 au-

790 3784 848 3851 tor
874 3774 1050 3871 intelligat
1074 3774 1121 3849 de
1146 3773 1393 3869 Sardanapalo
1427 3794 1516 3871 rege
1547 3772 1785 3871 assyriorum,
1812 3773 1857 3846 de
1889 3792 1964 3865 quo

789 3898 927 3972 dietum
954 3901 1010 3969 est
1034 3880 1146 3989 supra
1172 3895 1332 3990 capitulo
1359 3894 1468 3969 huius
1493 3894 1666 3999 paradisi,
1693 3892 1756 3988 qui
1781 3892 1848 3965 luit
1865 3897 1965 3964 totus

790 4018 987 4109 delitiosus
1007 4022 1044 4090 et
1064 4015 1217 4089 demum
1235 4035 1275 4088 se
1293 4015 1495 4110 praecitarit
1511 4015 1549 4088 in
1566 4015 1708 4111 ignem;
1726 4012 1789 4087 sed
1808 4031 1876 4085 nec
1895 4010 1964 4084 ista

790 4138 911 4234 opinio
938 4156 1026 4210 vera
1054 4142 1120 4229 est,
1147 4136 1235 4229 quia
1261 4134 1528 4230 sardanapalus
1553 4134 1669 4209 noluit
1700 4131 1827 4207 virere
1852 4129 1964 4224 solus,

791 4259 905 4332 immo
931 4256 1105 4332 continuo
1132 4264 1213 4329 erat
1240 4255 1538 4329 circumvallatus
1561 4274 1693 4350 magna
1712 4252 1820 4326 turba
1839 4269 1966 4324 mere-

792 4378 938 4452 tricum.
966 4377 1058 4450 Sunt
1091 4377 1201 4450 etiam
1238 4375 1386 4470 quidam
1408 4381 1632 4469 exponentes
1656 4372 1824 4446 subtilius
1849 4377 1887 4446 et
1911 4370 1967 4445 di-

791 4504 926 4589 eentes‚
946 4496 1044 4590 quod
1070 4503 1180 4569 arrtor
1205 4494 1372 4591 intelligit
1387 4496 1434 4571 de
1451 4495 1615 4570 Johanne
1631 4492 1810 4588 Baptista;
1829 4497 1865 4567 et
1886 4492 1967 4564 vult

791 4617 934 4692 dicere:
962 4636 1031 4711 ego
1057 4615 1176 4690 habeo
1203 4616 1251 4690 ita
1279 4614 1426 4689 firmum
1451 4614 1671 4689 desiderium
1699 4634 1826 4687 meum
1846 4610 1894 4685 ad
1911 4611 1969 4685 vi-

794 4744 868 4811 tam
883 4735 1218 4830 contemplativam,
1232 4735 1349 4829 qualis
1362 4734 1430 4808 luit
1443 4734 1517 4808 vita
1533 4733 1710 4829 Baptistae,
1724 4732 1823 4827 quod
1843 4724 1964 4821 nond)

855 4997 883 5056 t'l
900 4996 931 5046 Β.
948 4996 1018 5060 quod
1034 5009 1084 5059 ego
1101 5010 1152 5047 nun
1169 5010 1245 5047 euro.
