4842 6642
794 807 863 873 170
1183 815 1388 872 dopmnum
1410 817 1580 872 ernaursr

790 964 912 1039 nullus
937 969 1055 1059 potest
1086 961 1136 1037 ibi
1168 962 1295 1038 virere
1324 982 1425 1055 sane,
1451 963 1568 1037 immo
1598 955 1723 1054 non(¹)
1755 963 1835 1056 diu;
1862 963 1960 1041 uude

789 1084 897 1181 pauci
921 1083 1135 1181 alienigene
1158 1082 1341 1178 desperati
1365 1089 1463 1158 stant
1485 1083 1606 1158 adlruc
1623 1083 1683 1156 ibi.
1702 1084 1819 1158 Habet
1836 1091 1961 1160 tamen

787 1205 909 1280 adhue
933 1205 1074 1280 bonurn
1099 1203 1350 1300 episcopatum
1376 1211 1414 1280 et
1440 1223 1593 1300 magnos
1617 1203 1789 1278 redditus.
1813 1205 1857 1278 Et
1880 1205 1963 1280 ideo

789 1324 893 1400 dicit:
919 1345 1017 1399 come
1039 1347 1077 1400 se
1100 1345 1145 1398 ne
1170 1345 1302 1417 muno,
1322 1323 1424 1418 idest7
1443 1323 1631 1419 paullatim
1653 1344 1753 1398 nune
1776 1323 1962 1419 deliciunt,

788 1449 922 1522 diretro
939 1451 989 1520 ud
1003 1467 1089 1539 esse,
1109 1446 1256 1538 scilieet,
1273 1450 1353 1541 post
1377 1445 1521 1520 Lunam
1545 1451 1584 1520 et
1608 1444 1836 1520 Urbisaliam.
1858 1445 1960 1521 Sicut

789 1575 826 1643 et
851 1567 958 1642 hodie
979 1567 1126 1642 evidens
1143 1567 1354 1661 exemplum
1373 1566 1552 1642 habemus
1569 1585 1646 1660 prae
1661 1566 1778 1640 oeulis
1797 1567 1957 1642 nobilem

789 1687 972 1764 civitatem
999 1687 1176 1783 Reginum
1207 1686 1245 1762 in
1278 1686 1506 1781 Lombardia,
1538 1687 1645 1761 cuius
1675 1686 1775 1762 eires
1800 1686 1849 1762 ita
1875 1695 1960 1764 suut

789 1806 938 1902 dispersi
964 1828 1030 1902 per
1055 1808 1206 1899 ltaliam,
1225 1807 1318 1882 sicut
1338 1807 1452 1902 judaei
1476 1828 1543 1903 per
1570 1807 1798 1900 universum,
1815 1815 1854 1884 et
1872 1829 1962 1884 eon-

788 1927 892 2002 tinuo
916 1926 1147 2002 eonsumitur
1161 1918 1211 2020 (²),
1241 1928 1291 2002 ita
1326 1934 1368 2002 ut
1397 1927 1604 2004 miserabile
1634 1929 1884 2022 spectaculum
1916 1929 1961 2004 sit

787 2049 1072 2124 transeuntibus.
1100 2049 1142 2122 lit
1168 2048 1217 2125 ita
1251 2070 1396 2144 possem
1425 2049 1550 2125 dioere
1581 2049 1627 2124 de
1659 2050 1784 2123 multis
1807 2050 1962 2124 aliis.—

790 2173 835 2241 Le
859 2176 984 2243 vostre.
1010 2169 1076 2244 Hie
1101 2169 1342 2266 Careiaguida
1360 2169 1544 2245 concludit
1563 2169 1662 2264 quod
1678 2190 1753 2243 non
1769 2170 1890 2244 solum
1907 2171 1961 2246 ci·

787 2289 917 2364 vitatos
941 2295 978 2364 et
1004 2289 1133 2386 stirpes
1162 2289 1347 2383 deliciunt,
1373 2292 1437 2367 sed
1468 2295 1506 2366 et
1529 2291 1653 2366 omnia
1680 2291 1842 2366 humana
1866 2292 1960 2366 sicut

789 2431 902 2506 regna
929 2416 966 2485 et
991 2411 1187 2505 provinciae
1213 2418 1251 2486 et
1274 2411 1437 2507 imperia
1460 2411 1563 2487 Unde
1586 2412 1685 2504 dicit,
1710 2419 1748 2488 et
1772 2418 1828 2486 est
1851 2418 1958 2486 nota-

787 2530 867 2606 bilis
892 2531 1090 2605 sententia:
1118 2535 1163 2603 Le
1188 2540 1304 2606 vostre
1326 2553 1418 2625 cose,
1445 2531 1592 2626 scilieet,
1609 2532 1735 2607 omnia
1759 2533 1956 2625 mundana,

788 2659 868 2725 mlle
891 2654 1011 2726 dunno
1036 2655 1093 2726 lor
1118 2660 1241 2744 morte,
1266 2659 1305 2728 et
1331 2651 1391 2727 hie
1419 2662 1506 2730 nou
1538 2651 1637 2746 quod
1669 2653 1739 2726 lroe
1767 2659 1822 2726 est
1845 2674 1868 2728 a
1895 2674 1957 2728 ra·

788 2772 886 2846 tione
912 2772 1086 2866 naturali3
1114 2793 1198 2847 nam
1220 2793 1332 2848 omne
1352 2771 1596 2867 compositum
1618 2771 1825 2866 resolvitur,
1845 2792 1957 2847 omne

787 2897 1005 2990 generatum
1033 2893 1295 2991 corrumpitur,
1312 2914 1424 2969 omne
1441 2895 1598 2968 mortale
1618 2893 1793 2987 morilur3
1811 2901 1850 2970 et
1870 2893 1957 2968 nihil

787 3014 996 3089 immortale
1029 3014 1201 3090 mortales
1233 3014 1354 3089 iecere
1369 3005 1407 3106 (³)
1438 3035 1589 3106 manus;
1614 3019 1653 3088 et
1686 3013 1769 3088 ideo
1797 3012 1902 3088 dicit:
1927 3005 1958 3087 si

787 3155 883 3206 corne
908 3138 978 3226 voi,
1003 3133 1148 3228 scilieet,
1176 3135 1315 3209 habetis
1338 3142 1501 3210 nestram
1524 3141 1695 3229 mortem,
1716 3135 1822 3228 quasi
1841 3134 1957 3210 dieat:

787 3253 903 3330 insani
925 3257 1109 3350 mortales,
1129 3255 1276 3330 creditis
1295 3255 1416 3331 lacere
1436 3255 1611 3347 civitates,
1633 3255 1691 3329 vel
1713 3255 1878 3348 familias,
1899 3256 1958 3330 vel

786 3375 908 3470 aliqua
936 3376 1156 3452 immortalia
1181 3396 1268 3451 eum
1287 3397 1352 3450 vos
1377 3382 1451 3451 lam
1477 3375 1549 3450 olto
1567 3376 1785 3450 moriamini.
1809 3377 1852 3450 Et
1869 3377 1958 3450 sub·

785 3494 857 3570 dit:
893 3517 954 3570 mu.
980 3499 1087 3570 celari
1117 3500 1155 3569 in
1183 3500 1325 3589 alcuna,
1360 3495 1462 3591 idest,
1494 3496 1607 3571 celari
1640 3496 1797 3589 videtur,
1823 3496 1959 3571 scilieet

787 3634 887 3691 mors
912 3617 1120 3691 occultatur
1144 3616 1355 3710 aliquandiu
1382 3617 1420 3690 in
1444 3614 1567 3710 aliqua
1594 3637 1636 3692 re
1660 3618 1836 3710 humana,
1865 3617 1959 3690 sieut

786 3735 948 3812 virtuosa
974 3736 1187 3832 operatione
1212 3744 1250 3811 et
1274 3737 1372 3812 lama
1398 3741 1567 3831 respectu
1585 3737 1771 3831 temporis,
1787 3739 1849 3809 cte
1864 3739 1958 3810 dura

786 3859 904 3948 molto,
932 3855 1022 3930 idest
1047 3855 1122 3948 diu,
1148 3878 1167 3928 e
1191 3859 1224 3929 le
1248 3859 1327 3946 uite,
1351 3855 1498 3949 seilicet,
1525 3855 1730 3948 hominurn,
1754 3877 1820 3929 son
1850 3864 1955 3930 corte.

786 3975 830 4050 Et
853 3975 912 4050 llio
938 3983 1023 4051 nota
1048 3976 1147 4070 quod
1168 3976 1238 4051 hoc
1258 3975 1422 4072 propedit
1437 3975 1485 4051 ab
1501 3976 1688 4051 influentia
1706 3976 1804 4067 eoeli3
1820 3997 1958 4052 seeun-

784 4097 875 4171 dum
901 4095 999 4171 enim
1025 4116 1179 4192 magnas
1204 4095 1478 4170 coniunctiones
1498 4115 1557 4170 res
1571 4084 1609 4188 (⁸)
1631 4103 1882 4192 propagantur
1901 4096 1957 4172 vel

786 4217 1002 4292 breriautur
1027 4225 1096 4291 etc.

859 4343 892 4411 E
914 4359 1010 4411 come
1033 4339 1061 4410 il
1084 4327 1268 4430 volperl⁵t
1295 4339 1366 4412 lsta
1391 4342 1448 4412 est
1472 4344 1606 4432 quarta
1639 4344 1677 4413 et
1710 4338 1840 4412 ultima
1874 4357 1958 4432 pars

786 4458 980 4556 generalis
1007 4458 1044 4532 in
1070 4479 1144 4553 qua
1161 4457 1401 4554 Caeciaguida
1419 4458 1616 4553 praemissis
1631 4460 1854 4554 generaliter
1877 4457 1959 4553 qui-

787 4579 942 4655 busdam
957 4578 1235 4654 evidentialibus
1251 4578 1299 4654 ad
1314 4600 1424 4654 suum
1440 4579 1666 4674 propositum
1678 4579 1957 4672 ostendendum,

849 4811 878 4874 (¹)
895 4812 925 4862 Ε·
943 4826 992 4862 ¹¹⁰⁰
1008 4813 1061 4864 ⁴¹⁰·
1476 4809 1505 4875 (¹)
1521 4812 1552 4861 Ε.
1568 4817 1769 4862 consumuntur.

850 4887 876 4949 (¹)
893 4887 918 4938 S.
935 4886 1022 4938 lacero
1039 4902 1130 4939 munus
1146 4894 1266 4952 possunt3
1280 4894 1308 4939 et
1322 4889 1389 4940 ideo.
1476 4889 1504 4952 (¹)
1520 4889 1551 4938 Ε.
1568 4901 1610 4938 res
1625 4887 1687 4951 lpse
1702 4892 1888 4952 propagantur.

849 4967 876 5028 (¹)
893 4965 923 5016 E.
939 4967 1031 5030 volper.
1049 4967 1098 5018 llic
1113 4966 1290 5032 Cacuirssulda.
1748 5001 1754 5016 ,
