4842 6642
771 827 910 884 ornans
935 830 1126 885 rransnrns
1149 831 1295 886 snxrns.
1535 821 1611 888 ast

442 946 538 1047 rium
568 994 743 1069 magnum
771 994 865 1048 meae
886 976 1098 1068 volontatis3
1125 984 1161 1050 et
1178 975 1378 1070 dicitquod
1396 999 1469 1053 non
1490 978 1614 1074 expri-

444 1094 510 1167 mit
535 1116 639 1168 suam
667 1094 892 1169 voluntatem
919 1096 966 1171 ad
991 1096 1186 1171 tollendam
1209 1118 1374 1192 moram3
1394 1099 1491 1174 unde
1508 1098 1612 1173 dicit:

416 1238 460 1289 ·e
485 1236 556 1288 aori
583 1218 619 1288 ta
645 1218 723 1289 dito
742 1236 811 1308 per
842 1220 950 1290 odiro
979 1224 1079 1311 tosto,
1114 1218 1261 1311 scilicet,
1292 1219 1339 1293 ad
1371 1219 1612 1293 breviandum

443 1337 579 1413 lactum
608 1336 750 1410 dimitto
775 1338 1023 1412 narrationem
1051 1337 1114 1411 tibi
1139 1344 1340 1411 notam-
1357 1342 1526 1413 Talooltc.
1549 1337 1615 1412 llic

442 1463 553 1531 autor
580 1456 705 1531 volens
730 1476 869 1551 ponere
896 1458 1166 1553 responsionem
1194 1458 1291 1551 ddae,
1312 1458 1431 1553 primo
1457 1458 1614 1533 ostendit

444 1578 524 1654 eins
549 1577 778 1652 allectionem
813 1598 879 1673 per
912 1600 1024 1653 unam
1059 1580 1371 1674 comparationem
1394 1582 1610 1668 naturalem

443 1706 481 1775 et
506 1698 835 1795 propriam3cnins
860 1719 966 1774 casus
991 1699 1071 1774 talis
1096 1707 1170 1773 est:
1192 1699 1388 1794 aliquando
1409 1721 1528 1774 unum
1545 1698 1613 1773 ali-

442 1820 541 1917 quod
566 1818 701 1893 animal
727 1818 916 1893 fasciatum
944 1820 1038 1914 pelle
1062 1814 1128 1894 sna
1156 1820 1288 1895 indicat
1312 1842 1420 1895 suam
1444 1820 1611 1896 allectio-

314 1944 319 1955 '
442 1959 526 2016 nem
553 1940 764 2017 interiorem
793 1960 858 2035 per
887 1940 1048 2033 aliquem
1083 1945 1226 2014 motum
1260 1940 1495 2035 exteriorem,
1520 1946 1610 2034 puta

441 2068 641 2135 tremorem
659 2059 779 2155 pellis;
798 2060 847 2135 ita
864 2082 884 2135 a
904 2059 1010 2133 simili
1028 2058 1144 2133 Adam
1161 2080 1229 2154 per
1245 2058 1487 2135 vibrationcm
1506 2058 1609 2153 lucis,

439 2202 512 2276 qna
538 2180 681 2256 velatus
706 2187 786 2253 erat
812 2179 987 2273 exterius,
1004 2179 1218 2255 ostendebat
1236 2181 1358 2255 laetam
1381 2181 1607 2255 voluntatem

433 2299 649 2375 'interiorem
676 2298 927 2395 complacendi
951 2298 1084 2373 autori.
1104 2299 1196 2373 Dicit
1221 2320 1332 2395 ergo:
1355 2303 1513 2374 Tatootta
1537 2322 1610 2373 ano

439 2423 576 2494 animal
598 2426 750 2510 coemto,
764 2418 858 2515 pelle
873 2440 953 2513 sna,
971 2419 1065 2493 sicut
1084 2440 1215 2515 agnus,
1234 2420 1292 2495 vel
1308 2419 1437 2513 simile,
1458 2420 1611 2511 tropea,

438 2542 540 2633 idest,
570 2539 699 2630 vibrat,
726 2539 784 2614 vel
810 2538 945 2633 tremit,
970 2531 1012 2630 si,
1043 2542 1103 2613 cte
1135 2542 1297 2631 follem,
1329 2540 1432 2634 idest,
1465 2538 1611 2615 allectio

439 2662 601 2754 interior,
627 2665 716 2756 puta
740 2658 921 2755 appetitus
946 2659 1171 2753 comedendi,
1197 2664 1342 2733 coeman
1366 2664 1427 2735 cle
1451 2664 1483 2734 si
1504 2663 1605 2753 pcto,

438 2783 540 2876 idest,
566 2787 741 2877 appareat
768 2785 805 2854 e't
829 2786 951 2875 pateat
976 2779 1110 2856 ridenti
1136 2781 1329 2875 praesenti3
1353 2787 1392 2857 et
1416 2781 1519 2857 dicit:
1541 2801 1609 2874 per

437 2906 472 2977 to
503 2906 622 2997 sepuir
653 2903 713 2974 cte
743 2904 823 2994 [noe
853 2920 877 2971 α
907 2904 957 2975 1αὲ
990 2902 1192 2993 tempta,
1228 2899 1331 2993 idest,
1365 2901 1452 2997 quia
1485 2908 1609 2975 motus

438 3020 539 3120 pellis
564 3044 637 3116 qua
663 3022 869 3097 involutum
897 3029 952 3097 est
976 3021 1143 3115 seqnitur
1169 3028 1312 3097 motum
1343 3022 1401 3097 vel
1430 3022 1605 3097 allectum

435 3144 658 3220 interiorem.
687 3144 730 3216 ltt
754 3142 909 3239 applicat
933 3141 1067 3217 dictam
1098 3141 1411 3237 comparationem
1441 3142 1487 3217 ad
1520 3162 1607 3237 pro·

434 3266 603 3361 positum,
638 3264 780 3339 dicens:
815 3266 1035 3337 dmikmentc
1064 3263 1222 3337 lanima
1249 3264 1424 3355 pmnsoio,
1457 3262 1605 3357 scilicet,

432 3386 519 3461 Adae
545 3406 628 3479 quae
653 3384 721 3457 init
746 3382 864 3479 prima
889 3384 1012 3458 anima
1039 3381 1224 3457 rationalis
1250 3389 1374 3457 creata
1398 3405 1423 3458 a
1447 3384 1537 3479 Deo,
1557 3386 1607 3457 nst

429 3512 531 3602 [oceo
556 3514 778 3598 trcrparere,
799 3503 944 3597 scilicet,
975 3502 1150 3595 exterius,
1177 3524 1245 3596 per
1278 3506 1315 3577 tc
1345 3511 1500 3593 conon,
1534 3502 1604 3577 sci·

432 3628 527 3719 licet,
545 3645 624 3701 snae
640 3624 731 3700 lucis
749 3646 822 3719 qne
840 3630 1035 3717 coopertus
1053 3626 1145 3715 erat,
1163 3625 1281 3715 quant
1294 3624 1362 3696 etlc
1383 3626 1486 3697 versic
1500 3626 1601 3715 pata,

433 3747 535 3839 idest,
562 3765 668 3841 vaga,
694 3766 719 3817 o
743 3746 999 3837 complacerent,
1017 3742 1119 3836 idest
1136 3743 1183 3816 ad
1200 3741 1492 3818 satisfaciendum
1516 3744 1602 3817 mihi

432 3866 479 3943 de
504 3866 596 3941 meis
620 3864 739 3940 dubiis
764 3864 822 3939 rel
847 3862 1033 3937 desideriis
1059 3860 1160 3937 meis.
1186 3863 1232 3935 Et
1256 3862 1308 3936 sic
1332 3861 1496 3940 breviter
1526 3864 1604 3939 rol·

433 3976 730 4085 ligere(⁴)'potes
755 3982 853 4079 quod
884 3982 1108 4078 comparatio
1138 3981 1204 4072 ista
1236 3994 1309 4056 non
1332 3989 1396 4057 est
1428 3982 1603 4060 inconve-

433 4108 553 4201 niens;
567 4105 660 4181 sicut
677 4106 775 4180 enim
795 4103 931 4179 animal
950 4123 1015 4197 per
1033 4108 1189 4197 motum,
1202 4102 1260 4177 vel
1278 4110 1480 4179 tremorem
1498 4104 1602 4199 pellis

414 4250 507 4324 *qua
528 4234 743 4322 coopertum
763 4232 818 4301 est
834 4223 970 4321 detegit
995 4224 1196 4319 appetitum
1222 4223 1437 4301 comedendi
1463 4225 1522 4300 vel
1547 4223 1602 4297 bi-

431 4348 551 4442 bendi,
568 4348 615 4421 ita
636 4346 753 4421 ¹Adam
772 4345 933 4440 primum
957 4344 1093 4418 animal
1120 4344 1298 4419 rationale
1315 4363 1380 4439 per
1399 4345 1598 4419 tremulam

428 4466 719 4544 scintillationem
739 4465 841 4559 lucis,
859 4476 936 4559 nna
959 4464 1124 4538 inclusus
1149 4470 1241 4557 erat,
1260 4464 1515 4540 manifestabat
1527 4486 1600 4560 ap-

427 4590 579 4686 petitum
605 4583 778 4682 loqdendi
802 4605 890 4660 cnm
916 4590 1059 4659 autore.
1074 4623 1124 4637 -
1137 4586 1230 4659 lodi.
1260 4584 1326 4659 llic
1355 4592 1466 4660 antor
1498 4585 1599 4680 ponit

427 4710 699 4805 responsionem
726 4706 813 4782 ndae
836 4706 884 4780 ad
910 4726 1016 4779 suam
1043 4704 1265 4801 petitionem,
1291 4704 1355 4799 qni
1388 4706 1508 4801 primo
1537 4728 1598 4781 as·

490 4974 519 5041 (¹)
535 4974 566 5026 E·
582 4973 670 5037 colligi
686 4977 770 5036 potest
784 4972 863 5037 qnod.
