4842 6642
821 798 891 872 238
1211 810 1417 867 consonum
1442 810 1609 865 nnnnnrsr

818 976 999 1050 vacuum3
1025 960 1062 1031 et
1087 954 1123 1027 in
1149 953 1268 1029 torma
1293 953 1446 1052 sperica,
1472 954 1564 1029 sicut
1591 952 1723 1029 totiens
1752 953 1892 1029 dictum
1923 959 1989 1026 est.

818 1077 861 1151 ut
885 1076 988 1151 dicit:
1015 1097 1034 1149 e
1057 1078 1197 1149 meme
1221 1082 1318 1149 taum
1341 1078 1487 1165 ooeuto,
1508 1074 1655 1168 scilicet,
1677 1093 1742 1169 per
1769 1071 1891 1148 varias
1915 1073 1990 1147 tor-

819 1218 897 1273 mas
922 1203 959 1271 et
983 1195 1131 1291 species,
1158 1194 1304 1289 scilicet,
1331 1195 1447 1289 nobis,
1473 1195 1559 1290 quia
1587 1195 1703 1269 muita
1730 1201 1817 1269 sunt
1848 1200 1989 1267 secreto

820 1323 972 1410 nature,
1000 1334 1084 1414 quse
1110 1336 1182 1389 non
1210 1314 1392 1408 novimus,
1410 1336 1429 1387 e
1449 1317 1646 1408 momscsto,
1664 1314 1788 1388 omnia
1803 1320 1890 1386 sunt
1911 1334 1990 1387 ma-

819 1436 945 1511 niteste
970 1436 1048 1529 sibi,
1074 1444 1112 1511 et
1137 1436 1261 1533 eliqua
1288 1436 1410 1530 nobis;
1435 1457 1509 1510 non
1530 1444 1647 1529 poteo,
1667 1434 1817 1529 scilicet,
1835 1435 1872 1508 in
1891 1433 1989 1529 prin-

818 1556 910 1652 cipio
935 1556 1127 1631 creationis
1154 1556 1292 1650 mundi,
1315 1561 1378 1652 sar
1403 1576 1467 1629 sco
1493 1559 1596 1629 votor
1620 1548 1650 1628 si
1674 1559 1857 1649 impresso,
1884 1553 1989 1649 idest,

818 1676 867 1749 ite
888 1675 1101 1769 imprimere
1123 1676 1295 1750 virtutem
1317 1684 1355 1750 et
1372 1676 1571 1771 potentiam
1588 1697 1709 1766 suem,
1724 1678 1763 1749 in
1781 1682 1863 1749 tutto
1879 1677 1990 1749 tuni-

818 1816 933 1887 vcrrn,
950 1795 1052 1889 idest,
1071 1796 1107 1869 in
1124 1796 1363 1871 universitate
1380 1804 1653 1891 creaturarum,
1669 1798 1729 1869 cite
1745 1798 1772 1869 'l
1785 1816 1849 1871 suo
1867 1795 1988 1889 uerbo,

818 1917 920 2011 idest,
947 1917 1132 2013 sapientia,
1160 1938 1245 2014 quae
1270 1917 1483 1991 attribuitur
1501 1917 1627 2011 verbo,
1648 1938 1720 1991 eoo
1739 1919 1933 1989 emanasse
1950 1918 1989 1991 in

817 2040 950 2131 inficeto
974 2058 1120 2131 accesso,
1150 2037 1253 2129 idest,
1279 2058 1353 2112 non
1375 2044 1584 2113 remaneret
1604 2036 1784 2111 infinitum
1801 2030 1837 2130 (¹)
1860 2055 1989 2111 exces-

818 2156 905 2232 sive.
933 2158 976 2231 Et
1002 2156 1060 2231 hic
1085 2165 1170 2231 nota
1197 2156 1296 2249 quod
1321 2164 1407 2231 sunt
1423 2157 1546 2250 atique
1564 2178 1648 2251 quae
1665 2156 1797 2231 dicitur
1812 2147 1849 2248 (²)
1867 2155 1987 2229 Deum

818 2278 939 2353 iacere
965 2298 1038 2352 non
1061 2298 1190 2372 posse3
1218 2278 1303 2375 quia
1329 2298 1435 2373 posse
1462 2277 1520 2351 itta
1546 2278 1695 2353 cederet
1711 2276 1758 2351 ad
1774 2274 1986 2351 diminutio·

819 2418 903 2473 nem
923 2399 1092 2493 potentiae
1113 2400 1213 2492 eius;
1232 2399 1325 2473 sicut
1342 2399 1465 2473 iacere
1481 2399 1594 2472 atium
1616 2398 1792 2473 maiorem
1812 2398 1870 2471 vei
1888 2397 1989 2470 simi-

819 2519 891 2595 lem
917 2520 1006 2613 sibi3
1033 2520 1089 2593 vei
1110 2520 1156 2593 itu
1178 2519 1369 2595 effundere
1390 2540 1496 2593 suam
1514 2518 1689 2593 virtutem
1709 2519 1744 2591 in
1764 2524 1988 2612 creaturam,

818 2639 916 2733 quod
935 2660 1009 2713 non
1027 2646 1236 2715 remaneret
1252 2639 1290 2713 in
1306 2660 1347 2714 se
1364 2638 1524 2731 infinite3
1545 2640 1601 2713 vei
1621 2638 1741 2713 iacere
1759 2639 1898 2713 maium
1916 2645 1986 2715 etc.

822 2800 870 2817 -
882 2766 915 2833 Ε
937 2752 1000 2833 cto.
1026 2760 1091 2835 Hic
1118 2761 1249 2855 probat
1265 2759 1402 2834 dictum
1420 2780 1530 2833 suum
1550 2760 1719 2854 exempto
1736 2758 1865 2853 primae
1881 2779 1987 2833 cren-

820 2889 924 2974 ture,
951 2880 1086 2955 scilicet
1111 2881 1230 2977 angeli
1256 2880 1375 2975 primi,
1402 2879 1466 2974 qui
1492 2880 1575 2954 iicet
1600 2887 1696 2955 esset
1725 2885 1871 2954 creatus
1903 2899 1987 2975 per·

818 3000 1035 3075 tectissimus
1060 3007 1331 3094 creaturarum,
1359 3007 1482 3075 tumen
1508 3021 1581 3074 non
1607 2999 1724 3095 potuit
1744 3000 1988 3093 comprehen-

819 3120 907 3195 dere
933 3121 1095 3196 valorem
1122 3121 1299 3215 divinum,
1325 3121 1427 3214 idest,
1453 3120 1604 3195 credidit
1629 3141 1734 3215 posse
1760 3119 1838 3193 fieri
1861 3118 1986 3192 similis

819 3240 880 3335 iiii,
907 3242 1006 3335 quod
1032 3262 1105 3315 non
1130 3243 1430 3337 presumpsisset,
1458 3241 1487 3314 si
1510 3241 1741 3338 cognovisset
1767 3242 1884 3315 Deum
1907 3239 1988 3313 inti·
2126 3247 2131 3255 ’

820 3360 947 3435 nitum.
976 3362 1067 3437 Dicit
1092 3382 1202 3461 ergo:
1229 3368 1262 3436 Ε
1283 3354 1350 3454 citi,
1375 3362 1522 3456 scilicet,
1544 3363 1613 3435 hoc
1630 3360 1727 3455 quod
1749 3359 1822 3435 dixi
1844 3361 1891 3435 de
1908 3358 1988 3433 inti·

822 3480 932 3555 nitate
953 3483 1136 3575 sapientiae
1154 3484 1230 3577 Dei,
1245 3488 1287 3577 sa
1303 3492 1410 3576 certe,
1431 3488 1467 3557 et
1485 3482 1731 3573 manifestum,
1754 3484 1815 3553 cire
1830 3484 1857 3553 ’t
1867 3485 1986 3573 primo

817 3603 978 3693 supmbo,
995 3602 1141 3698 scilicet,
1160 3604 1316 3698 Lucifer,
1337 3606 1397 3677 cie
1410 3607 1451 3698 su
1468 3605 1504 3676 ta
1519 3623 1656 3675 somma
1672 3604 1793 3693 d'ooni
1808 3608 1987 3692 creauere,

817 3719 920 3816 idest,
946 3721 1045 3818 iilud,
1073 3724 1258 3817 quomodo
1285 3731 1366 3815 etc,
1392 3725 1503 3796 cedde
1523 3723 1662 3813 acer‘bo,
1684 3720 1786 3811 idest,
1808 3719 1988 3813 intempe-

819 3842 1020 3917 stiverante
1046 3846 1194 3919 totalem
1224 3845 1483 3939 perfectionem
1509 3843 1576 3916 sui.
1596 3842 1698 3917 Unde
1714 3840 1815 3915 dicit:
1830 3863 1898 3934 per
1914 3862 1989 3915 non

819 3970 972 4055 aspeuar
998 3968 1099 4056 tome,
1125 3965 1272 4061 scilicet,
1298 3972 1341 4039 ut
1365 3971 1603 4061 cognosceret
1629 3964 1743 4037 titium
1771 3963 1852 4056 Dei3
1887 3970 1987 4037 tante

818 4080 885 4157 suit
911 4082 948 4155 in
974 4104 1019 4158 eo
1045 4085 1250 4181 ignorantia
1275 4106 1362 4160 curn
1392 4085 1563 4179 superbia
1596 4083 1831 4157 mixte-Ii
1861 4086 1986 4174 omum.

818 4201 882 4275 liic
907 4204 1029 4296 aquila
1047 4225 1094 4279 ex
1111 4206 1214 4281 dictis
1231 4206 1354 4303 arguit
1370 4205 1468 4299 quod
1486 4205 1584 4279 nulia
1603 4210 1774 4280 creatura
1796 4209 1851 4277 est
1871 4224 1988 4298 ceper

817 4322 953 4396 summi
980 4323 1076 4420 boni,
1102 4324 1240 4401 dicens:
1266 4332 1300 4399 E
1321 4328 1449 4419 quiret}
1475 4325 1622 4418 scilicet,
1648 4344 1694 4399 ex
1727 4323 1841 4416 dictis,
1871 4344 1989 4417 appar

817 4445 868 4515 ci'
885 4446 969 4534 onor·
994 4448 1111 4517 minor
1135 4453 1279 4538 natura,
1305 4446 1409 4539 idest,
1429 4447 1548 4521 omnis
1566 4452 1736 4520 creatura
1757 4445 1877 4519 minor
1898 4445 1986 4538 Dee,

819 4561 895 4636 sive
920 4563 964 4635 sit
989 4565 1153 4661 angelica
1179 4567 1256 4641 sive
1282 4568 1455 4661 humane,
1481 4563 1622 4641 e‘corto
1646 4565 1987 4659 montecontorio,

820 4689 874 4757 est
904 4684 1073 4760 inefficax
1104 4686 1149 4761 ad
1182 4687 1430 4783 recipiendum
1465 4695 1502 4763 et
1534 4685 1933 4783 comprehendendum,
1965 4707 1990 4758 o

881 4940 909 5003 (¹)
924 4942 955 4991 E.
972 4942 997 4991 in
1013 4944 1141 4994 infinitum
1158 4947 1303 4997 excessisse.
1320 4946 1362 4997 Et.
1488 4948 1514 5009 ξ’)
1531 4948 1561 4998 Ε.
1578 4948 1708 4999 dicuntur.
