4842 6642
818 824 888 890 240
1209 835 1414 891 consutum
1439 838 1607 891 ululnlsl

817 980 928 1055 modo
952 981 1083 1056 oculus
1109 980 1276 1055 hominis¹
1292 982 1488 1077 profundet
1505 1003 1545 1057 se
1565 981 1600 1055 in
1622 982 1727 1076 mari,
1748 981 1891 1057 dicens:
1918 984 1992 1075 cle,

817 1100 919 1195 idest,
946 1102 1010 1195 qui
1036 1102 1178 1196 oculus,
1204 1103 1268 1175 den
1294 1106 1355 1175 cde
1380 1106 1518 1195 necyia,
1546 1102 1647 1195 idest,
1674 1103 1844 1195 quamvis
1862 1101 1994 1195 videat,

774 1208 777 1213 ‘
816 1224 989 1315 lisanda,
1015 1220 1161 1315 scilicet,
1189 1222 1313 1315 maris,
1339 1225 1437 1296 dallo
1457 1226 1593 1316 prodo,
1619 1222 1722 1317 idest,
1748 1221 1795 1297 de
1825 1229 1996 1298 extremo

819 1341 937 1434 litore,
956 1348 1091 1436 tamen,
1108 1344 1171 1415 not
1185 1345 1283 1432 cede,
1304 1342 1452 1437 scilicet,
1473 1342 1590 1438 ipsum
1615 1342 1782 1436 fundum,
1800 1346 1838 1416 in
1852 1346 1994 1435 pelago,

727 1456 729 1460 ’
821 1460 881 1534 ubi
909 1482 1013 1537 mare
1038 1468 1093 1535 est
1119 1462 1353 1556 protundum.
1381 1464 1425 1536 Et
1449 1461 1554 1537 dicit:
1585 1484 1605 1533 e
1632 1465 1856 1556 nondimeno,
1888 1461 1992 1556 idest,

821 1580 1067 1671 nihilominus
1093 1584 1161 1671 mli
1185 1578 1217 1670 d,
1243 1581 1345 1675 idest,
1364 1589 1420 1656 est
1441 1582 1490 1656 ibi
1511 1582 1665 1657 lundum
1686 1582 1721 1655 iu
1739 1583 1881 1679 pelago,
1899 1582 1994 1656 sicut

814 1701 922 1795 juxta
949 1700 1043 1794 litus,
1070 1721 1130 1773 rna
1154 1704 1285 1774 l’esser
1304 1706 1485 1795 profundo
1508 1705 1582 1775 celo
1603 1705 1663 1795 lai,
1684 1701 1786 1795 idest,
1804 1700 1994 1776 abscondit

818 1820 938 1915 ipsum
965 1818 1118 1893 lundam
1145 1821 1265 1895 oculo.
1292 1821 1336 1893 ut
1362 1821 1420 1896 hic
1447 1830 1532 1896 nota
1558 1821 1744 1915 quomodo
1765 1820 1994 1917 comparatio

819 1941 904 2016 iacit
923 1940 1057 2014 utiliter
1074 1941 1119 2015 ad
1138 1942 1385 2037 propositum;
1400 1962 1485 2016 uam
1504 1942 1640 2015 infinita
1653 1942 1793 2036 justitia
1807 1942 1872 2016 llei
1890 1962 1994 2016 com-

820 2068 973 2156 paratur
991 2060 1171 2155 proluudo
1190 2062 1294 2154 mari,
1312 2068 1351 2137 et
1367 2061 1526 2161 cognitio
1544 2062 1797 2137 intellectualis
1810 2060 1993 2158 liguratur

820 2201 886 2276 per
903 2182 1068 2276 oculum,
1082 2183 1167 2278 quia
1186 2182 1391 2257 intellectus
1408 2190 1464 2257 est
1480 2183 1610 2257 oculus
1627 2183 1772 2276 animae,
1785 2183 1879 2257 sicut
1896 2188 1998 2277 patet

819 2302 856 2375 in
884 2309 959 2376 toto
985 2303 1078 2377 libro
1104 2303 1184 2395 isto,
1211 2304 1247 2375 in
1273 2324 1349 2397 quo
1374 2310 1484 2376 autor
1500 2302 1625 2376 scribit
1642 2322 1683 2377 se
1700 2303 1831 2377 vidisse
1848 2308 1900 2377 tot
1916 2323 1995 2376 coe-

820 2423 934 2517 lestia,
961 2424 1148 2498 terrestria
1175 2431 1213 2499 et
1238 2424 1391 2517 interna,
1418 2430 1455 2499 et
1472 2444 1618 2518 semper
1636 2424 1800 2517 loquitur
1821 2423 1867 2497 de
1886 2424 1996 2498 oculo

822 2545 980 2619 mentali.
1008 2545 1109 2620 Sicut
1134 2566 1226 2642 ergo
1250 2545 1381 2620 oculus
1409 2547 1594 2617 humanus
1620 2566 1693 2617 non
1719 2544 1817 2618 videt
1840 2544 1993 2619 fundum

823 2665 945 2758 maris,
971 2666 1037 2740 nisi
1064 2667 1100 2739 in
1127 2690 1240 2762 parva
1266 2674 1370 2762 parte
1394 2668 1462 2760 sui,
1484 2667 1619 2742 scilicet
1643 2667 1689 2740 ad
1708 2668 1846 2761 ripam3
1871 2668 1919 2741 ita
1938 2666 1993 2741 in-

822 2785 988 2858 tellectus
1015 2786 1094 2860 eius
1120 2808 1191 2860 non
1227 2787 1504 2882 comprehendit
1529 2786 1811 2882 profunditatem
1843 2788 1994 2881 justitiae

821 2904 898 2997 Dei,
925 2905 991 2978 nisi
1018 2905 1053 2977 in
1080 2905 1201 3000 aliqua
1228 2908 1426 3002 particula;
1452 2914 1489 2981 et
1515 2907 1683 3001 quamvis
1703 2928 1776 2981 non
1798 2907 1918 2982 rideat
1936 2913 1994 2981 to

822 3034 896 3100 tam
924 3027 982 3100 vel
1010 3048 1180 3122 magnam
1210 3036 1366 3122 partem,
1395 3028 1627 3103 nihilominus
1653 3034 1708 3101 est
1733 3027 1769 3100 in
1789 3048 1830 3102 se
1847 3048 1936 3102 vera
1957 3033 1994 3101 et

823 3145 982 3239 perlecta
1003 3146 1142 3240 justitia
1174 3146 1306 3221 divina.
1339 3148 1513 3221 Videmus
1545 3148 1643 3221 enim
1671 3147 1846 3221 continuo
1876 3149 1993 3221 multa

822 3266 972 3341 evenire
997 3287 1081 3359 quae
1108 3267 1277 3341 videntur
1305 3268 1406 3343 uobis
1428 3268 1641 3363 justissima,
1666 3289 1754 3342 cum
1780 3275 1994 3343 tamennon

822 3387 1089 3459 sint-Lorne.
1117 3387 1180 3461 Hic
1206 3387 1329 3480 aquila
1359 3408 1403 3462 ex
1437 3389 1540 3462 dictis
1573 3388 1669 3463 elicit
1700 3410 1812 3462 unam
1844 3387 1996 3461 conclu-

822 3506 973 3597 sionem,
1000 3506 1145 3599 scilicet‚
1173 3507 1270 3600 quod
1296 3508 1454 3604 cognitio
1481 3528 1554 3581 non
1589 3515 1645 3582 est
1675 3528 1776 3601 vera,
1810 3508 1874 3581 nisi
1910 3527 1995 3601 quae

822 3625 984 3720 procedit
1013 3648 1034 3700 a
1065 3628 1152 3701 Deo.
1185 3628 1288 3703 Unde
1321 3628 1424 3703 dicit:
1460 3634 1577 3719 Lame,
1612 3629 1714 3723 idest,
1746 3629 1905 3725 cognitio
1936 3629 1995 3702 vel

822 3746 912 3820 visio
939 3753 1061 3821 nostru
1089 3742 1216 3840 sive(¹)
1243 3749 1402 3840 scientia,
1436 3771 1507 3820 non
1539 3745 1570 3842 ἐ,
1599 3750 1699 3823 clara
1735 3751 1793 3824 vel
1827 3769 1928 3839 vera,
1958 3770 1996 3819 se

822 3888 893 3939 raon
914 3870 991 3941 vien
1011 3871 1074 3940 dal
1090 3892 1227 3960 screno,
1246 3869 1347 3963 idest,
1365 3871 1412 3943 ab
1433 3870 1494 3943 illo
1510 3890 1642 3943 sereno
1659 3870 1827 3963 Domino,
1847 3870 1993 3961 scilicet,

822 3987 1281 4081 momenmentum
1312 3994 1396 4079 moi,
1428 3989 1514 4083 quia
1544 3991 1641 4063 Deus
1672 4010 1878 4084 numquam
1915 3996 1996 4062 tur-

823 4109 944 4202 batur,
962 4108 1055 4182 sicut
1082 4111 1210 4203 hom03
1232 4110 1313 4184 ideo
1329 4102 1366 4201 (²)
1386 4132 1458 4183 uon
1476 4110 1585 4184 habet
1602 4109 1807 4184 claritatem
1833 4108 1996 4183 veritatis

824 4230 888 4303 nisi
914 4252 937 4303 a
963 4231 1039 4305 lleo
1054 4221 1104 4325 (³),
1131 4239 1168 4305 et
1194 4231 1275 4305 ideo
1301 4232 1329 4303 si
1356 4232 1456 4305 venit
1474 4230 1622 4304 aliunde
1640 4252 1752 4324 quam
1773 4229 1902 4323 alteo,
1922 4248 1994 4302 uon

822 4355 877 4422 est
903 4369 1033 4424 verum
1062 4350 1198 4424 lumen.
1221 4350 1323 4424 Unde
1343 4350 1446 4423 dicit:
1465 4354 1550 4423 anzi
1568 4346 1589 4423 e'
1607 4351 1760 4441 encore,
1782 4350 1876 4422 sicut
1899 4368 1996 4442 saepe

821 4468 950 4544 accidit
975 4468 1021 4542 de
1045 4469 1178 4543 astutia
1205 4470 1390 4543 mundana
1417 4476 1453 4543 et
1479 4468 1628 4547 scientia
1649 4490 1743 4546 rana
1767 4470 1995 4559 multorum;

821 4595 859 4664 et
882 4589 986 4663 dicit:
1021 4593 1069 4664 od
1093 4591 1219 4663 embra
1244 4593 1336 4664 delto
1361 4611 1482 4682 carne,
1509 4590 1602 4664 sicut
1627 4590 1786 4686 cognitio
1812 4586 1997 4678 sensitiva,

821 4734 844 4784 ο
867 4732 931 4783 sno
957 4732 1100 4803 veneno,
1122 4710 1269 4803 scilicet,
1296 4711 1390 4784 illius
1417 4712 1557 4786 veracis
1584 4711 1732 4784 luminis
1752 4709 1851 4803 quod
1867 4697 1904 4800 (ἣ
1926 4707 1998 4781 sci-

885 4902 912 4960 ll
929 4902 960 4952 E·
975 4902 1039 4953 line·
1456 4904 1484 4966 (¹)
1500 4904 1532 4955 E.
1548 4909 1575 4954 et
1592 4904 1651 4955 ideo
1666 4904 1746 4953 homo
1762 4916 1815 4953 non
1831 4899 1917 4951 ualet.

886 4976 913 5037 ι’)
930 4978 961 5028 E.
977 4990 992 5027 a
1008 4977 1071 5039 lieo,
1089 4985 1115 5028 cl
1132 4980 1151 5028 si
1168 4979 1258 5029 lumen
1274 4980 1351 5029 veuit.
1455 4977 1482 5040 ι’)
1499 4978 1530 5028 Ε.
1545 4980 1607 5042 quia
1622 4980 1729 5029 solllcet
