4842 6642
726 857 863 912 caurus
889 855 1046 912 uncinus
1070 856 1247 922 ouranos.
1500 826 1565 909 121

400 1007 453 1081 tis.
464 1005 567 1081 Undc
579 1003 685 1079 dicit:
699 1009 740 1078 lo
749 1006 817 1098 feci
829 1003 1019 1094 otocaasu,
1029 1002 1131 1094 idest,
1141 1001 1381 1077 sacrificinm:
1395 1000 1570 1076 *diceba-

402 1133 461 1200 tur
480 1126 579 1200 enim
602 1125 689 1200 olim
709 1125 976 1216 holocaustum,
991 1122 1082 1197 idest
1102 1120 1321 1196 sacrificium
1334 1122 1355 1165 *
1369 1116 1405 1214 (¹)
1424 1122 1569 1215 ardens,

402 1246 547 1342 quando
572 1245 708 1320 animal
729 1250 810 1319 erat
827 1251 943 1319 toturn
963 1245 1151 1319 incensum
1171 1243 1207 1316 in
1224 1242 1412 1316 sacrificio.
1431 1241 1571 1316 Dicitur

400 1366 499 1442 enim
529 1365 716 1440 ab·holon
746 1364 844 1459 quod
876 1365 931 1440 es't
961 1370 1079 1439 totum
1115 1370 1183 1439 etc.
1215 1363 1302 1437 Vult
1330 1383 1420 1459 ergo
1448 1361 1571 1436 dicere

401 1493 511 1561 antor
536 1486 636 1580 quod
663 1485 745 1559 fecit
770 1491 887 1559 totum
913 1484 1133 1559 sacrificinm
1160 1484 1206 1559 dc
1232 1491 1307 1557 tota
1334 1488 1458 1557 mente
1482 1501 1571 1574 sua3

403 1606 500 1680 unde
525 1603 633 1679 dicit:
660 1625 725 1678 con
750 1611 833 1678 tutto
857 1607 886 1678 il
908 1627 1012 1679 cuorc
1037 1628 1055 1677 e
1079 1625 1145 1678 con
1171 1608 1285 1696 quello
1314 1607 1447 1699 sacella
1471 1599 1574 1677 cled

401 1745 474 1798 una
498 1729 536 1798 in
561 1727 645 1817 tuti,
674 1723 776 1818 idest,
802 1745 889 1799 cnm
915 1725 1081 1799 oratione
1107 1724 1239 1799 mentis
1263 1745 1348 1819 qnae
1368 1732 1423 1799 est
1440 1723 1569 1798 eadem

403 1847 500 1942 apud
521 1865 662 1939 omnes²
679 1847 848 1938 quamvis
866 1846 1023 1920 habeant
1040 1845 1183 1919 diversa
1201 1845 1383 1919 idiomata.
1402 1845 1446 1917 lit
1461 1843 1570 1940 dicit:

403 1971 489 2060 qual
511 1970 709 2059 conaeninsi
737 1971 809 2041 olla
838 1970 969 2058 pruzia
1001 1969 1151 2057 novello,
1185 1966 1329 2059 scilicet,
1363 1965 1409 2039 de
1441 1983 1571 2038 ascen-

401 2089 504 2162 sione
528 2087 661 2161 Martis.
677 2093 771 2160 -Ε
793 2107 864 2160 non
889 2107 964 2160 era.
991 2086 1056 2162 Hic
1081 2093 1190 2161 autor
1210 2085 1365 2160 ostendit
1385 2083 1571 2178 quomodo

402 2209 481 2283 eius
506 2207 638 2282 devota
666 2206 876 2303 regratiatio
902 2208 1011 2282 fuerit
1035 2214 1185 2302 accepta
1210 2226 1233 2279 a
1259 2207 1347 2299 fleo,
1373 2204 1472 2298 quod
1497 2205 1573 2298 ipse

402 2328 574 2424 cognovit
598 2347 664 2423 per
690 2327 910 2402 evidentiam
935 2327 1038 2422 signi.
1058 2327 1158 2402 Unde
1175 2326 1278 2400 dicit:
1296 2331 1330 2398 Ε
1343 2328 1366 2398 l'
1379 2327 1493 2398 ardor
1518 2326 1575 2398 def

402 2450 580 2540 sacrificio
611 2469 684 2522 non
715 2468 780 2522 era
813 2468 922 2520 annor
954 2455 1103 2541 cannete,
1140 2447 1242 2540 idest,
1278 2452 1479 2520 evacuatus
1515 2444 1573 2518 vel

403 2575 603 2662 extractae,
628 2569 685 2641 dcl
708 2571 777 2641 mio
803 2575 908 2661 petto,
943 2569 1046 2662 quasi
1078 2567 1192 2642 dicat:
1229 2572 1266 2640 et
1298 2564 1462 2638 nondum
1493 2571 1573 2637 erat

404 2688 585 2782 completa
612 2687 823 2784 regratiatio
848 2687 884 2762 in
910 2688 1044 2781 animo,
1071 2690 1169 2761 effic
1193 2685 1338 2759 coactor·
1362 2706 1438 2758 esso
1457 2687 1572 2774 litare,

403 2806 505 2900 idest,
523 2807 643 2902 ipsum
666 2806 883 2880 sacrificium
905 2827 995 2902 esse,
1009 2808 1137 2902 supple
1161 2803 1572 2901 accepto,scilicetl)eo,

402 2932 574 3023 escuem,
603 2927 703 3021 idest,
731 2927 826 3023 felix,
853 2929 939 3021 qnia
965 2929 1085 3002 statim
1112 2927 1264 3002 feliciter
1288 2925 1445 3000 obtinuit
1474 2925 1572 3019 quod

404 3050 563 3144 optabat.
590 3040 795 3143 Optabatl²l
824 3049 921 3122 enim
947 3049 1041 3123 scire
1066 3047 1152 3142 qnid
1179 3053 1276 3122 esset
1295 3047 1333 3120 in
1350 3047 1410 3120 illo
1431 3046 1574 3140 planeta

405 3171 545 3263 llartis3
573 3169 671 3244 unde
687 3169 830 3244 subiicit
846 3170 991 3266 signum
1013 3190 1091 3242 suae
1112 3167 1339 3263 cognitionis
1356 3173 1394 3241 et
1413 3165 1575 3241 breviter

402 3290 612 3385 dicitquod
638 3291 674 3363 in
700 3291 813 3364 llarte
839 3290 926 3363 vidit
952 3289 1162 3385 insignitum
1191 3287 1420 3383 signaculum
1442 3285 1574 3379 crucis,

402 3411 440 3486 in
466 3433 540 3505 qna
565 3411 728 3486 Christus
744 3401 780 3502 (³)
808 3409 990 3505 effigiatus
1016 3409 1216 3504 apparebat
1241 3408 1441 3504 fulgurans.
1474 3405 1576 3480 Unde

403 3532 512 3606 dicit:
541 3528 602 3606 ene*
623 3533 813 3623 splendori,
839 3532 978 3626 supple,
1004 3531 1090 3622 duo,
1116 3533 1161 3602 m'
1174 3549 1376 3622 apparuero
1399 3530 1525 3600 dendo
1550 3547 1575 3598 α

403 3655 471 3725 dne
495 3654 616 3742 coppi,
642 3650 743 3744 idest,
770 3651 865 3725 intra
891 3651 983 3724 duas
1009 3649 1122 3724 lineas
1149 3649 1318 3742 radiales3
1344 3655 1448 3722 eraut
1477 3647 1574 3721 enim

404 3773 488 3846 duae
502 3772 608 3846 lineae
621 3771 943 3866 splendentissimae
961 3772 1223 3846 constituentes
1236 3770 1283 3844 ibi
1297 3788 1459 3844 crucem.
1474 3767 1576 3843 Unde

404 3892 505 3967 dicit:
533 3912 600 3965 con
625 3899 721 3966 tanto
746 3895 875 3984 lucore,
897 3891 997 3985 idest,
1017 3892 1155 3966 lumine
1179 3914 1198 3965 e
1224 3889 1456 3979 tannroott,
1472 3888 1575 3978 idest,

406 4012 524 4106 rubei,
550 4013 600 4086 ita
627 4013 725 4106 quod
752 4012 821 4085 illae
846 4011 951 4087 tinea
984 4017 1090 4085 erant
1120 4010 1328 4085 conformes
1358 4009 1513 4103 planetae
1539 4007 1575 4080 in

406 4133 599 4227 splendore
623 4139 660 4208 et
686 4133 835 4227 rubore,
860 4135 911 4206 clf
924 4136 959 4206 io
984 4135 1081 4224 dissi,
1107 4131 1254 4224 scilicet,
1279 4129 1316 4203 in
1342 4135 1466 4204 mente
1491 4149 1576 4204 mea

407 4252 538 4327 devota
569 4272 654 4326 cnm
688 4273 819 4349 magna
853 4252 1112 4326 admiratione:
1144 4273 1165 4323 o
1192 4242 1301 4342 Elios,
1331 4250 1433 4344 idest,
1468 4270 1492 4323 o
1522 4251 1578 4324 sol

403 4373 553 4469 justitiae
577 4372 691 4448 Deus!
718 4375 850 4469 lrelyon
877 4373 973 4448 enim
1002 4380 1057 4447 est
1083 4393 1218 4446 nomen
1243 4370 1309 4446 liei
1334 4378 1371 4446 et
1396 4371 1577 4466 interpre-

408 4497 508 4565 tatur
533 4495 712 4588 excelsus,
738 4496 798 4566 cte
821 4486 852 4566 si
876 4495 928 4584 pti
951 4494 1114 4584 oddoobi,
1139 4491 1232 4566 idest
1257 4491 1321 4586 qni
1346 4491 1396 4564 ita
1421 4491 1579 4567 adornas

408 4611 494 4685 istos
519 4599 827 4707 splendoresssllst
851 4620 977 4687 autem
1013 4612 1070 4685 hic
1105 4611 1308 4685 notandum
1339 4611 1504 4705 pulcram
1542 4620 1579 4687 et

469 4849 497 4912 (¹)
513 4850 550 4900 Lo
566 4849 654 4912 parole
672 4849 711 4898 fra
728 4849 735 4899 i
752 4848 803 4898 duc
819 4847 952 4898 asterisclrl
968 4861 1015 4898 son
1031 4845 1162 4898 dc'Codici
1178 4845 1328 4896 Stroniuno
1343 4845 1376 4896 ed
1392 4844 1509 4895 Esteuse.

469 4925 499 4990 (¹)
515 4927 545 4976 E.
561 4925 685 4989 Cupicbat
700 4926 807 4976 etenim.

470 5001 497 5064 Ρ)
514 5002 545 5052 Ε.
561 5001 636 5053 lesus
651 5002 775 5052 curtatus.
