4842 6642
787 874 926 930 murus
951 875 1108 931 uncturus
1133 878 1297 933 nunnius.
1580 867 1628 933 us

455 1023 555 1116 quod
575 1022 670 1098 bene
691 1021 857 1119 intelligit
873 1021 919 1096 de
939 1021 1053 1096 ddum
1073 1030 1110 1097 et
1127 1023 1173 1099 de
1190 1022 1345 1118 Christo,
1362 1026 1449 1120 quie
1471 1035 1630 1122 uterque

454 1161 586 1217 eorum
614 1163 687 1218 nou
712 1141 840 1217 habuit
854 1135 890 1234 (⁴)
914 1142 1117 1217 secuudum
1141 1163 1263 1238 neque
1280 1163 1421 1239 putem,
1443 1147 1530 1240 quia
1547 1148 1629 1222 tue·

456 1268 544 1336 runt
569 1262 736 1356 producti
764 1261 799 1336 in
826 1261 988 1356 perfecto
1011 1283 1109 1358 esse;
1136 1263 1234 1338 unde
1259 1263 1383 1359 incipit
1410 1284 1433 1337 a
1458 1267 1567 1363 longe
1592 1273 1630 1342 et

397 1467 399 1472 ,
453 1382 563 1478 longo
588 1381 756 1456 discursu
784 1382 915 1476 probet
941 1403 1025 1478 quae
1052 1403 1111 1458 res
1129 1382 1384 1478 producuntur
1398 1375 1436 1477 (¹)
1454 1405 1477 1460 a
1497 1385 1575 1460 Deo
1591 1387 1628 1460 in
1695 1452 1699 1457 ,

425 1549 428 1554 ·
455 1502 615 1597 perfecto
632 1523 724 1596 esse,
742 1509 779 1578 ot
796 1523 880 1596 quae
898 1521 982 1576 non.
1002 1502 1104 1577 Unde
1124 1502 1227 1577 dicit:
1250 1496 1310 1576 oto
1327 1506 1387 1576 cte
1402 1525 1475 1578 non
1494 1525 1629 1596 moure,

455 1621 557 1717 idest,
584 1643 696 1698 ornus
721 1624 913 1719 corporale
931 1622 1040 1697 etiarn
1059 1623 1087 1696 si
1105 1613 1142 1714 (Β)
1161 1643 1234 1696 non
1261 1623 1432 1714 moritur,
1452 1645 1525 1697 non
1549 1622 1571 1699 e*
1592 1647 1630 1699 se

454 1761 526 1816 non
550 1745 749 1836 splendore,
775 1742 867 1818 idest
892 1741 1045 1818 effoetus
1070 1749 1107 1818 et
1132 1743 1312 1840 sigillatio,
1338 1746 1375 1817 di
1399 1748 1513 1843 puello
1534 1749 1628 1836 idea,

454 1863 555 1958 idest,
582 1863 677 1939 iliius
703 1864 832 1938 iormae
857 1863 1088 1958 exemplaris,
1119 1867 1179 1936 oie
1209 1866 1238 1936 il
1267 1872 1389 1938 nostro
1413 1869 1497 1960 sire,
1526 1867 1628 1960 idest,

454 2006 565 2078 quum
593 1985 712 2060 ideam
740 1986 848 2078 Deus,
871 1988 1069 2077 partorisoe
1093 1988 1263 2075 mando,
1282 1985 1384 2079 idest,
1402 1987 1569 2080 producit
1591 1987 1629 2061 in

453 2113 577 2180 uctuur
612 2113 761 2200 propter
793 2124 960 2180 eruorem
989 2125 1101 2199 quem
1128 2105 1240 2179 habet
1269 2106 1317 2180 ad
1348 2113 1548 2180 creaturas.
1574 2107 1627 2182 dd

453 2225 647 2302 clariorem
683 2225 786 2300 istius
812 2225 928 2299 literae
962 2224 1235 2320 intelligentiam
1273 2231 1328 2299 est
1358 2226 1560 2308 notandum
1576 2215 1628 2319 (⁸),

452 2346 549 2441 quod
571 2353 681 2421 autor
706 2346 801 2441 cupit
822 2347 880 2420 hic
897 2344 1015 2420 ideam
1035 2366 1101 2441 pro
1119 2346 1338 2442 exemplari:
1357 2353 1413 2422 en
1429 2347 1527 2422 enim
1547 2347 1628 2423 ides

454 2467 511 2541 itia
526 2467 643 2542 formu
657 2467 888 2562 exemplaris,
899 2485 1011 2561 quam
1026 2466 1178 2560 quilibet
1189 2465 1321 2542 artifex
1336 2468 1491 2563 concipit
1505 2476 1629 2544 mente

453 2594 652 2681 antequam
668 2587 774 2662 iaciat
792 2607 870 2660 rem
891 2593 1013 2680 extra3
1027 2593 1065 2660 et
1082 2585 1130 2659 itu
1148 2587 1248 2661 Deus
1264 2593 1463 2680 antequam
1482 2596 1629 2664 crearet

456 2707 634 2781 mundum
664 2707 821 2788 habebut
846 2707 948 2781 illurn
976 2706 1012 2778 iu
1039 2711 1162 2780 mente
1182 2727 1250 2780 sua
1266 2707 1315 2780 ab
1331 2713 1481 2781 aeteruo.
1499 2708 1628 2803 Opinio

454 2832 580 2902 autem
609 2826 777 2921 Platonis,
805 2846 917 2921 quum
943 2826 1154 2901 Aristoteles
1185 2827 1357 2922 reprobat
1383 2827 1501 2921 primo
1527 2829 1629 2903 utut-

454 2966 598 3041 coruun,
613 2966 685 3020 nou
705 2946 788 3022 iacit
804 2947 851 3022 ud
871 2945 1111 3042 propositum,
1130 2946 1214 3022 licet
1230 2948 1456 3044 Augustinus
1472 2957 1629 3024 conetur
1674 2976 1677 2980 ⁴

454 3085 537 3142 euru
563 3068 707 3142 salvere
735 3067 842 3141 modo
868 3067 1051 3162 praedicto.
1067 3107 1116 3121 -
1132 3063 1200 3142 Ode*
1222 3071 1346 3159 poeno
1372 3069 1437 3144 Hic
1469 3070 1628 3144 Thomas

454 3187 609 3280 explicat
645 3186 799 3281 primurn
834 3187 1112 3281 productionem
1146 3207 1286 3280 rerum,
1313 3189 1507 3263 ostendens
1533 3211 1628 3283 quo·

455 3307 564 3382 ruodo
595 3307 719 3381 omnio
753 3327 819 3401 per
854 3306 1010 3381 verbum
1046 3307 1140 3381 suctu
1174 3313 1271 3380 sunt.
1299 3307 1401 3383 Unde
1425 3308 1527 3382 dicit:
1562 3308 1631 3384 Cdo*

454 3429 568 3518 quello
590 3430 664 3500 luce
689 3430 781 3518 noo,
807 3425 899 3501 idest
925 3426 1020 3500 filius
1045 3427 1121 3520 Dei,
1154 3429 1214 3500 ote
1241 3421 1272 3501 si
1297 3449 1390 3520 mco,
1415 3429 1518 3523 idest,
1544 3450 1629 3523 quae

456 3547 580 3622 unitur
612 3555 650 3622 et
681 3546 720 3620 fit
746 3567 803 3641 ee,
834 3550 892 3621 del
923 3568 987 3622 suo
1021 3551 1162 3642 moene,
1190 3548 1293 3642 idest,
1320 3550 1396 3624 Deo
1422 3558 1537 3644 putre,
1563 3551 1627 3644 qui

453 3674 508 3744 est
531 3667 595 3740 lux
618 3667 756 3761 muudi,
782 3669 842 3739 cde
870 3687 943 3740 non
967 3671 999 3741 si
1022 3671 1150 3742 donna
1174 3670 1224 3742 do
1249 3672 1309 3760 tui,
1335 3670 1421 3762 quio
1448 3677 1504 3744 est
1531 3690 1627 3744 unus

453 3789 552 3862 Deus
585 3806 725 3880 secum,
753 3806 821 3860 nec
847 3786 1019 3860 dividitur
1045 3787 1094 3862 ita
1129 3787 1176 3862 ab
1214 3809 1273 3882 eo,
1300 3795 1341 3861 ut
1373 3789 1444 3862 sint
1476 3789 1551 3863 duo
1580 3790 1629 3864 dii

456 3906 512 3980 vel
540 3907 673 4000 plures,
707 3902 754 3980 ne*
788 3909 999 3998 dottomor,
1036 3906 1138 4000 idest,
1167 3928 1190 3981 a
1218 3907 1347 4002 spiritu
1376 3910 1628 4002 sanctorio

454 4029 511 4100 lor
535 4029 565 4099 s’
577 4029 704 4118 intres,
736 4026 837 4120 idest,
870 4027 1018 4121 utrique
1048 4028 1143 4122 putri
1173 4032 1210 4102 et
1242 4027 1315 4101 diio
1348 4028 1540 4102 intricatur
1570 4030 1628 4103 vel

457 4147 663 4240 iniciuntur,
689 4147 738 4220 itu
764 4147 864 4241 quod
897 4155 982 4221 suut
1015 4153 1090 4222 tres
1120 4167 1285 4243 persone
1318 4155 1354 4222 et
1386 4169 1482 4222 unus
1515 4149 1624 4241 Deus,

455 4269 577 4340 oduno
600 4269 628 4339 il
650 4285 713 4338 suo
734 4269 899 4359 roppior,
918 4267 1020 4361 idest,
1040 4276 1239 4364 congregat
1255 4289 1364 4342 suurn
1384 4268 1627 4362 splendorem,

454 4391 556 4479 quusi
567 4388 760 4479 speocdiuto
771 4390 809 4461 iu
821 4407 912 4460 noue
928 4391 1146 4480 nocuimus,
1164 4387 1255 4462 idest
1272 4389 1309 4462 in
1328 4408 1461 4463 noveru
1481 4388 1628 4464 ordines

454 4508 686 4604 angelorum,
711 4507 749 4580 in
774 4527 868 4601 quos
895 4506 1011 4581 radiet
1036 4507 1129 4582 sicut
1155 4509 1209 4583 sol
1227 4509 1264 4582 iu
1284 4510 1442 4603 speculo.
1461 4509 1506 4582 ut
1521 4509 1625 4584 dicit:

455 4631 696 4702 eternoimorte
720 4630 961 4702 nmonmdoo
984 4648 1071 4720 una,
1096 4629 1201 4723 quasi
1228 4629 1342 4704 dicut:
1369 4629 1447 4704 sine
1467 4630 1627 4706 dimino-

455 4750 570 4842 tione;
597 4755 633 4824 et
658 4748 760 4823 dicit:
784 4769 850 4842 per
874 4771 940 4823 suo
964 4749 1114 4840 dumio,
1132 4749 1235 4844 idest,
1261 4751 1338 4825 soie
1364 4750 1527 4826 bonitate
1552 4771 1627 4828 nou

517 4936 544 4998 (¹)
560 4937 585 4987 S.
603 4936 729 4987 hebuerit.
1041 4936 1070 4999 (¹)
1086 4937 1117 4987 B.
1134 4937 1320 5000 producuntur.

516 5012 544 5075 (⁸)
560 5013 591 5063 u.
608 5011 686 5063 stium
703 5014 723 5063 si
740 5015 860 5064 moritur.
1044 5013 1072 5078 (⁸)
1087 5013 1113 5066 S.
1130 5015 1273 5066 sciendum.
