4842 6642
927 792 973 858 48
1317 805 1521 861 counurnrr
1545 807 1714 860 rsusnrsr

877 971 885 981 ¹
924 968 1007 1023 rum
1026 949 1272 1044 gloriosorum
1288 949 1495 1044 doctorum,
1509 951 1697 1041 monuerat,
1710 949 1846 1024 scilicet
1859 947 2100 1042 circulariter,

923 1072 1097 1144 ermder
1122 1091 1204 1143 voce
1229 1092 1254 1143 a
1278 1092 1373 1163 voce,
1394 1070 1496 1164 idest,
1520 1068 1875 1166 proportionabiliter
1891 1061 1928 1159 (¹)
1953 1068 2101 1143 coulor·

925 1211 1030 1266 mare
1055 1211 1164 1266 voces
1189 1211 1321 1266 eorum
1351 1191 1388 1265 iu
1413 1199 1542 1285 cautu3
1565 1190 1663 1267 unde
1686 1190 1791 1266 dicit:
1808 1195 1846 1264 tn
1863 1197 1998 1283 tcmpra
2015 1197 2049 1263 et
2063 1191 2101 1264 in

925 1314 1093 1385 dolcezza
1117 1313 1168 1384 clt'
1178 1332 1274 1384 esser
1297 1305 1371 1385 non
1390 1304 1465 1404 pud
1484 1320 1581 1404 noto,
1599 1311 1701 1405 idest,
1719 1312 1910 1386 manifesta
1925 1302 1962 1403 (²)
1982 1317 2019 1386 et
2036 1331 2100 1384 co·

925 1431 1036 1528 gnita,
1062 1453 1099 1504 se
1131 1451 1204 1505 non
1228 1421 1319 1523 notri,
1346 1431 1494 1526 scilicet,
1518 1432 1557 1505 in
1581 1433 1688 1525 ooelo,
1719 1435 1808 1506 douc
1830 1433 1859 1504 ε’
1872 1433 2103 1522 insemprntt
2200 1507 2210 1529 ⁸

923 1555 1047 1642 pionte,
1075 1551 1176 1644 idest,
1203 1551 1265 1626 ubi
1292 1551 1530 1627 continuent
1556 1559 1737 1648 perpetuu
1753 1550 1948 1648 gaudetur.
1968 1549 2012 1624 Et
2029 1551 2098 1624 troc

926 1672 1069 1768 respicit
1094 1671 1127 1746 id
1155 1671 1255 1766 quod
1270 1672 1361 1746 dirit
1377 1694 1501 1767 supra,
1523 1673 1624 1767 quod
1640 1679 1771 1747 cautus
1787 1672 1934 1746 illarum
1956 1669 2099 1744 anima·

926 1813 1015 1866 rum·
1035 1812 1109 1866 non
1135 1799 1279 1887 poterat
1304 1793 1399 1868 trahi
1424 1793 1471 1867 de
1496 1794 1609 1885 coelo;
1636 1792 1735 1866 unde
1754 1791 1981 1886 quicumque
1998 1789 2100 1864 vole-

923 1912 986 1988 bat
1011 1913 1105 1987 scire
1130 1911 1176 1986 de
1202 1932 1247 1987 eo
1272 1912 1430 1988 debebat
1455 1914 1581 1987 volare
1607 1913 1644 1986 in
1669 1913 1806 1986 coelum
1833 1911 1928 1986 sicut
1952 1910 2039 2006 ipse.
2058 1910 2100 1984 nr

924 2033 994 2106 hoc
1020 2032 1100 2106 dico
1127 2033 1294 2108 lecerunt
1319 2033 1390 2107 illae
1414 2035 1559 2127 animae,
1584 2025 1656 2107 cosi
1679 2055 1776 2106 como
1800 2035 1961 2124 orologio
1982 2035 2042 2106 cte
2057 2054 2101 2105 ne

925 2155 1052 2226 etiami
1076 2155 1154 2225 nett’
1167 2173 1236 2226 oro
1260 2155 1322 2226 cle
1352 2156 1390 2226 ln
1413 2175 1520 2246 sposo
1544 2155 1582 2226 di
1607 2157 1689 2243 Dio,
1716 2152 1807 2226 idest
1832 2152 1997 2244 ecclesia,
2030 2153 2099 2226 hoc

926 2281 982 2348 est
995 2263 1033 2366 (³)
1062 2273 1219 2370 religiosi
1245 2275 1308 2368 qui
1333 2274 1500 2350 serviunt
1520 2275 1557 2347 in
1583 2272 1749 2367 ecclesia,
1765 2293 1873 2365 surpc
1889 2296 1914 2347 o
1930 2277 2098 2348 medicor

926 2395 1104 2488 losposo,
1133 2394 1267 2470 scilicet
1293 2395 1477 2470 Christum
1494 2384 1543 2487 (ἢ,
1570 2394 1661 2469 idest
1684 2394 1731 2468 ad
1756 2394 1951 2469 dicendum
1980 2402 2103 2469 matu-

926 2515 1058 2609 tinum,
1082 2511 1211 2608 percle*
1233 2518 1363 2589 tomi:
1387 2523 1425 2590 et
1441 2515 1563 2590 subdit
1579 2515 1820 2611 proprietates
1841 2513 2031 2610 horologii,
2048 2512 2103 2588 di·

924 2655 1034 2710 oens:
1060 2638 1121 2708 clrc
1145 2639 1252 2708 t’una
1272 2644 1379 2728 porte
1402 2657 1421 2706 c
1446 2637 1572 2709 toltrn
1590 2639 1661 2708 tiro
1676 2642 1710 2708 et
1728 2656 1828 2726 urpc,
1849 2635 1952 2728 idest,
1971 2633 2101 2728 impel-

926 2755 977 2848 lit,
995 2757 1157 2830 sonando
1182 2759 1232 2830 tin
1257 2760 1319 2850 tio,
1344 2756 1446 2850 idest,
1461 2757 1640 2852 pulsando
1660 2756 1917 2850 campanolas,
1938 2775 2099 2849 quarum

925 2895 1039 2950 sonus
1068 2875 1273 2971 appellatur
1307 2876 1479 2951 tinnitus:
1507 2877 1605 2952 unde
1638 2883 1675 2952 et
1707 2877 1934 2971 campanella
1967 2875 2101 2950 dicitur

927 2995 1223 3069 tintinnabulum.
1251 2997 1294 3070 Et
1318 2997 1426 3072 dicit:
1453 3019 1518 3070 coo
1544 2991 1574 3070 si
1598 3001 1695 3073 dolce
1710 3005 1808 3091 noto,
1827 3001 1888 3070 cte
1907 3000 1933 3071 ’t
1955 2998 2020 3070 den
2044 2998 2100 3068 n·-

926 3122 1045 3208 sposto
1061 3120 1172 3209 spirto
1189 3119 1224 3190 d'
1238 3137 1343 3190 umor
1360 3125 1473 3208 urge,
1492 3118 1594 3212 idest,
1612 3117 1758 3192 indatur
1773 3139 1904 3192 amore
1920 3114 2100 3192 serviendi

927 3238 1015 3332 Deo,
1042 3243 1079 3312 et
1105 3236 1278 3312 reddendi
1304 3238 1440 3335 gratias
1466 3247 1504 3313 et
1528 3239 1655 3314 laudes
1673 3239 1865 3314 ditissimo.
1885 3239 1930 3312 Et
1946 3237 1997 3312 sic
2019 3233 2100 3311 vide

927 3356 1114 3450 quomodo
1139 3357 1366 3451 comparatio
1383 3365 1439 3432 est
1455 3358 1602 3454 propria
1620 3358 1667 3432 ad
1685 3359 1910 3454 propositum
1929 3375 2101 3452 presens.

927 3478 986 3552 lsti
1003 3477 1101 3552 enim
1120 3477 1291 3552 doctores
1307 3478 1457 3552 studiosi
1471 3485 1746 3554 consueverunt
1758 3497 1915 3575 surgere
1931 3476 1978 3551 de
1995 3480 2104 3548 nocte

927 3599 974 3673 ad
1000 3598 1233 3692 studendum,
1259 3597 1354 3672 sicut
1379 3598 1447 3671 viri
1470 3598 1628 3694 religiosi
1646 3598 1693 3674 ad
1712 3596 1906 3672 dicendum
1925 3594 2105 3685 officium,

929 3739 1015 3792 cum
1043 3725 1189 3813 tempus
1215 3724 1439 3792 nocturnum
1466 3718 1512 3792 sit
1532 3719 1650 3815 magis
1665 3726 1793 3814 aptum
1809 3714 2047 3812 speculationi
2066 3719 2105 3786 ct

929 3836 1238 3931 contemplationi.

991 4098 1018 4162 (¹)
1037 4098 1067 4148 E.
1085 4098 1325 4161 proportionaliter.
1631 4100 1657 4160 ρ)
1674 4100 1704 4149 Β,
1720 4099 1890 4150 manuam.

991 4175 1018 4240 (⁸)
1034 4175 1065 4226 E.
1083 4175 1134 4227 troc
1149 4180 1190 4226 est
1203 4175 1293 4225 clerici
1308 4181 1336 4227 ct
1353 4175 1476 4240 religiosi.
1632 4177 1659 4236 (⁸)
1677 4175 1708 4228 E.
1724 4176 1813 4226 lesum
1829 4173 1970 4224 annum.
