4842 6642
844 842 916 910 tra
1234 858 1439 916 comaron
1464 860 1629 914 ramum

840 1000 932 1075 Dicit
958 1022 1067 1098 ergo:
1086 1007 1136 1076 Lo
1153 1006 1224 1076 mio
1238 1009 1411 1098 synardo,
1427 1005 1531 1100 idest,
1550 1004 1820 1098 contemplatio,
1841 1023 1931 1076 ovea
1953 990 2017 1092 gili

838 1127 924 1194 mun
942 1143 1125 1215 eompresa
1150 1126 1188 1197 to
1209 1127 1334 1218 formo
1357 1129 1506 1217 panau
1528 1127 1566 1199 di
1585 1127 1787 1218 paredam,-
1804 1122 1892 1217 quia
1912 1120 2018 1196 vide-

840 1247 897 1314 rat
913 1242 1064 1338 angelos
1080 1242 1327 1318 ministrantes
1344 1245 1619 1340 beatitudinem,
1638 1252 1675 1320 et
1693 1245 1820 1319 beatos
1846 1247 2016 1318 contem·

840 1359 981 1455 plantes
1004 1361 1125 1458 ipsum
1142 1363 1261 1438 Deum
1284 1364 1511 1460 ingenerati,
1530 1365 1630 1440 nullo
1647 1370 1773 1440 notato
1794 1365 1832 1438 in
1848 1361 2015 1458 speciali,

842 1481 940 1556 uude
964 1481 1068 1556 dicit:
1093 1487 1132 1556 in
1155 1487 1253 1557 natta
1275 1493 1380 1578 porte
1408 1507 1520 1560 annor
1545 1489 1700 1580 samolo
1726 1489 1814 1579 fiso;
1839 1490 1876 1559 et
1905 1481 2014 1557 dicit:

840 1621 861 1674 e
885 1603 1058 1692 volpeauri
1072 1623 1139 1676 coa
1160 1607 1278 1695 voglio
1301 1608 1473 1699 riacoeso,
1490 1604 1593 1700 idest,
1612 1605 1659 1681 de
1677 1626 1773 1681 novo
1794 1623 1951 1680 accensa
1967 1601 2015 1676 ad

840 1721 1135 1816 cognoscendum
1161 1724 1298 1818 aliquid
1322 1725 1498 1821 speciale;
1525 1725 1623 1800 unde
1647 1726 1752 1800 dicit:
1775 1745 1843 1818 per
1871 1727 2015 1798 mman-

840 1843 912 1914 dor
935 1845 972 1915 ln
995 1846 1069 1916 mio
1094 1849 1226 1918 Doara
1250 1849 1288 1919 dt
1311 1868 1401 1939 cose,
1426 1850 1465 1921 di
1487 1850 1547 1921 ote
1572 1850 1609 1920 ta
1634 1853 1745 1920 mente
1769 1849 1842 1918 ntia
1867 1865 1934 1917 era
1953 1865 2014 1917 so-

839 1985 955 2056 speso,
979 1965 1083 2059 idest,
1107 1966 1229 2060 dubia,
1256 1968 1343 2061 quia
1368 1967 1515 2043 volebat
1539 1976 1667 2064 petere
1690 1967 1737 2042 de
1766 1966 1854 2042 sede
1886 1965 2010 2040 llariae

839 2089 878 2156 et
901 2083 948 2158 de
971 2085 1059 2160 sede
1074 2084 1187 2180 ipsius
1206 2087 1391 2162 beatricis.
1412 2089 1456 2161 Et
1471 2088 1593 2162 subdit
1610 2087 1798 2181 quomodo
1819 2107 1868 2160 ex
1888 2085 2011 2180 inspe-

840 2209 933 2296 rato,
950 2204 1032 2278 loco
1048 2205 1223 2280 beatricis
1247 2207 1409 2282 occurrit
1433 2208 1499 2282 sibi
1526 2209 1582 2282 vir
1605 2209 1737 2283 beatus
1757 2205 2013 2301 contemplati-

832 2327 920 2397 vus.
946 2323 1038 2397 Dicit
1068 2345 1180 2421 ergo:
1204 2347 1275 2400 uno
1299 2330 1494 2420 mendeno,
1520 2327 1607 2422 quia
1633 2326 1770 2402 scilicet
1799 2324 2014 2401 intendebat

839 2442 940 2536 loqui
969 2443 1125 2517 Beatrici
1157 2451 1195 2518 et
1227 2447 1417 2520 certiorari
1449 2448 1497 2521 ab
1529 2448 1606 2544 ipsa
1638 2447 1685 2522 de
1716 2445 1951 2541 quibusdam,
1979 2450 2012 2518 et

839 2569 948 2656 altro
972 2565 1074 2658 idest,
1100 2566 1194 2641 alius
1219 2569 1365 2663 spiritus
1390 2570 1531 2664 beatus,
1550 2575 1599 2644 mi
1613 2573 1774 2662 rimosa,
1791 2567 1891 2642 uude
1908 2566 2012 2640 dicit:

839 2688 966 2760 uedeo
989 2690 1094 2761 aeder
1113 2692 1271 2762 dentiae
1294 2697 1328 2763 et
1351 2693 1422 2764 vidi
1437 2713 1484 2763 nu
1500 2713 1600 2782 seue;
1619 2690 1676 2764 bic
1692 2694 1774 2764 erat
1793 2685 2013 2763 venerabilis

841 2807 1062 2901 bernardus,
1088 2813 1206 2882 oasmo
1234 2831 1301 2882 con
1331 2813 1363 2883 le
1389 2815 1483 2902 penti
1509 2814 1676 2903 gloriose,
1701 2810 1805 2903 idest,
1835 2812 2010 2882 ornatum

840 2927 963 3002 divino
980 2928 1119 3003 lumine
1135 2929 1245 3002 simul
1262 2950 1349 3004 nuru
1367 2931 1447 3006 aliis
1466 2932 1581 3006 beatis
1597 2929 1830 3027 glorificatis3
1849 2928 1907 3002 vel
1925 2927 2011 3021 quia

838 3053 919 3121 erat
943 3049 1095 3123 vestitus
1118 3049 1204 3123 altr)
1227 3049 1322 3125 siout
1347 3055 1384 3124 et
1408 3050 1479 3124 alii.
1498 3050 1552 3125 lld
1578 3051 1854 3146 intelligentiam
1881 3055 2009 3122 autem

839 3167 1041 3264 pleniorem
1054 3168 1165 3243 buius
1181 3191 1311 3264 passus
1322 3177 1378 3246 est
1390 3171 1592 3265 sciendum,
1607 3172 1707 3266 quod
1722 3173 1790 3246 iste
1802 3189 1917 3246 senex
1932 3172 2011 3245 erat

838 3289 971 3362 beatus
1002 3287 1213 3363 bernardus
1243 3290 1357 3364 abbas
1380 3290 1667 3384 clarevallensis,
1698 3290 1762 3384 qui
1796 3288 1867 3363 luit
1905 3288 2012 3361 lucu-

838 3407 960 3482 lentus
984 3409 1114 3484 doctor
1138 3418 1176 3485 et
1199 3410 1353 3483 instituit
1377 3411 1543 3486 ordinem
1562 3419 1631 3485 etc.
1658 3411 1776 3486 butor
1795 3411 1923 3504 itaque
1947 3406 2011 3482 de·

837 3528 963 3602 scribit
989 3529 1109 3624 ipsum
1129 3530 1360 3604 Bernardum
1377 3531 1524 3626 proprie
1543 3531 1749 3606 secuudum
1772 3529 1905 3604 merita
1927 3547 2013 3621 per·

837 3667 949 3741 sonae,
967 3649 1087 3742 primo
1105 3649 1154 3722 ab
1177 3657 1298 3743 aetate,
1315 3649 1402 3744 quia
1423 3657 1531 3725 uocat
1547 3671 1636 3725 enm
1655 3670 1805 3743 senem,
1823 3647 1893 3722 luit
1913 3635 2009 3722 enim

837 3765 1048 3840 Bernardus
1072 3788 1185 3842 senex
1211 3775 1378 3864 tempore
1398 3775 1435 3843 et
1456 3768 1649 3864 sapientia:
1673 3769 1837 3844 seeundo
1857 3789 1881 3841 a
1898 3773 2010 3859 veste,

837 3887 926 3981 quia
950 3894 1032 3962 erat
1054 3890 1212 3963 amiotus
1237 3889 1355 3986 gloria
1381 3891 1517 3964 multa:
1539 3890 1649 3966 tertio
1673 3911 1697 3963 a
1722 3888 1950 3985 benignitate
1974 3892 2011 3959 et

837 4007 983 4103 pietate,
1008 4009 1096 4102 quia
1120 4007 1189 4083 luit
1208 4031 1356 4084 summe
1372 4011 1481 4102 mitis,
1500 4009 1657 4103 humilis,
1676 4008 1851 4106 placidus,
1871 4013 2009 4081 tracta-

837 4128 929 4222 bilis,
945 4129 1109 4204 affabilis
1133 4131 1239 4204 Nunc
1258 4130 1304 4203 ad
1322 4129 1477 4224 literam,
1494 4129 1581 4204 dicit
1597 4137 1726 4205 autor:
1744 4137 1782 4205 et
1804 4131 1866 4204 ille
1882 4149 2009 4220 senex,

836 4271 903 4322 ero
924 4251 1065 4342 diffisso,
1091 4250 1193 4344 idest,
1219 4269 1420 4345 respersus,
1445 4254 1493 4323 di
1506 4251 1657 4341 beuipm
1682 4255 1812 4342 lebria,
1831 4272 1905 4326 non
1930 4273 2009 4325 ma·

836 4369 933 4465 ligna
958 4370 1076 4464 qualis
1105 4377 1161 4444 est
1191 4370 1314 4444 laetitia
1345 4369 1561 4464 multorum,
1586 4393 1655 4463 per
1682 4375 1734 4462 pti
1762 4374 1860 4444 nocti
1891 4392 1912 4445 e
1941 4391 2007 4464 per

837 4491 868 4562 le
890 4508 991 4579 pene,
1010 4490 1116 4582 qnasi
1135 4489 1245 4581 dicat,
1262 4489 1385 4564 hilaris
1406 4496 1444 4564 et
1465 4489 1646 4585 benignus
1664 4491 1700 4563 iu
1719 4491 1827 4565 lacie-
1842 4492 1887 4564 Et
1904 4491 2009 4565 dicit:

834 4613 873 4682 in
896 4616 969 4681 otto
987 4613 1051 4700 pio
1074 4613 1178 4701 quote
1202 4631 1227 4682 a
1252 4617 1369 4682 burro
1389 4613 1506 4701 padre
1525 4613 1749 4684 siooaoiene.
1769 4611 1813 4683 Et
1831 4611 1928 4685 bene
1951 4631 2011 4685 as-

836 4729 970 4803 similat
989 4731 1219 4804 Bernardum
1240 4730 1299 4824 pio
1324 4730 1433 4824 patri;
1455 4730 1521 4804 luit
1542 4731 1640 4805 euim
1662 4733 1825 4826 optimus
1851 4731 2013 4826 paterla·

839 4849 965 4942 milias,
983 4851 1046 4944 qui
1073 4857 1127 4924 tot
1151 4849 1242 4923 lilios
1266 4850 1500 4944 spiritualiter
1516 4853 1645 4946 genuit
1662 4860 1700 4926 et
1717 4853 1853 4927 bonam
1876 4872 2011 4926 curam

839 4968 951 5064 gessit
975 4970 1131 5044 lamiliae.
1143 5011 1193 5024 -
1206 4975 1239 5042 Ε
1260 4991 1335 5042 ove.
1352 4969 1417 5044 llic
1433 4979 1543 5045 autor
1560 4973 1717 5046 ostendit
1736 4971 1927 5066 quomodo
1949 4993 2013 5067 pa-
