<?xml version="1.0" encoding="UTF-8"?>
<!DOCTYPE html PUBLIC "-//W3C//DTD XHTML 1.0 Transitional//EN"
    "http://www.w3.org/TR/xhtml1/DTD/xhtml1-transitional.dtd">
<html xmlns="http://www.w3.org/1999/xhtml" xml:lang="en" lang="en">
 <head>
  <title>
</title>
<meta http-equiv="Content-Type" content="text/html;charset=utf-8" />
  <meta name='ocr-system' content='tesseract 3.04.00' />
  <meta name='ocr-capabilities' content='ocr_page ocr_carea ocr_par ocr_line ocrx_word'/>
</head>
<body>
  <div class='ocr_page' id='page_1' title='image "./comentumsuperda02benvgoog_0209.png"; bbox 0 0 4842 6642; ppageno 0'>
   <div class='ocr_carea' id='block_1_1' title="bbox 767 872 1620 957">
    <p class='ocr_par' dir='ltr' id='par_1_1' title="bbox 767 872 1620 957">
     <span class='ocr_line' id='line_1_1' title="bbox 767 872 1620 957; baseline 0.008 -7"><span class='ocrx_word' id='word_1_1' title='bbox 767 896 906 952; x_wconf 73' lang='lat' dir='ltr'>caurus</span> <span class='ocrx_word' id='word_1_2' title='bbox 932 896 1094 954; x_wconf 81' lang='lat' dir='ltr'>useruus·</span> <span class='ocrx_word' id='word_1_3' title='bbox 1114 887 1298 954; x_wconf 78' lang='lat' dir='ltr'>surmuus.</span> <span class='ocrx_word' id='word_1_4' title='bbox 1547 872 1620 957; x_wconf 80' lang='lat' dir='ltr'>ms</span> 
     </span>
    </p>
   </div>
   <div class='ocr_carea' id='block_1_2' title="bbox 393 1039 1619 2707">
    <p class='ocr_par' dir='ltr' id='par_1_2' title="bbox 444 1039 1618 1624">
     <span class='ocr_line' id='line_1_2' title="bbox 444 1039 1617 1139; baseline 0.008 -25"><span class='ocrx_word' id='word_1_5' title='bbox 444 1039 662 1115; x_wconf 83' lang='lat' dir='ltr'>duraturam</span> <span class='ocrx_word' id='word_1_6' title='bbox 688 1040 726 1115; x_wconf 91' lang='lat' dir='ltr'>in</span> <span class='ocrx_word' id='word_1_7' title='bbox 751 1042 941 1138; x_wconf 81' lang='lat' dir='ltr'>iuturum3</span> <span class='ocrx_word' id='word_1_8' title='bbox 968 1044 1074 1139; x_wconf 85' lang='lat' dir='ltr'><strong>quasi</strong></span> <span class='ocrx_word' id='word_1_9' title='bbox 1100 1044 1205 1138; x_wconf 84' lang='lat' dir='ltr'>dicat,</span> <span class='ocrx_word' id='word_1_10' title='bbox 1225 1043 1310 1138; x_wconf 89' lang='lat' dir='ltr'>quia</span> <span class='ocrx_word' id='word_1_11' title='bbox 1330 1044 1475 1119; x_wconf 87' lang='lat' dir='ltr'>iortuna</span> <span class='ocrx_word' id='word_1_12' title='bbox 1492 1054 1617 1123; x_wconf 85' lang='lat' dir='ltr'>servat</span> 
     </span>
     <span class='ocr_line' id='line_1_3' title="bbox 447 1144 1618 1259; baseline 0.005 -24"><span class='ocrx_word' id='word_1_13' title='bbox 447 1144 508 1235; x_wconf 91' lang='lat' dir='ltr'>tibi</span> <span class='ocrx_word' id='word_1_14' title='bbox 535 1162 716 1238; x_wconf 90' lang='lat' dir='ltr'>maiorem</span> <span class='ocrx_word' id='word_1_15' title='bbox 743 1165 920 1239; x_wconf 81' lang='lat' dir='ltr'>honorem</span> <span class='ocrx_word' id='word_1_16' title='bbox 947 1172 985 1241; x_wconf 90' lang='lat' dir='ltr'>et</span> <span class='ocrx_word' id='word_1_17' title='bbox 1011 1164 1208 1241; x_wconf 79' lang='lat' dir='ltr'><strong>feliciorem</strong></span> <span class='ocrx_word' id='word_1_18' title='bbox 1235 1172 1392 1259; x_wconf 89' lang='lat' dir='ltr'>statum;</span> <span class='ocrx_word' id='word_1_19' title='bbox 1418 1170 1477 1239; x_wconf 82' lang='lat' dir='ltr'>vio</span> <span class='ocrx_word' id='word_1_20' title='bbox 1494 1163 1556 1259; x_wconf 81' lang='lat' dir='ltr'>ptri</span> <span class='ocrx_word' id='word_1_21' title='bbox 1581 1158 1618 1242; x_wconf 85' lang='lat' dir='ltr'>ld</span> 
     </span>
     <span class='ocr_line' id='line_1_4' title="bbox 444 1284 1618 1381; baseline 0.005 -24"><span class='ocrx_word' id='word_1_22' title='bbox 444 1284 504 1357; x_wconf 83' lang='lat' dir='ltr'>cle</span> <span class='ocrx_word' id='word_1_23' title='bbox 527 1285 554 1356; x_wconf 87' lang='lat' dir='ltr'>&#39;l</span> <span class='ocrx_word' id='word_1_24' title='bbox 572 1287 683 1377; x_wconf 82' lang='lat' dir='ltr'>purrir</span> <span class='ocrx_word' id='word_1_25' title='bbox 707 1287 746 1359; x_wconf 86' lang='lat' dir='ltr'>dt</span> <span class='ocrx_word' id='word_1_26' title='bbox 769 1286 826 1359; x_wconf 91' lang='lat' dir='ltr'>lor</span> <span class='ocrx_word' id='word_1_27' title='bbox 844 1288 1005 1381; x_wconf 80' lang='lat' dir='ltr'>perfidie,</span> <span class='ocrx_word' id='word_1_28' title='bbox 1034 1286 1138 1381; x_wconf 84' lang='lat' dir='ltr'>quasi</span> <span class='ocrx_word' id='word_1_29' title='bbox 1169 1286 1281 1361; x_wconf 88' lang='lat' dir='ltr'>dicat:</span> <span class='ocrx_word' id='word_1_30' title='bbox 1316 1307 1423 1381; x_wconf 86' lang='lat' dir='ltr'>poena</span> <span class='ocrx_word' id='word_1_31' title='bbox 1456 1286 1529 1361; x_wconf 89' lang='lat' dir='ltr'>cilo</span> <span class='ocrx_word' id='word_1_32' title='bbox 1559 1309 1618 1363; x_wconf 91' lang='lat' dir='ltr'>se-</span> 
     </span>
     <span class='ocr_line' id='line_1_5' title="bbox 444 1402 1616 1500; baseline 0.003 -23"><span class='ocrx_word' id='word_1_33' title='bbox 444 1409 583 1497; x_wconf 84' lang='lat' dir='ltr'>quetur</span> <span class='ocrx_word' id='word_1_34' title='bbox 611 1403 657 1478; x_wconf 90' lang='lat' dir='ltr'>ad</span> <span class='ocrx_word' id='word_1_35' title='bbox 690 1402 837 1479; x_wconf 77' lang='lat' dir='ltr'>fraudes</span> <span class='ocrx_word' id='word_1_36' title='bbox 871 1426 1016 1500; x_wconf 87' lang='lat' dir='ltr'>eorum,</span> <span class='ocrx_word' id='word_1_37' title='bbox 1042 1413 1080 1482; x_wconf 92' lang='lat' dir='ltr'>et</span> <span class='ocrx_word' id='word_1_38' title='bbox 1107 1413 1169 1482; x_wconf 93' lang='lat' dir='ltr'>tua</span> <span class='ocrx_word' id='word_1_39' title='bbox 1201 1408 1276 1481; x_wconf 87' lang='lat' dir='ltr'>vita</span> <span class='ocrx_word' id='word_1_40' title='bbox 1306 1406 1526 1481; x_wconf 82' lang='lat' dir='ltr'>extendetur</span> <span class='ocrx_word' id='word_1_41' title='bbox 1555 1407 1616 1482; x_wconf 91' lang='lat' dir='ltr'>diu</span> 
     </span>
     <span class='ocr_line' id='line_1_6' title="bbox 446 1524 1134 1624; baseline 0 -23"><span class='ocrx_word' id='word_1_42' title='bbox 446 1524 677 1601; x_wconf 75' lang='lat' dir='ltr'>laudabiliter</span> <span class='ocrx_word' id='word_1_43' title='bbox 701 1524 737 1600; x_wconf 91' lang='lat' dir='ltr'>in</span> <span class='ocrx_word' id='word_1_44' title='bbox 765 1546 898 1623; x_wconf 85' lang='lat' dir='ltr'>magna</span> <span class='ocrx_word' id='word_1_45' title='bbox 924 1528 1040 1624; x_wconf 85' lang='lat' dir='ltr'>gloria</span> <span class='ocrx_word' id='word_1_46' title='bbox 1066 1532 1134 1604; x_wconf 89' lang='lat' dir='ltr'>etc.</span> 
     </span>
    </p>

    <p class='ocr_par' dir='ltr' id='par_1_3' title="bbox 393 1646 1619 2707">
     <span class='ocr_line' id='line_1_7' title="bbox 393 1646 1617 1746; baseline 0.002 -27"><span class='ocrx_word' id='word_1_47' title='bbox 393 1692 394 1695; x_wconf 18' lang='grc' dir='ltr'><strong><em>κ</em></strong></span> <span class='ocrx_word' id='word_1_48' title='bbox 519 1648 586 1720; x_wconf 75' lang='lat' dir='ltr'>Por·</span> <span class='ocrx_word' id='word_1_49' title='bbox 608 1646 668 1719; x_wconf 86' lang='lat' dir='ltr'>cle</span> <span class='ocrx_word' id='word_1_50' title='bbox 692 1648 847 1719; x_wconf 85' lang='lat' dir='ltr'>lucendo.</span> <span class='ocrx_word' id='word_1_51' title='bbox 874 1648 944 1721; x_wconf 85' lang='lat' dir='ltr'>lsta</span> <span class='ocrx_word' id='word_1_52' title='bbox 970 1655 1025 1721; x_wconf 84' lang='lat' dir='ltr'>est</span> <span class='ocrx_word' id='word_1_53' title='bbox 1049 1654 1182 1741; x_wconf 87' lang='lat' dir='ltr'>quarta</span> <span class='ocrx_word' id='word_1_54' title='bbox 1208 1669 1293 1743; x_wconf 91' lang='lat' dir='ltr'>pars</span> <span class='ocrx_word' id='word_1_55' title='bbox 1327 1654 1365 1722; x_wconf 88' lang='lat' dir='ltr'>et</span> <span class='ocrx_word' id='word_1_56' title='bbox 1395 1648 1524 1723; x_wconf 89' lang='lat' dir='ltr'>ultima</span> <span class='ocrx_word' id='word_1_57' title='bbox 1550 1669 1617 1746; x_wconf 84' lang='lat' dir='ltr'>ge-</span> 
     </span>
     <span class='ocr_line' id='line_1_8' title="bbox 446 1760 1618 1860; baseline 0.001 -18"><span class='ocrx_word' id='word_1_58' title='bbox 446 1764 584 1844; x_wconf 87' lang='lat' dir='ltr'>neralis</span> <span class='ocrx_word' id='word_1_59' title='bbox 594 1760 643 1859; x_wconf 83' lang='lat'><strong>(¹),</strong></span> <span class='ocrx_word' id='word_1_60' title='bbox 670 1764 706 1839; x_wconf 93' lang='lat' dir='ltr'>in</span> <span class='ocrx_word' id='word_1_61' title='bbox 733 1786 807 1860; x_wconf 89' lang='lat' dir='ltr'>qua</span> <span class='ocrx_word' id='word_1_62' title='bbox 832 1773 943 1841; x_wconf 90' lang='lat' dir='ltr'>autor</span> <span class='ocrx_word' id='word_1_63' title='bbox 969 1768 1142 1843; x_wconf 89' lang='lat' dir='ltr'>inlormat</span> <span class='ocrx_word' id='word_1_64' title='bbox 1166 1775 1204 1843; x_wconf 90' lang='lat' dir='ltr'>et</span> <span class='ocrx_word' id='word_1_65' title='bbox 1229 1768 1404 1844; x_wconf 87' lang='lat' dir='ltr'>certificat</span> <span class='ocrx_word' id='word_1_66' title='bbox 1421 1790 1461 1844; x_wconf 86' lang='lat' dir='ltr'>se</span> <span class='ocrx_word' id='word_1_67' title='bbox 1481 1791 1503 1843; x_wconf 91' lang='lat' dir='ltr'>a</span> <span class='ocrx_word' id='word_1_68' title='bbox 1521 1770 1618 1844; x_wconf 91' lang='lat' dir='ltr'>dicto</span> 
     </span>
     <span class='ocr_line' id='line_1_9' title="bbox 446 1885 1617 1984; baseline 0.003 -23"><span class='ocrx_word' id='word_1_69' title='bbox 446 1886 574 1984; x_wconf 89' lang='lat' dir='ltr'>spiritu</span> <span class='ocrx_word' id='word_1_70' title='bbox 600 1885 696 1961; x_wconf 90' lang='lat' dir='ltr'>circa</span> <span class='ocrx_word' id='word_1_71' title='bbox 714 1888 1026 1982; x_wconf 70' lang='lat' dir='ltr'>complementum</span> <span class='ocrx_word' id='word_1_72' title='bbox 1044 1894 1082 1963; x_wconf 90' lang='lat' dir='ltr'>et</span> <span class='ocrx_word' id='word_1_73' title='bbox 1099 1888 1381 1984; x_wconf 83' lang='lat' dir='ltr'>publicationem</span> <span class='ocrx_word' id='word_1_74' title='bbox 1400 1888 1511 1963; x_wconf 89' lang='lat' dir='ltr'>buius</span> <span class='ocrx_word' id='word_1_75' title='bbox 1527 1910 1617 1984; x_wconf 94' lang='lat' dir='ltr'>ope-</span> 
     </span>
     <span class='ocr_line' id='line_1_10' title="bbox 447 2006 1618 2104; baseline 0.001 -23"><span class='ocrx_word' id='word_1_76' title='bbox 447 2007 506 2081; x_wconf 90' lang='lat' dir='ltr'>ris.</span> <span class='ocrx_word' id='word_1_77' title='bbox 533 2006 578 2080; x_wconf 85' lang='lat' dir='ltr'>Et</span> <span class='ocrx_word' id='word_1_78' title='bbox 602 2006 722 2103; x_wconf 90' lang='lat' dir='ltr'>primo</span> <span class='ocrx_word' id='word_1_79' title='bbox 747 2006 903 2082; x_wconf 89' lang='lat' dir='ltr'>ostendit</span> <span class='ocrx_word' id='word_1_80' title='bbox 927 2030 1034 2083; x_wconf 91' lang='lat' dir='ltr'>suam</span> <span class='ocrx_word' id='word_1_81' title='bbox 1064 2008 1335 2104; x_wconf 89' lang='lat' dir='ltr'>dispositionem</span> <span class='ocrx_word' id='word_1_82' title='bbox 1370 2008 1467 2084; x_wconf 88' lang='lat' dir='ltr'>circa</span> <span class='ocrx_word' id='word_1_83' title='bbox 1500 2008 1618 2085; x_wconf 90' lang='lat' dir='ltr'>consi·</span> 
     </span>
     <span class='ocr_line' id='line_1_11' title="bbox 446 2125 1618 2223; baseline -0.002 -21"><span class='ocrx_word' id='word_1_84' title='bbox 446 2126 536 2203; x_wconf 92' lang='lat' dir='ltr'>lium</span> <span class='ocrx_word' id='word_1_85' title='bbox 553 2125 765 2223; x_wconf 86' lang='lat' dir='ltr'>petendum,</span> <span class='ocrx_word' id='word_1_86' title='bbox 782 2126 925 2202; x_wconf 91' lang='lat' dir='ltr'>dicens:</span> <span class='ocrx_word' id='word_1_87' title='bbox 943 2133 984 2202; x_wconf 89' lang='lat'>10</span> <span class='ocrx_word' id='word_1_88' title='bbox 1002 2131 1197 2219; x_wconf 84' lang='lat' dir='ltr'>comlnctul,</span> <span class='ocrx_word' id='word_1_89' title='bbox 1215 2129 1355 2223; x_wconf 91' lang='lat' dir='ltr'>supple,</span> <span class='ocrx_word' id='word_1_90' title='bbox 1374 2128 1508 2222; x_wconf 87' lang='lat' dir='ltr'>dicere,</span> <span class='ocrx_word' id='word_1_91' title='bbox 1522 2149 1618 2202; x_wconf 88' lang='lat' dir='ltr'>come</span> 
     </span>
     <span class='ocr_line' id='line_1_12' title="bbox 445 2248 1616 2342; baseline -0.002 -20"><span class='ocrx_word' id='word_1_92' title='bbox 445 2250 536 2322; x_wconf 76' lang='lat' dir='ltr'>codri</span> <span class='ocrx_word' id='word_1_93' title='bbox 546 2248 608 2321; x_wconf 83' lang='lat' dir='ltr'>cde</span> <span class='ocrx_word' id='word_1_94' title='bbox 619 2248 761 2339; x_wconf 85' lang='lat' dir='ltr'>bruma,</span> <span class='ocrx_word' id='word_1_95' title='bbox 775 2248 877 2342; x_wconf 81' lang='lat' dir='ltr'>idest,</span> <span class='ocrx_word' id='word_1_96' title='bbox 891 2248 1039 2323; x_wconf 81' lang='lat' dir='ltr'>allectat</span> <span class='ocrx_word' id='word_1_97' title='bbox 1057 2249 1204 2342; x_wconf 87' lang='lat' dir='ltr'>habere,</span> <span class='ocrx_word' id='word_1_98' title='bbox 1219 2252 1400 2341; x_wconf 69' lang='lat' dir='ltr'>condutio,</span> <span class='ocrx_word' id='word_1_99' title='bbox 1414 2250 1616 2339; x_wconf 82' lang='lat' dir='ltr'>dubitando,</span> 
     </span>
     <span class='ocr_line' id='line_1_13' title="bbox 445 2369 1619 2462; baseline -0.001 -19"><span class='ocrx_word' id='word_1_100' title='bbox 445 2370 673 2462; x_wconf 71' lang='lat' dir='ltr'>depersoner</span> <span class='ocrx_word' id='word_1_101' title='bbox 702 2370 762 2442; x_wconf 85' lang='lat' dir='ltr'>ebe</span> <span class='ocrx_word' id='word_1_102' title='bbox 792 2372 875 2443; x_wconf 83' lang='lat' dir='ltr'>cede</span> <span class='ocrx_word' id='word_1_103' title='bbox 900 2392 919 2444; x_wconf 86' lang='lat' dir='ltr'>e</span> <span class='ocrx_word' id='word_1_104' title='bbox 944 2372 1043 2442; x_wconf 81' lang='lat' dir='ltr'>oncle</span> <span class='ocrx_word' id='word_1_105' title='bbox 1075 2391 1094 2442; x_wconf 86' lang='lat' dir='ltr'>e</span> <span class='ocrx_word' id='word_1_106' title='bbox 1126 2389 1209 2441; x_wconf 85' lang='lat' dir='ltr'>orno</span> <span class='ocrx_word' id='word_1_107' title='bbox 1241 2371 1481 2462; x_wconf 74' lang='lat' dir='ltr'>drittument03</span> <span class='ocrx_word' id='word_1_108' title='bbox 1508 2369 1619 2442; x_wconf 91' lang='lat' dir='ltr'>homo</span> 
     </span>
     <span class='ocr_line' id='line_1_14' title="bbox 445 2486 1617 2584; baseline -0.002 -21"><span class='ocrx_word' id='word_1_109' title='bbox 445 2488 544 2563; x_wconf 90' lang='lat' dir='ltr'>enim</span> <span class='ocrx_word' id='word_1_110' title='bbox 571 2487 759 2584; x_wconf 83' lang='lat' dir='ltr'>audacter,</span> <span class='ocrx_word' id='word_1_111' title='bbox 786 2488 1002 2564; x_wconf 84' lang='lat' dir='ltr'>fiducialiter</span> <span class='ocrx_word' id='word_1_112' title='bbox 1027 2496 1064 2563; x_wconf 90' lang='lat' dir='ltr'>et</span> <span class='ocrx_word' id='word_1_113' title='bbox 1090 2509 1174 2562; x_wconf 92' lang='lat' dir='ltr'>cum</span> <span class='ocrx_word' id='word_1_114' title='bbox 1202 2489 1299 2564; x_wconf 92' lang='lat' dir='ltr'>bona</span> <span class='ocrx_word' id='word_1_115' title='bbox 1324 2508 1388 2583; x_wconf 88' lang='lat' dir='ltr'>spe</span> <span class='ocrx_word' id='word_1_116' title='bbox 1413 2486 1501 2584; x_wconf 92' lang='lat' dir='ltr'>petit</span> <span class='ocrx_word' id='word_1_117' title='bbox 1527 2508 1617 2563; x_wconf 90' lang='lat' dir='ltr'>con-</span> 
     </span>
     <span class='ocr_line' id='line_1_15' title="bbox 445 2604 1619 2707; baseline -0.003 -23"><span class='ocrx_word' id='word_1_118' title='bbox 445 2608 565 2684; x_wconf 90' lang='lat' dir='ltr'>silium</span> <span class='ocrx_word' id='word_1_119' title='bbox 591 2609 638 2684; x_wconf 93' lang='lat' dir='ltr'>ab</span> <span class='ocrx_word' id='word_1_120' title='bbox 664 2629 721 2705; x_wconf 83' lang='lat' dir='ltr'>eo,</span> <span class='ocrx_word' id='word_1_121' title='bbox 747 2610 810 2703; x_wconf 86' lang='lat' dir='ltr'>qui</span> <span class='ocrx_word' id='word_1_122' title='bbox 836 2609 1022 2706; x_wconf 84' lang='lat' dir='ltr'>cognoscit</span> <span class='ocrx_word' id='word_1_123' title='bbox 1047 2610 1127 2684; x_wconf 88' lang='lat' dir='ltr'>eius</span> <span class='ocrx_word' id='word_1_124' title='bbox 1142 2604 1386 2707; x_wconf 81' lang='lat' dir='ltr'>¹indigentiam</span> <span class='ocrx_word' id='word_1_125' title='bbox 1406 2616 1442 2685; x_wconf 88' lang='lat' dir='ltr'>et</span> <span class='ocrx_word' id='word_1_126' title='bbox 1462 2609 1619 2684; x_wconf 90' lang='lat' dir='ltr'>libenter</span> 
     </span>
    </p>
   </div>
   <div class='ocr_carea' id='block_1_3' title="bbox 445 2728 1619 3186">
    <p class='ocr_par' dir='ltr' id='par_1_4' title="bbox 445 2728 1619 3186">
     <span class='ocr_line' id='line_1_16' title="bbox 446 2728 1617 2824; baseline -0.003 -20"><span class='ocrx_word' id='word_1_127' title='bbox 446 2731 526 2804; x_wconf 85' lang='lat' dir='ltr'>vult</span> <span class='ocrx_word' id='word_1_128' title='bbox 550 2729 690 2804; x_wconf 88' lang='lat' dir='ltr'>servire</span> <span class='ocrx_word' id='word_1_129' title='bbox 715 2730 794 2824; x_wconf 85' lang='lat' dir='ltr'>sibi,</span> <span class='ocrx_word' id='word_1_130' title='bbox 819 2736 857 2805; x_wconf 89' lang='lat' dir='ltr'>et</span> <span class='ocrx_word' id='word_1_131' title='bbox 881 2740 981 2807; x_wconf 88' lang='lat' dir='ltr'>amat</span> <span class='ocrx_word' id='word_1_132' title='bbox 1006 2751 1092 2805; x_wconf 94' lang='lat' dir='ltr'>cum</span> <span class='ocrx_word' id='word_1_133' title='bbox 1118 2750 1248 2805; x_wconf 89' lang='lat' dir='ltr'>amore</span> <span class='ocrx_word' id='word_1_134' title='bbox 1268 2729 1411 2805; x_wconf 90' lang='lat' dir='ltr'>sincero</span> <span class='ocrx_word' id='word_1_135' title='bbox 1435 2750 1506 2803; x_wconf 94' lang='lat' dir='ltr'>non</span> <span class='ocrx_word' id='word_1_136' title='bbox 1525 2728 1617 2803; x_wconf 88' lang='lat' dir='ltr'>licti-</span> 
     </span>
     <span class='ocr_line' id='line_1_17' title="bbox 445 2840 1616 2948; baseline -0.001 -26"><span class='ocrx_word' id='word_1_137' title='bbox 445 2848 498 2923; x_wconf 89' lang='lat' dir='ltr'>tio</span> <span class='ocrx_word' id='word_1_138' title='bbox 513 2840 570 2943; x_wconf 77' lang='lat' dir='ltr'>l&#39;);</span> <span class='ocrx_word' id='word_1_139' title='bbox 596 2856 633 2924; x_wconf 89' lang='lat' dir='ltr'>et</span> <span class='ocrx_word' id='word_1_140' title='bbox 659 2850 739 2923; x_wconf 90' lang='lat' dir='ltr'>talis</span> <span class='ocrx_word' id='word_1_141' title='bbox 765 2856 845 2925; x_wconf 90' lang='lat' dir='ltr'>erat</span> <span class='ocrx_word' id='word_1_142' title='bbox 864 2856 975 2925; x_wconf 88' lang='lat' dir='ltr'>autor</span> <span class='ocrx_word' id='word_1_143' title='bbox 1001 2850 1038 2924; x_wconf 90' lang='lat' dir='ltr'>in</span> <span class='ocrx_word' id='word_1_144' title='bbox 1064 2850 1260 2948; x_wconf 87' lang='lat' dir='ltr'>proposito,</span> <span class='ocrx_word' id='word_1_145' title='bbox 1278 2856 1321 2923; x_wconf 90' lang='lat' dir='ltr'>ut</span> <span class='ocrx_word' id='word_1_146' title='bbox 1346 2854 1444 2945; x_wconf 89' lang='lat' dir='ltr'>patet</span> <span class='ocrx_word' id='word_1_147' title='bbox 1470 2870 1516 2924; x_wconf 84' lang='lat' dir='ltr'>er</span> <span class='ocrx_word' id='word_1_148' title='bbox 1538 2850 1616 2944; x_wconf 90' lang='lat' dir='ltr'>jam</span> 
     </span>
     <span class='ocr_line' id='line_1_18' title="bbox 446 2968 1619 3064; baseline 0 -21"><span class='ocrx_word' id='word_1_149' title='bbox 446 2968 559 3043; x_wconf 84' lang='lat' dir='ltr'>dictis.</span> <span class='ocrx_word' id='word_1_150' title='bbox 586 2968 630 3042; x_wconf 83' lang='lat' dir='ltr'>llt</span> <span class='ocrx_word' id='word_1_151' title='bbox 655 2970 724 3045; x_wconf 91' lang='lat' dir='ltr'>boc</span> <span class='ocrx_word' id='word_1_152' title='bbox 742 2970 822 3064; x_wconf 87' lang='lat' dir='ltr'>leci,</span> <span class='ocrx_word' id='word_1_153' title='bbox 834 2974 900 3064; x_wconf 82' lang='lat' dir='ltr'>poi</span> <span class='ocrx_word' id='word_1_154' title='bbox 918 2974 978 3044; x_wconf 86' lang='lat' dir='ltr'>cle</span> <span class='ocrx_word' id='word_1_155' title='bbox 1003 2974 1153 3045; x_wconf 83' lang='lat' dir='ltr'>l&#39;cntrno</span> <span class='ocrx_word' id='word_1_156' title='bbox 1169 2977 1288 3060; x_wconf 86' lang='lat' dir='ltr'>sunto,</span> <span class='ocrx_word' id='word_1_157' title='bbox 1305 2970 1451 3063; x_wconf 89' lang='lat' dir='ltr'>scilicet,</span> <span class='ocrx_word' id='word_1_158' title='bbox 1470 2970 1619 3044; x_wconf 87' lang='lat' dir='ltr'>Caecia-</span> 
     </span>
     <span class='ocr_line' id='line_1_19' title="bbox 446 3082 1617 3186; baseline -0.002 -23"><span class='ocrx_word' id='word_1_159' title='bbox 446 3088 579 3186; x_wconf 84' lang='lat' dir='ltr'>guidae,</span> <span class='ocrx_word' id='word_1_160' title='bbox 597 3092 629 3161; x_wconf 84' lang='lat' dir='ltr'>si</span> <span class='ocrx_word' id='word_1_161' title='bbox 653 3082 785 3163; x_wconf 84' lang='lat' dir='ltr'>mostrd</span> <span class='ocrx_word' id='word_1_162' title='bbox 801 3092 935 3183; x_wconf 82' lang='lat' dir='ltr'>spedito</span> <span class='ocrx_word' id='word_1_163' title='bbox 951 3094 989 3165; x_wconf 83' lang='lat' dir='ltr'>di</span> <span class='ocrx_word' id='word_1_164' title='bbox 1005 3098 1143 3165; x_wconf 86' lang='lat' dir='ltr'>mettere</span> <span class='ocrx_word' id='word_1_165' title='bbox 1159 3093 1195 3164; x_wconf 87' lang='lat' dir='ltr'>ta</span> <span class='ocrx_word' id='word_1_166' title='bbox 1212 3098 1331 3163; x_wconf 72' lang='lat' dir='ltr'>numa</span> <span class='ocrx_word' id='word_1_167' title='bbox 1348 3094 1385 3163; x_wconf 85' lang='lat' dir='ltr'>ln</span> <span class='ocrx_word' id='word_1_168' title='bbox 1404 3092 1518 3183; x_wconf 79' lang='lat' dir='ltr'>quella</span> <span class='ocrx_word' id='word_1_169' title='bbox 1535 3093 1617 3178; x_wconf 87' lang='lat' dir='ltr'>telo,</span> 
     </span>
    </p>
   </div>
   <div class='ocr_carea' id='block_1_4' title="bbox 446 3208 1622 4875">
    <p class='ocr_par' dir='ltr' id='par_1_5' title="bbox 446 3208 1622 4875">
     <span class='ocr_line' id='line_1_20' title="bbox 447 3208 1620 3305; baseline 0 -24"><span class='ocrx_word' id='word_1_170' title='bbox 447 3210 498 3281; x_wconf 70' lang='lat' dir='ltr'>cll</span> <span class='ocrx_word' id='word_1_171' title='bbox 510 3212 547 3281; x_wconf 80' lang='lat' dir='ltr'>lo</span> <span class='ocrx_word' id='word_1_172' title='bbox 571 3212 603 3282; x_wconf 88' lang='lat' dir='ltr'>le</span> <span class='ocrx_word' id='word_1_173' title='bbox 623 3211 726 3302; x_wconf 84' lang='lat' dir='ltr'>persi</span> <span class='ocrx_word' id='word_1_174' title='bbox 750 3212 881 3301; x_wconf 83' lang='lat' dir='ltr'>ordita,</span> <span class='ocrx_word' id='word_1_175' title='bbox 899 3210 1001 3305; x_wconf 85' lang='lat' dir='ltr'>idest,</span> <span class='ocrx_word' id='word_1_176' title='bbox 1024 3210 1181 3285; x_wconf 85' lang='lat' dir='ltr'>ostendit</span> <span class='ocrx_word' id='word_1_177' title='bbox 1205 3231 1246 3285; x_wconf 90' lang='lat' dir='ltr'>se</span> <span class='ocrx_word' id='word_1_178' title='bbox 1269 3208 1432 3284; x_wconf 82' lang='lat' dir='ltr'>teruisse</span> <span class='ocrx_word' id='word_1_179' title='bbox 1457 3214 1495 3285; x_wconf 89' lang='lat' dir='ltr'>et</span> <span class='ocrx_word' id='word_1_180' title='bbox 1519 3208 1620 3283; x_wconf 95' lang='lat' dir='ltr'>ordi-</span> 
     </span>
     <span class='ocr_line' id='line_1_21' title="bbox 448 3326 1619 3426; baseline 0 -23"><span class='ocrx_word' id='word_1_181' title='bbox 448 3349 554 3405; x_wconf 86' lang='lat' dir='ltr'>nasse</span> <span class='ocrx_word' id='word_1_182' title='bbox 579 3326 704 3404; x_wconf 89' lang='lat' dir='ltr'>thema</span> <span class='ocrx_word' id='word_1_183' title='bbox 729 3329 828 3423; x_wconf 87' lang='lat' dir='ltr'>quod</span> <span class='ocrx_word' id='word_1_184' title='bbox 854 3349 923 3426; x_wconf 75' lang='lat' dir='ltr'>ego</span> <span class='ocrx_word' id='word_1_185' title='bbox 949 3349 1214 3425; x_wconf 89' lang='lat' dir='ltr'>proposueram</span> <span class='ocrx_word' id='word_1_186' title='bbox 1241 3329 1318 3403; x_wconf 88' lang='lat' dir='ltr'>sibi.</span> <span class='ocrx_word' id='word_1_187' title='bbox 1346 3329 1390 3401; x_wconf 85' lang='lat' dir='ltr'>Et</span> <span class='ocrx_word' id='word_1_188' title='bbox 1420 3334 1475 3403; x_wconf 91' lang='lat' dir='ltr'>est</span> <span class='ocrx_word' id='word_1_189' title='bbox 1502 3334 1619 3403; x_wconf 90' lang='lat' dir='ltr'>meta·</span> 
     </span>
     <span class='ocr_line' id='line_1_22' title="bbox 446 3448 1617 3547; baseline -0.002 -23"><span class='ocrx_word' id='word_1_190' title='bbox 446 3451 561 3547; x_wconf 89' lang='lat' dir='ltr'>phora</span> <span class='ocrx_word' id='word_1_191' title='bbox 580 3450 747 3547; x_wconf 87' lang='lat' dir='ltr'>propria:</span> <span class='ocrx_word' id='word_1_192' title='bbox 761 3456 817 3525; x_wconf 85' lang='lat' dir='ltr'>est</span> <span class='ocrx_word' id='word_1_193' title='bbox 834 3450 931 3525; x_wconf 91' lang='lat' dir='ltr'>enim</span> <span class='ocrx_word' id='word_1_194' title='bbox 947 3458 1066 3525; x_wconf 87' lang='lat' dir='ltr'>trama</span> <span class='ocrx_word' id='word_1_195' title='bbox 1081 3450 1167 3526; x_wconf 93' lang='lat' dir='ltr'>illud</span> <span class='ocrx_word' id='word_1_196' title='bbox 1185 3450 1287 3523; x_wconf 85' lang='lat' dir='ltr'>iilum</span> <span class='ocrx_word' id='word_1_197' title='bbox 1307 3450 1406 3544; x_wconf 88' lang='lat' dir='ltr'>quod</span> <span class='ocrx_word' id='word_1_198' title='bbox 1423 3448 1617 3524; x_wconf 90' lang='lat' dir='ltr'>deducitur</span> 
     </span>
     <span class='ocr_line' id='line_1_23' title="bbox 449 3570 1619 3668; baseline -0.003 -23"><span class='ocrx_word' id='word_1_199' title='bbox 449 3570 485 3645; x_wconf 78' lang='lat' dir='ltr'>in&#39;</span> <span class='ocrx_word' id='word_1_200' title='bbox 520 3572 630 3646; x_wconf 83' lang='lat' dir='ltr'>telam</span> <span class='ocrx_word' id='word_1_201' title='bbox 664 3592 731 3668; x_wconf 92' lang='lat' dir='ltr'>per</span> <span class='ocrx_word' id='word_1_202' title='bbox 765 3572 988 3667; x_wconf 83' lang='lat' dir='ltr'>ordituram3</span> <span class='ocrx_word' id='word_1_203' title='bbox 1017 3572 1132 3645; x_wconf 91' lang='lat' dir='ltr'>immo</span> <span class='ocrx_word' id='word_1_204' title='bbox 1165 3578 1276 3645; x_wconf 91' lang='lat' dir='ltr'>autor</span> <span class='ocrx_word' id='word_1_205' title='bbox 1311 3577 1435 3645; x_wconf 88' lang='lat' dir='ltr'>noster</span> <span class='ocrx_word' id='word_1_206' title='bbox 1468 3570 1619 3645; x_wconf 90' lang='lat' dir='ltr'>dederat</span> 
     </span>
     <span class='ocr_line' id='line_1_24' title="bbox 449 3691 1620 3787; baseline 0.001 -22"><span class='ocrx_word' id='word_1_207' title='bbox 449 3712 567 3766; x_wconf 89' lang='lat' dir='ltr'>unum</span> <span class='ocrx_word' id='word_1_208' title='bbox 594 3693 718 3768; x_wconf 89' lang='lat' dir='ltr'>thema</span> <span class='ocrx_word' id='word_1_209' title='bbox 742 3694 916 3787; x_wconf 92' lang='lat' dir='ltr'>orditum,</span> <span class='ocrx_word' id='word_1_210' title='bbox 942 3692 1034 3768; x_wconf 84' lang='lat' dir='ltr'>idest</span> <span class='ocrx_word' id='word_1_211' title='bbox 1058 3694 1271 3766; x_wconf 91' lang='lat' dir='ltr'>inchoatum</span> <span class='ocrx_word' id='word_1_212' title='bbox 1297 3699 1459 3787; x_wconf 86' lang='lat' dir='ltr'>tantum;</span> <span class='ocrx_word' id='word_1_213' title='bbox 1491 3697 1528 3767; x_wconf 90' lang='lat' dir='ltr'>et</span> <span class='ocrx_word' id='word_1_214' title='bbox 1560 3691 1620 3766; x_wconf 91' lang='lat' dir='ltr'>ille</span> 
     </span>
     <span class='ocr_line' id='line_1_25' title="bbox 447 3811 1620 3918; baseline -0.001 -31"><span class='ocrx_word' id='word_1_215' title='bbox 447 3811 686 3908; x_wconf 84' lang='lat' dir='ltr'>Caceiaguida</span> <span class='ocrx_word' id='word_1_216' title='bbox 704 3814 823 3888; x_wconf 79' lang='lat' dir='ltr'>texuit</span> <span class='ocrx_word' id='word_1_217' title='bbox 835 3813 922 3888; x_wconf 93' lang='lat' dir='ltr'>illud</span> <span class='ocrx_word' id='word_1_218' title='bbox 935 3814 1070 3889; x_wconf 91' lang='lat' dir='ltr'>iterum</span> <span class='ocrx_word' id='word_1_219' title='bbox 1086 3813 1338 3888; x_wconf 90' lang='lat' dir='ltr'>interserendo</span> <span class='ocrx_word' id='word_1_220' title='bbox 1357 3813 1473 3887; x_wconf 91' lang='lat' dir='ltr'>multa</span> <span class='ocrx_word' id='word_1_221' title='bbox 1490 3813 1620 3918; x_wconf 72' lang='lat' dir='ltr'>rerba,</span> 
     </span>
     <span class='ocr_line' id='line_1_26' title="bbox 449 3932 1620 4030; baseline -0.001 -22"><span class='ocrx_word' id='word_1_222' title='bbox 449 3934 665 4029; x_wconf 86' lang='lat' dir='ltr'>exponendo</span> <span class='ocrx_word' id='word_1_223' title='bbox 690 3940 727 4008; x_wconf 94' lang='lat' dir='ltr'>et</span> <span class='ocrx_word' id='word_1_224' title='bbox 752 3934 991 4030; x_wconf 91' lang='lat' dir='ltr'>declarando;</span> <span class='ocrx_word' id='word_1_225' title='bbox 1018 3944 1054 4009; x_wconf 92' lang='lat' dir='ltr'>et</span> <span class='ocrx_word' id='word_1_226' title='bbox 1079 3934 1183 4010; x_wconf 89' lang='lat' dir='ltr'>dicit:</span> <span class='ocrx_word' id='word_1_227' title='bbox 1211 3936 1371 4024; x_wconf 79' lang='lat' dir='ltr'>tacendo,</span> <span class='ocrx_word' id='word_1_228' title='bbox 1392 3932 1479 4028; x_wconf 90' lang='lat' dir='ltr'>quia</span> <span class='ocrx_word' id='word_1_229' title='bbox 1496 3954 1544 4006; x_wconf 86' lang='lat' dir='ltr'>ex</span> <span class='ocrx_word' id='word_1_230' title='bbox 1562 3939 1620 4007; x_wconf 92' lang='lat' dir='ltr'>ta-</span> 
     </span>
     <span class='ocr_line' id='line_1_27' title="bbox 450 4052 1621 4149; baseline -0.003 -21"><span class='ocrx_word' id='word_1_231' title='bbox 450 4052 659 4128; x_wconf 87' lang='lat' dir='ltr'>citurnitate</span> <span class='ocrx_word' id='word_1_232' title='bbox 684 4052 764 4127; x_wconf 92' lang='lat' dir='ltr'>eius</span> <span class='ocrx_word' id='word_1_233' title='bbox 789 4054 962 4149; x_wconf 91' lang='lat' dir='ltr'>perpendi</span> <span class='ocrx_word' id='word_1_234' title='bbox 995 4053 1094 4149; x_wconf 89' lang='lat' dir='ltr'>quod</span> <span class='ocrx_word' id='word_1_235' title='bbox 1125 4054 1264 4129; x_wconf 86' lang='lat' dir='ltr'>iecerat</span> <span class='ocrx_word' id='word_1_236' title='bbox 1295 4053 1405 4128; x_wconf 89' lang='lat' dir='ltr'>linem</span> <span class='ocrx_word' id='word_1_237' title='bbox 1438 4074 1507 4127; x_wconf 92' lang='lat' dir='ltr'>suo</span> <span class='ocrx_word' id='word_1_238' title='bbox 1540 4072 1621 4126; x_wconf 90' lang='lat' dir='ltr'>ser·</span> 
     </span>
     <span class='ocr_line' id='line_1_28' title="bbox 450 4173 1620 4271; baseline -0.001 -24"><span class='ocrx_word' id='word_1_239' title='bbox 450 4174 710 4249; x_wconf 82' lang='lat' dir='ltr'>utoni-Ben-</span> <span class='ocrx_word' id='word_1_240' title='bbox 744 4178 877 4267; x_wconf 68' lang='lat' dir='ltr'>cepeto.</span> <span class='ocrx_word' id='word_1_241' title='bbox 912 4174 977 4249; x_wconf 90' lang='lat' dir='ltr'>Hic</span> <span class='ocrx_word' id='word_1_242' title='bbox 1007 4181 1116 4249; x_wconf 87' lang='lat' dir='ltr'>autor</span> <span class='ocrx_word' id='word_1_243' title='bbox 1146 4176 1235 4271; x_wconf 90' lang='lat' dir='ltr'>petit</span> <span class='ocrx_word' id='word_1_244' title='bbox 1268 4196 1378 4249; x_wconf 91' lang='lat' dir='ltr'>suum</span> <span class='ocrx_word' id='word_1_245' title='bbox 1415 4173 1620 4269; x_wconf 87' lang='lat' dir='ltr'>consilium,</span> 
     </span>
     <span class='ocr_line' id='line_1_29' title="bbox 450 4294 1620 4391; baseline -0.003 -21"><span class='ocrx_word' id='word_1_246' title='bbox 450 4294 584 4371; x_wconf 89' lang='lat' dir='ltr'>scilieet</span> <span class='ocrx_word' id='word_1_247' title='bbox 622 4295 808 4389; x_wconf 89' lang='lat' dir='ltr'>quomodo</span> <span class='ocrx_word' id='word_1_248' title='bbox 847 4294 957 4391; x_wconf 89' lang='lat' dir='ltr'>possit</span> <span class='ocrx_word' id='word_1_249' title='bbox 991 4296 1184 4391; x_wconf 91' lang='lat' dir='ltr'>providere</span> <span class='ocrx_word' id='word_1_250' title='bbox 1217 4296 1426 4371; x_wconf 88' lang='lat' dir='ltr'>adversitati</span> <span class='ocrx_word' id='word_1_251' title='bbox 1462 4295 1620 4369; x_wconf 86' lang='lat' dir='ltr'>iortunae</span> 
     </span>
     <span class='ocr_line' id='line_1_30' title="bbox 449 4407 1619 4512; baseline -0.001 -23"><span class='ocrx_word' id='word_1_252' title='bbox 449 4434 534 4511; x_wconf 71' lang='lat' dir='ltr'>quae</span> <span class='ocrx_word' id='word_1_253' title='bbox 551 4423 704 4512; x_wconf 90' lang='lat' dir='ltr'>paratur</span> <span class='ocrx_word' id='word_1_254' title='bbox 721 4422 849 4491; x_wconf 89' lang='lat' dir='ltr'>contra</span> <span class='ocrx_word' id='word_1_255' title='bbox 867 4436 966 4491; x_wconf 86' lang='lat' dir='ltr'>eum.</span> <span class='ocrx_word' id='word_1_256' title='bbox 986 4416 1028 4489; x_wconf 87' lang='lat' dir='ltr'>Et</span> <span class='ocrx_word' id='word_1_257' title='bbox 1045 4416 1164 4511; x_wconf 90' lang='lat' dir='ltr'>primo</span> <span class='ocrx_word' id='word_1_258' title='bbox 1182 4416 1403 4491; x_wconf 86' lang='lat' dir='ltr'>confirmans</span> <span class='ocrx_word' id='word_1_259' title='bbox 1418 4407 1455 4509; x_wconf 64' lang='lat'>(³)</span> <span class='ocrx_word' id='word_1_260' title='bbox 1480 4416 1619 4491; x_wconf 90' lang='lat' dir='ltr'>dictum</span> 
     </span>
     <span class='ocr_line' id='line_1_31' title="bbox 449 4536 1621 4635; baseline -0.001 -24"><span class='ocrx_word' id='word_1_261' title='bbox 449 4536 711 4635; x_wconf 84' lang='lat' dir='ltr'>Caeciaguidae‚</span> <span class='ocrx_word' id='word_1_262' title='bbox 738 4536 895 4611; x_wconf 83' lang='lat' dir='ltr'>ostendit</span> <span class='ocrx_word' id='word_1_263' title='bbox 920 4538 1106 4631; x_wconf 89' lang='lat' dir='ltr'>quomodo</span> <span class='ocrx_word' id='word_1_264' title='bbox 1124 4542 1178 4611; x_wconf 87' lang='lat' dir='ltr'>est</span> <span class='ocrx_word' id='word_1_265' title='bbox 1197 4537 1265 4611; x_wconf 91' lang='lat' dir='ltr'>sibi</span> <span class='ocrx_word' id='word_1_266' title='bbox 1284 4558 1377 4632; x_wconf 92' lang='lat' dir='ltr'>opus</span> <span class='ocrx_word' id='word_1_267' title='bbox 1400 4536 1561 4612; x_wconf 89' lang='lat' dir='ltr'>remedio</span> <span class='ocrx_word' id='word_1_268' title='bbox 1583 4536 1621 4610; x_wconf 94' lang='lat' dir='ltr'>in</span> 
     </span>
     <span class='ocr_line' id='line_1_32' title="bbox 448 4657 1622 4753; baseline 0.002 -22"><span class='ocrx_word' id='word_1_269' title='bbox 448 4662 523 4731; x_wconf 88' lang='lat' dir='ltr'>tam</span> <span class='ocrx_word' id='word_1_270' title='bbox 550 4664 654 4733; x_wconf 89' lang='lat' dir='ltr'>arcto</span> <span class='ocrx_word' id='word_1_271' title='bbox 674 4679 763 4733; x_wconf 86' lang='lat' dir='ltr'>casu</span> <span class='ocrx_word' id='word_1_272' title='bbox 781 4658 950 4751; x_wconf 85' lang='lat' dir='ltr'>iortunae,</span> <span class='ocrx_word' id='word_1_273' title='bbox 968 4657 1106 4732; x_wconf 89' lang='lat' dir='ltr'>dicens:</span> <span class='ocrx_word' id='word_1_274' title='bbox 1130 4661 1161 4731; x_wconf 89' lang='lat'><strong><em>0</em></strong></span> <span class='ocrx_word' id='word_1_275' title='bbox 1171 4661 1290 4751; x_wconf 83' lang='lat' dir='ltr'>padre</span> <span class='ocrx_word' id='word_1_276' title='bbox 1309 4662 1391 4753; x_wconf 84' lang='lat' dir='ltr'>mio,</span> <span class='ocrx_word' id='word_1_277' title='bbox 1412 4660 1476 4733; x_wconf 88' lang='lat' dir='ltr'>ben</span> <span class='ocrx_word' id='word_1_278' title='bbox 1497 4662 1622 4751; x_wconf 66' lang='grc' dir='ltr'><strong><em>υερρίο</em></strong></span> 
     </span>
     <span class='ocr_line' id='line_1_33' title="bbox 447 4770 1622 4875; baseline 0.003 -24"><span class='ocrx_word' id='word_1_279' title='bbox 447 4770 478 4851; x_wconf 81' lang='lat' dir='ltr'>sl</span> <span class='ocrx_word' id='word_1_280' title='bbox 502 4798 598 4851; x_wconf 83' lang='lat' dir='ltr'>come</span> <span class='ocrx_word' id='word_1_281' title='bbox 622 4780 657 4851; x_wconf 90' lang='lat' dir='ltr'>to</span> <span class='ocrx_word' id='word_1_282' title='bbox 683 4786 795 4871; x_wconf 79' lang='lat' dir='ltr'>tempo</span> <span class='ocrx_word' id='word_1_283' title='bbox 819 4782 954 4875; x_wconf 80' lang='lat' dir='ltr'>spron&#39;o</span> <span class='ocrx_word' id='word_1_284' title='bbox 981 4797 1082 4850; x_wconf 83' lang='lat' dir='ltr'>verso</span> <span class='ocrx_word' id='word_1_285' title='bbox 1108 4798 1173 4869; x_wconf 85' lang='lat' dir='ltr'>me,</span> <span class='ocrx_word' id='word_1_286' title='bbox 1200 4778 1304 4873; x_wconf 87' lang='lat' dir='ltr'>idest,</span> <span class='ocrx_word' id='word_1_287' title='bbox 1329 4786 1513 4875; x_wconf 89' lang='lat' dir='ltr'>properat,</span> <span class='ocrx_word' id='word_1_288' title='bbox 1534 4780 1622 4874; x_wconf 91' lang='lat' dir='ltr'>quia</span> 
     </span>
    </p>
   </div>
   <div class='ocr_carea' id='block_1_5' title="bbox 513 5038 1620 5123">
    <p class='ocr_par' dir='ltr' id='par_1_6' title="bbox 513 5038 1620 5123">
     <span class='ocr_line' id='line_1_34' title="bbox 513 5038 1620 5123; baseline 0.003 -34"><span class='ocrx_word' id='word_1_289' title='bbox 513 5038 541 5101; x_wconf 77' lang='lat'>(¹)</span> <span class='ocrx_word' id='word_1_290' title='bbox 556 5038 588 5089; x_wconf 82' lang='lat' dir='ltr'>lt.</span> <span class='ocrx_word' id='word_1_291' title='bbox 604 5039 732 5104; x_wconf 70' lang='lat' dir='ltr'>generdb</span> <span class='ocrx_word' id='word_1_292' title='bbox 748 5040 826 5090; x_wconf 85' lang='lat' dir='ltr'>buius</span> <span class='ocrx_word' id='word_1_293' title='bbox 841 5038 955 5103; x_wconf 84' lang='lat' dir='ltr'>capituli,</span> <span class='ocrx_word' id='word_1_294' title='bbox 972 5040 998 5089; x_wconf 87' lang='lat' dir='ltr'>in</span> <span class='ocrx_word' id='word_1_295' title='bbox 1014 5052 1073 5104; x_wconf 79' lang='lat' dir='ltr'>qur.</span> <span class='ocrx_word' id='word_1_296' title='bbox 1136 5038 1164 5103; x_wconf 80' lang='lat'>(¹)</span> <span class='ocrx_word' id='word_1_297' title='bbox 1179 5038 1206 5091; x_wconf 87' lang='lat' dir='ltr'>S.</span> <span class='ocrx_word' id='word_1_298' title='bbox 1222 5040 1292 5123; x_wconf 81' lang='lat' dir='ltr'>licto.</span> <span class='ocrx_word' id='word_1_299' title='bbox 1362 5038 1390 5104; x_wconf 80' lang='lat'>(⁸)</span> <span class='ocrx_word' id='word_1_300' title='bbox 1406 5040 1432 5091; x_wconf 89' lang='lat' dir='ltr'>S.</span> <span class='ocrx_word' id='word_1_301' title='bbox 1448 5041 1620 5093; x_wconf 63' lang='lat' dir='ltr'>considam</span> 
     </span>
    </p>
   </div>
   <div class='ocr_carea' id='block_1_6' title="bbox 0 0 2434 6642">
    <p class='ocr_par' dir='ltr' id='par_1_7' title="bbox 0 0 2434 6642">
     <span class='ocr_line' id='line_1_35' title="bbox 0 0 2434 6642; baseline 0 0"><span class='ocrx_word' id='word_1_302' title='bbox 0 0 2434 6642; x_wconf 95' lang='lat' dir='ltr'> </span> 
     </span>
    </p>
   </div>
  </div>
 </body>
</html>
