4842 6642
819 842 891 910 ton
1209 855 1415 912 connnrun
1438 854 1606 911 rnannrsr

814 1001 1038 1098 quesierant
1057 1009 1225 1097 tempore
1241 1001 1380 1100 gratiae.
1394 1042 1444 1057 -
1456 1006 1489 1076 Ε
1503 1003 1591 1093 paci.
1609 997 1675 1075 llic
1691 998 1903 1074 Bernardus
1923 1018 1991 1073 no-
2103 1083 2109 1090 ,

814 1113 933 1196 minat
962 1120 1076 1197 alium
1109 1115 1358 1196 venerabilem
1391 1120 1598 1218 patricium,
1625 1138 1737 1215 quem
1762 1117 1933 1194 describit
1967 1139 1989 1192 a

814 1240 992 1336 singulari
1007 1238 1139 1338 gratia,
1157 1241 1244 1335 quie
1262 1240 1349 1316 vidit
1366 1247 1404 1317 et
1420 1238 1588 1337 praedixit
1607 1238 1910 1334 persequutiones
1927 1258 1990 1314 ec-

813 1359 946 1455 clesiae,
964 1379 1057 1455 quas
1080 1359 1151 1434 sub
1175 1359 1404 1436 mirabilibus
1424 1360 1552 1457 liguris
1569 1359 1757 1454 descripsit
1773 1359 1810 1433 iu
1831 1379 1877 1434 eo
1895 1358 1988 1432 libro

721 1484 726 1492 “
815 1469 879 1575 uui
903 1479 1040 1554 dicitur
1053 1479 1299 1577 Apocalypsis,
1317 1480 1364 1556 de
1389 1501 1464 1576 quo
1489 1479 1750 1576 sepedictum
1776 1483 1831 1554 est
1856 1477 1893 1552 iu
1919 1477 1988 1552 isto

693 1639 702 1655 ν
814 1599 919 1675 libro.
944 1599 1045 1676 Unde
1069 1600 1173 1676 dicit:
1199 1607 1234 1676 Ε
1255 1605 1346 1694 poci,
1371 1601 1517 1695 scilicet,
1543 1600 1726 1676 lohannes
1751 1600 1987 1696 evangelista,

814 1723 875 1794 obe
900 1723 978 1794 vide
998 1724 1086 1814 prio
1109 1724 1170 1796 else
1195 1725 1354 1813 merbec,
1383 1719 1531 1815 scilicet,
1556 1740 1643 1796 cum
1676 1719 1847 1795 recubuit
1878 1740 1989 1818 super

815 1846 944 1936 pectus
974 1840 1129 1937 Domini,
1155 1845 1230 1916 tutti
1257 1844 1272 1916 ι’
1299 1844 1402 1934 tempi
1429 1843 1547 1933 movi,
1585 1840 1688 1934 idest,
1723 1841 1818 1915 mala
1834 1833 1872 1932 (¹)
1906 1861 1991 1935 quae

815 1980 968 2057 passura
994 1967 1075 2036 erat
1099 1962 1253 2038 eeclesia
1277 1961 1315 2036 in
1339 1961 1492 2037 dirersis
1518 1960 1746 2057 temporibus
1771 1979 1837 2056 par
1863 1981 1991 2056 perse-

816 2080 1013 2176 quutiones
1040 2081 1245 2178 principum
1263 2088 1300 2158 et
1317 2082 1489 2157 simonias
1506 2087 1545 2158 et
1560 2083 1661 2158 labes
1682 2087 1885 2178 pastorum,
1905 2103 1990 2179 quae

816 2201 913 2276 mala
938 2201 1072 2299 scripta
1097 2208 1184 2277 sunt
1209 2201 1307 2278 linali
1332 2201 1491 2298 capitulo
1516 2202 1745 2300 Purgatorii:
1764 2203 1863 2279 unde
1882 2203 1988 2278 dicit:

815 2324 909 2396 della
934 2323 1025 2397 bello
1048 2344 1170 2416 sposo,
1196 2323 1343 2418 scilicet,
1369 2323 1621 2418 eccleclesia
1643 2316 1839 2416 sequte
1864 2347 1929 2399 eon
1954 2329 1991 2399 lu

816 2444 946 2534 undo,
963 2463 1037 2539 qua
1054 2443 1219 2519 Christus
1237 2443 1304 2517 luit
1320 2443 1529 2538 perloratus
1553 2443 1590 2518 in
1616 2451 1747 2538 morte,
1774 2447 1793 2518 e'
1817 2447 1869 2518 co'
1885 2449 1988 2538 omui,

815 2560 918 2658 idest,
944 2563 1057 2638 clavis
1082 2563 1221 2658 quibus
1246 2563 1410 2640 Christus
1428 2563 1496 2638 luit
1512 2563 1648 2640 affixus
1667 2565 1781 2659 cruci,
1798 2568 1891 2640 stede
1910 2568 1989 2641 tuo·

664 2670 668 2679 “
814 2683 953 2775 plesse,
979 2682 1126 2779 scilicet,
1147 2684 1257 2780 juxta
1281 2685 1444 2760 Petrum.
1464 2685 1508 2758 Et
1527 2684 1649 2760 subdit
1670 2684 1783 2760 alium
1810 2707 1988 2782 magnum

814 2801 1011 2898 patricium
1039 2823 1087 2880 ex
1113 2809 1219 2900 parte
1243 2803 1399 2901 sinistra,
1425 2805 1571 2900 scilieet,
1597 2807 1757 2902 Moysem
1786 2825 1898 2900 quem
1924 2807 1990 2882 de·

815 2924 941 2999 scribit
973 2947 996 3001 a
1031 2925 1208 3022 singulari
1242 2924 1393 3019 ducatu,
1424 2925 1510 3021 quia
1544 2925 1613 2999 luit
1645 2926 1722 3001 dux
1754 2927 1876 3023 populi
1907 2927 1988 3021 Βοὴ
2038 3013 2041 3022 ,

815 3045 914 3120 unde
926 3045 1031 3121 dicit:
1048 3048 1158 3138 cpuel
1168 3049 1274 3137 duco,
1287 3033 1588 3143 scillcetbloyses
1605 3047 1880 3143 providissimus
1897 3047 1985 3140 dux,

813 3172 905 3239 sotto
929 3169 998 3257 eui,
1023 3165 1126 3259 idest,
1152 3167 1223 3241 sub
1249 3166 1355 3241 cuius
1386 3187 1477 3241 cura
1503 3172 1541 3242 et
1566 3167 1802 3263 protectione,
1828 3171 1865 3242 lo
1889 3176 1989 3261 pente

813 3289 971 3378 myrum,
983 3285 1133 3383 judaica
1146 3277 1184 3378 (¹)
1206 3286 1406 3362 immemor
1433 3285 1485 3362 t'ot
1505 3285 1774 3363 ‘beneficiorum
1799 3288 1877 3382 Dei,
1902 3307 1989 3363 nam

755 3390 758 3403 '
814 3405 970 3480 liberata
996 3405 1043 3481 de
1068 3425 1196 3480 amara
1222 3406 1431 3502 captivitate
1455 3407 1655 3484 Pharaonis
1678 3408 1792 3483 coluit
1816 3409 1988 3500 vitulum,

814 3525 950 3616 mobile,
975 3523 1080 3620 idest,
1106 3525 1282 3601 instabilis
1307 3525 1354 3601 ad
1379 3526 1515 3621 omnia,
1535 3549 1555 3600 e
1576 3530 1723 3620 ηἰνοεα,
1747 3527 1850 3623 idest,
1870 3534 1988 3602 retro-

813 3645 940 3741 grada,
966 3645 1052 3740 quia
1084 3665 1232 3741 semper
1266 3645 1408 3722 redibat
1439 3645 1476 3720 in
1508 3647 1624 3742 peius,
1655 3651 1743 3722 uisse
1773 3651 1812 3722 di
1840 3669 1987 3740 munau,

813 3787 927 3860 quam
955 3766 1054 3841 beus
1080 3765 1177 3840 misit
1202 3765 1310 3842 eisin
1330 3766 1543 3860 desertu,et
1564 3776 1687 3843 tamen
1708 3771 1988 3863 conquereban-

813 3891 876 3959 tur
910 3885 1010 3989 quod
1039 3884 1269 3960 nauseabant
1301 3907 1413 3981 super
1444 3886 1568 3961 cibum
1601 3887 1716 3982 illum,
1754 3909 1845 3982 posu
1879 3893 1985 3982 lungo

812 4007 957 4096 Γαῐινο,
983 4005 1087 4098 idest,
1112 4005 1214 4081 sedet
1235 4007 1342 4102 iuxta
1368 4005 1495 4082 Adam.
1522 4006 1575 4084 De
1607 4007 1676 4083 ista
1707 4017 1819 4105 gente
1843 4009 1984 4106 ingrata

813 4124 952 4200 dictum
979 4125 1098 4201 estin
1123 4125 1331 4223 Purgatorii
1356 4127 1508 4202 cantica.
1522 4132 1632 4202 -Di
1655 4137 1789 4204 coneo.
1809 4130 1874 4205 llic
1898 4131 1987 4205 Ber-

812 4245 952 4320 nardus
977 4246 1134 4322 ostendit
1158 4247 1272 4322 alium
1300 4247 1466 4344 spirltum
1494 4248 1541 4324 de
1567 4270 1724 4325 numero
1749 4251 1987 4346 patriciorum

810 4366 860 4442 de
887 4386 998 4440 manu
1014 4357 1051 4460 (³)
1086 4367 1232 4443 sinistra
1257 4367 1506 4464 hebreorum,
1532 4370 1668 4446 scilicet
1692 4365 1848 4464 Annam,
1875 4389 1988 4466 quarn
2045 4461 2049 4466 Δ

811 4486 984 4562 describit
1001 4507 1024 4561 a
1041 4487 1218 4584 singulari
1236 4488 1373 4585 laetitia,
1391 4509 1503 4584 quarn
1522 4490 1632 4566 babet
1651 4491 1689 4564 iu
1709 4485 1989 4587 contemplando

811 4605 925 4681 liliam
956 4628 1062 4683 suam
1080 4597 1130 4702 l‘).
1163 4608 1256 4684 Dicit
1287 4628 1378 4706 ergo
1411 4609 1553 4684 autori:
1588 4613 1668 4685 Vcdi
1692 4617 1812 4703 Anna,
1838 4612 1987 4706 scilicet,

813 4735 973 4805 matrem
998 4730 1116 4806 beatae
1142 4730 1311 4828 Virginis,
1336 4733 1438 4804 seder
1462 4733 1501 4805 di
1524 4740 1650 4807 coneo
1674 4755 1698 4808 o
1724 4735 1854 4823 Pedo,
1880 4732 1983 4827 idest,

874 4917 902 4981 (¹)
918 4916 950 4968 Ε.
966 4917 1035 4968 mala
1051 4919 1138 4970 omnia
1154 4893 1222 4984 qum.
1356 4915 1385 4980 ι’)
1400 4917 1432 4968 E.
1448 4918 1545 4970 scilieet
1556 4919 1668 4984 judaica,
1678 4921 1784 4985 perlida,
1795 4925 1822 4972 et
1837 4881 1985 4974 immemor.

874 4992 902 5057 (¹)
917 4992 948 5043 B.
965 4993 997 5043 de
1013 4999 1096 5057 purte.
1355 4993 1382 5056 (⁸)
1398 4993 1430 5044 E.
1446 5007 1520 5045 suam
1536 4993 1670 5060 Virginem
1686 4997 1806 5050 Mariam.
1821 4995 1897 5048 llicit.
