4842 6642
820 811 891 878 45⁰
1210 821 1415 878 conandum
1440 821 1608 875 nananrsr

819 967 948 1062 mauis,
977 969 1039 1040 cle
1071 975 1107 1042 iu
1140 969 1264 1042 oedroi
1297 969 1356 1040 oll'
1370 969 1490 1040 mdmo
1520 968 1697 1056 piusdzio,
1728 963 1833 1059 idest,
1862 964 1899 1038 in
1933 963 1994 1040 die

814 1087 940 1184 judicii
966 1086 1114 1182 quando
1138 1087 1273 1162 animae
1299 1087 1472 1161 humane
1500 1091 1611 1164 erunt
1638 1083 1886 1160 reconiunctae
1909 1104 1995 1158 cor-

819 1207 970 1304 poribus
1001 1215 1081 1304 post
1116 1206 1438 1300 resurrectionem,
1469 1205 1506 1280 in
1540 1225 1616 1299 quo
1647 1211 1796 1310 aspectu
1829 1205 1994 1280 humano

821 1334 909 1403 tunc
943 1327 1054 1402 etiam
1089 1327 1312 1402 videbuntur
1344 1326 1509 1402 Christus
1528 1317 1564 1418 (¹)
1601 1331 1639 1402 et
1674 1325 1780 1400 beata
1808 1324 1930 1422 Virgo.
1947 1365 1997 1378 -

823 1452 935 1523 dome.
962 1449 1026 1523 llio
1050 1455 1160 1522 autor
1184 1447 1341 1524 ostendit
1362 1445 1549 1542 quomodo
1574 1445 1639 1520 lux
1664 1444 1786 1520 divina
1812 1465 1993 1540 superue-

820 1570 923 1646 niens
948 1569 1069 1647 subito
1093 1568 1344 1644 circumclusit
1369 1589 1458 1643 eum
1483 1565 1529 1642 ad
1556 1565 1749 1642 videndam
1765 1557 1816 1660 (¹),
1833 1573 1871 1641 et
1888 1567 1993 1664 vigo·

820 1690 915 1771 ravit
939 1695 977 1764 et
1001 1689 1177 1785 disposuit
1201 1709 1289 1766 eum
1319 1688 1367 1763 ad
1396 1688 1557 1763 divinam
1588 1687 1758 1784 gratiam,
1784 1707 1851 1784 per
1878 1709 1993 1762 unam

820 1811 1132 1907 comparationem
1159 1809 1344 1907 propriam
1371 1816 1409 1886 et
1434 1808 1683 1905 expressivum
1709 1807 1789 1882 talis
1809 1815 1934 1906 actus:
1957 1816 1995 1884 et

820 1931 982 2008 breviter
1007 1931 1087 2005 uult
1110 1929 1234 2006 dicere
1259 1929 1357 2026 quod
1384 1930 1448 2003 lux
1464 1929 1587 2006 divina
1608 1929 1728 2004 subito
1745 1928 1884 2024 impetu
1903 1947 1993 2004 coo-

820 2051 943 2148 peruit
966 2051 1086 2147 ipsum
1107 2051 1170 2145 ita,
1190 2051 1290 2146 quod
1315 2051 1403 2125 nihil
1430 2050 1555 2130 videre
1573 2055 1716 2146 poterat
1735 2049 1831 2126 sicut
1849 2051 1996 2144 lampus

821 2173 884 2267 qui
911 2172 951 2248 lit
976 2171 1123 2267 qnando
1147 2171 1321 2269 fulgurat,
1348 2171 1412 2267 qui
1443 2192 1512 2246 suo
1538 2171 1731 2266 splendore
1756 2171 1876 2266 privat
1902 2190 1995 2246 ocu-

821 2295 876 2368 los
899 2298 986 2368 actu
1012 2291 1166 2384 videndi,
1192 2291 1241 2366 ita
1269 2291 1368 2385 quod
1398 2291 1485 2366 nihil
1516 2291 1616 2367 aliud
1647 2290 1780 2366 vident.
1812 2291 1996 2368 Construe

821 2413 872 2488 sic
897 2399 1064 2486 literam:
1090 2416 1179 2485 Luce
1210 2415 1304 2502 uiuo,
1330 2411 1479 2507 scilicet,
1511 2412 1645 2506 divina,
1682 2431 1766 2506 que
1800 2423 1992 2504 nunquam

821 2529 992 2625 moritur,
1018 2551 1209 2626 nunquam
1236 2531 1367 2626 delicit,
1394 2535 1442 2606 nri
1465 2535 1687 2627 circonsulse,
1709 2532 1813 2626 idest,
1831 2531 1993 2606 circum-

822 2651 990 2726 lustravit
1015 2671 1087 2745 me,
1105 2653 1333 2726 elcsciommi
1354 2654 1506 2746 foedato
1530 2655 1569 2726 di
1593 2655 1645 2726 tcl
1669 2654 1757 2741 ocio,
1784 2651 1886 2745 idest,
1913 2657 1991 2726 tam

821 2771 1023 2866 excellenti,
1057 2775 1208 2847 deterso
1238 2775 1392 2867 sulpure,
1428 2773 1531 2866 idest,
1566 2772 1771 2870 splendore,
1806 2774 1996 2846 clenodia

822 2895 1070 2988 m'opporioo,
1094 2893 1197 2988 idest,
1216 2893 1265 2967 nil
1291 2893 1390 2968 aliud
1419 2875 1600 2988 videbam,
1627 2915 1649 2968 a
1675 2893 1794 2985 simili,
1811 2883 1882 2966 cosi
1899 2913 2011 2988 corate¹

820 3013 931 3086 eudo
955 3017 1087 3106 tempo,
1115 3015 1256 3123 supple,
1283 3013 1544 3111 circumfulget
1577 3021 1615 3090 et
1647 3013 1744 3088 uelat
1775 3012 1908 3106 uisum,
1934 3015 1994 3086 cle

823 3135 966 3225 decedi,
982 3134 1083 3228 idest,
1102 3135 1249 3228 dividat,
1274 3138 1325 3226 pli
1350 3137 1465 3228 spiriti
1489 3137 1600 3226 ntum,
1623 3132 1769 3227 scilicet,
1794 3133 1989 3208 oculorum

823 3247 1141 3349 humanorumri
1173 3258 1234 3330 cte
1254 3259 1363 3349 priua
1391 3257 1544 3330 locedio
1573 3256 1651 3328 deit
1665 3261 1737 3330 otto
1760 3257 1798 3328 di
1823 3250 1885 3348 pid
1906 3257 1996 3350 sorti

822 3375 947 3465 odiettt
972 3375 1060 3468 quia
1084 3374 1221 3452 scilicet
1248 3395 1320 3450 non
1346 3381 1464 3472 potest
1489 3373 1615 3450 uidere
1643 3373 1718 3450 alia
1750 3374 1892 3450 obiecta
1920 3375 1995 3450 lor·-

823 3494 923 3598 liora¹
942 3494 980 3569 in
1005 3495 1066 3569 illo
1086 3503 1294 3589 momento3
1321 3496 1380 3572 uel
1407 3495 1501 3570 lorto
1522 3493 1655 3570 melius
1670 3493 1827 3570 diceret:
1849 3498 1904 3569 de’
1918 3517 1996 3570 men

820 3617 916 3710 sorti.
930 3655 980 3670 -
992 3619 1146 3708 Sempre.
1174 3616 1238 3690 llic
1263 3623 1374 3690 autor
1390 3615 1547 3692 ostendit
1564 3615 1751 3710 quomodo
1768 3615 1914 3692 Beatrix
1940 3616 1997 3690 vi-

822 3735 913 3812 dens
937 3757 1026 3810 eum
1052 3735 1247 3810 attonitum
1275 3737 1420 3812 hortata
1446 3742 1502 3812 est
1527 3757 1614 3810 eum
1642 3735 1840 3831 predicens
1858 3735 1924 3811 sibl
1942 3738 1996 3814 ei·

824 3854 960 3930 lectum
987 3854 1083 3930 illins
1108 3855 1319 3932 excellentis
1344 3855 1435 3932 lucis
1460 3877 1544 3952 quae
1575 3855 1674 3932 uenit
1699 3862 1848 3951 propter
1874 3856 1995 3934 lacere

825 3976 943 4072 ipsum
962 3976 1175 4071 dispositum
1192 3977 1240 4050 ad
1258 3977 1449 4054 videndam
1468 3977 1625 4074 gratiam
1643 3997 1763 4071 suam,
1784 3985 1821 4054 et
1837 3977 1993 4074 gloriam

824 4096 991 4192 paradisi.
1025 4096 1128 4174 Unde
1160 4097 1246 4172 dicit
1272 4097 1439 4174 Beatrix:
1465 4103 1609 4191 Sempre
1641 4101 1821 4188 ramme,
1847 4097 1994 4191 scilicet,

824 4217 934 4312 Deus,
959 4220 1020 4292 cde
1044 4223 1146 4309 poeto
1170 4229 1287 4310 guasto
1303 4221 1402 4310 nelo,
1421 4217 1522 4312 idest,
1540 4217 1680 4312 quietat
1705 4224 1743 4295 et
1767 4217 1900 4292 stabilit
1918 4237 1997 4292 coe·

824 4340 902 4413 lum
928 4359 1161 4436 empyreum,
1178 4339 1278 4433 quod
1296 4338 1410 4416 nescit
1427 4345 1584 4432 motum,
1602 4337 1697 4414 sicut
1713 4344 1858 4414 eaeterae
1875 4358 1995 4433 sperae

823 4459 1128 4554 interioresque
1146 4458 1313 4536 nesciunt
1338 4459 1515 4554 quietem,
1541 4461 1694 4550 accoplie
1718 4463 1755 4534 in
1778 4456 1828 4550 sd,
1846 4459 1993 4552 scilicet,

824 4579 1010 4657 homiuem
1043 4601 1158 4675 quem
1192 4586 1299 4656 vocat
1324 4579 1370 4656 ad
1403 4579 1602 4658 videndum
1634 4599 1685 4675 se,
1718 4574 1789 4654 cori
1811 4585 1903 4676 sotto
1934 4603 1997 4654 ro-

824 4702 903 4791 tule,
927 4701 1023 4776 siout
1048 4701 1132 4776 iecit
1155 4701 1193 4775 in
1220 4707 1268 4796 te,
1294 4720 1318 4777 o
1345 4701 1500 4776 Dantes:
1519 4707 1558 4776 et
1572 4699 1734 4798 assignat
1756 4721 1919 4797 causam,
1941 4702 2008 4776 di·-

886 4961 914 5024 (¹)
930 4961 961 5012 Ε.
977 4962 1104 5013 Dominus
1119 4968 1208 5014 nester
1223 4963 1298 5012 Iesus
1314 4961 1438 5014 Christus.
1627 4959 1656 5023 l¹l
1671 4963 1702 5012 Ε·
1719 4963 1867 5014 immuni·
