4842 6642
919 821 1057 878 murus
1081 821 1251 877 DECIMUS·
1629 813 1676 878 27

499 971 559 1042 oll’
571 971 640 1042 ¹‹rlte
663 975 751 1059 rote,
778 968 879 1062 idest,
906 968 952 1044 ad
986 968 1110 1064 coelos,
1137 971 1244 1042 detto
1268 989 1294 1040 a
1318 971 1433 1061 puello
1458 979 1562 1064 parte
1586 976 1675 1046 dove

499 1090 583 1163 lter
606 1096 700 1163 moto
731 1092 791 1162 all'
804 1081 897 1164 ultro
922 1093 953 1164 εἰ
981 1099 1156 1183 permoto,
1182 1089 1284 1184 idest,
1312 1089 1375 1164 uhi
1400 1099 1523 1166 motus
1549 1093 1677 1168 lirma·

501 1208 614 1284 menti
641 1209 845 1304 percutitur
879 1230 964 1284 cum
1003 1217 1105 1284 motu
1138 1209 1391 1304 planetarum3
1424 1211 1530 1304 quasi
1555 1210 1676 1287 dicat:

500 1327 616 1424 dirige
642 1327 868 1404 intellectum
894 1335 1000 1403 tuum
1025 1329 1072 1404 ad
1098 1328 1404 1404 considerandum
1431 1336 1576 1404 motum
1597 1331 1676 1426 pla·

502 1453 685 1542 netarum,
712 1449 774 1543 qui
801 1455 856 1524 est
881 1449 1088 1524 contrarius
1115 1449 1232 1523 motui
1259 1448 1479 1524 firmamenti
1508 1470 1676 1526 necessa-

501 1566 557 1642 rio
589 1568 636 1643 ad
666 1569 979 1644 conservationem
1020 1568 1192 1644 universi.
1207 1609 1257 1624 -
1273 1575 1306 1642 Ε
1336 1573 1363 1644 o·
1394 1574 1574 1645 cominoiu.
1609 1572 1676 1647 llic

500 1695 610 1764 autor
632 1688 834 1783 specialiter
851 1689 1025 1764 admonet
1043 1689 1218 1764 lectorem
1237 1696 1280 1762 ut
1296 1691 1566 1785 contempletur
1579 1712 1675 1786 quo-

502 1810 612 1884 modo
642 1810 699 1884 isti
736 1818 856 1885 motus
889 1817 1090 1905 operantur
1119 1810 1157 1884 in
1186 1816 1287 1884 terra
1313 1831 1379 1905 per
1409 1813 1607 1906 potentiam
1637 1820 1675 1887 et

500 1938 619 2006 artem
639 1931 811 2006 divinam.
836 1931 937 2006 Unde
960 1931 1067 2006 dicit:
1086 1937 1119 2004 ll
1136 1934 1161 2004 li
1177 1936 1349 2006 comiaclo
1373 1953 1398 2005 a
1423 1936 1671 2028 oapleppiure,

501 2051 604 2146 idest,
639 2053 676 2126 in
706 2053 808 2128 dictis
844 2052 931 2127 rotis
963 2052 1214 2147 contemplari,
1239 2056 1318 2126 nell'
1330 2062 1421 2146 orte,
1452 2054 1554 2148 idest,
1586 2076 1674 2128 cur-

500 2195 582 2248 sum
598 2167 635 2266 (¹)
663 2180 701 2248 et
725 2181 844 2248 artem
872 2181 1026 2268 naturae,
1057 2176 1095 2247 di
1120 2177 1198 2264 puel
1221 2181 1387 2267 maestro,
1421 2175 1568 2268 scilicet,
1594 2175 1671 2269 Dei,

499 2296 560 2368 cle
583 2297 606 2367 l’
619 2314 719 2388 ama,
751 2293 897 2388 scilicet,
931 2292 1027 2367 illam
1055 2298 1186 2387 artem,
1221 2297 1346 2368 dendo
1369 2316 1394 2368 u
1418 2291 1458 2369 se*
1480 2302 1589 2387 tuoto,
1615 2297 1676 2368 cite

499 2417 573 2488 mai
595 2435 669 2487 ooo
691 2421 794 2506 parte
819 2415 967 2487 l’occlrio
991 2415 1040 2488 da
1065 2415 1121 2504 lot,
1139 2413 1225 2507 quia
1243 2434 1389 2509 semper
1406 2421 1507 2490 tenet
1522 2417 1672 2490 oculum

500 2533 616 2609 fixum
643 2555 753 2629 super
779 2535 876 2609 illam
910 2541 1042 2628 artem,
1068 2555 1152 2627 quaa
1184 2540 1240 2609 est
1273 2534 1347 2629 ipsa
1377 2543 1534 2629 natura;
1568 2536 1675 2611 aliter

500 2655 583 2730 ooeli
609 2654 671 2750 qui
698 2662 784 2729 sunt
809 2655 1049 2729 instrumenta
1075 2654 1185 2728 divini
1212 2654 1304 2728 labri
1325 2661 1552 2749 paterentur,
1573 2656 1672 2750 quod

501 2781 556 2851 est
581 2775 823 2869 impossibile3
856 2775 955 2848 unde
988 2774 1132 2848 subdit:
1165 2777 1244 2848 sedi
1273 2795 1370 2847 conte
1393 2777 1416 2848 l'
1429 2775 1567 2867 obliquo
1595 2797 1674 2850 ccr-

500 2899 590 2986 cdio,
616 2895 717 2989 idest,
742 2894 912 2969 zodiacus
938 2901 1137 2986 tortuosus,
1162 2896 1223 2967 cltc
1244 2901 1352 2986 porto
1375 2898 1390 2967 i
1410 2898 1555 2986 pinnati,
1586 2896 1673 2990 quia

500 3036 630 3091 omnes
655 3017 808 3111 planetae
834 3022 1031 3089 moventur
1056 3014 1125 3087 sub
1150 3014 1300 3088 zodiaco
1316 3005 1463 3108 semper
1485 3036 1551 3110 per
1569 3017 1673 3112 signa

500 3136 591 3230 eius,
615 3141 648 3210 si
671 3140 814 3210 dirutae
838 3139 888 3209 da
911 3138 999 3225 indi,
1029 3133 1132 3227 idest,
1167 3133 1215 3207 ab
1244 3133 1307 3208 illo
1337 3133 1581 3230 firmamento,
1608 3135 1671 3210 uhi

498 3255 670 3331 dividitur
696 3255 865 3330 zodiacus
890 3255 928 3328 in
953 3254 1116 3330 diversos
1143 3274 1279 3348 ramos,
1299 3254 1385 3348 quia
1404 3275 1469 3329 ser
1487 3255 1590 3352 signa
1607 3256 1673 3332 de·

499 3377 634 3452 clinaut
659 3397 788 3452 versus
813 3376 938 3472 polum
963 3375 1142 3450 arcticum
1169 3396 1255 3469 quae
1281 3375 1509 3470 appellantur
1527 3383 1674 3471 septen·

500 3497 678 3590 trionalia,
696 3497 831 3572 scilicet
850 3496 959 3590 aries,
974 3502 1115 3589 taurus,
1132 3494 1281 3591 gemini,
1295 3515 1438 3588 cancer,
1456 3496 1526 3590 leo,
1545 3495 1670 3592 virgo;

499 3618 569 3693 alia
592 3639 654 3694 ser
677 3619 861 3692 declinant
878 3637 1007 3692 versus
1024 3616 1148 3710 polum
1168 3616 1422 3710 antarcticum,
1440 3637 1525 3710 quae
1546 3618 1672 3711 appel-

501 3740 623 3813 lantur
657 3737 918 3830 meridionalia,
953 3737 1098 3828 scilicet,
1134 3735 1236 3830 libra,
1262 3736 1418 3831 scorpio,
1449 3737 1670 3834 sagittarius,

500 3858 748 3954 capricornus,
774 3857 961 3952 aquarius,
979 3857 1113 3951 pisces3
1140 3861 1178 3932 et
1202 3855 1310 3930 dicit:
1333 3878 1400 3949 per
1416 3858 1613 3949 soddirsare
1635 3860 1674 3930 ul

501 3981 630 4052 mondo
655 3981 714 4052 cde
737 3982 788 4070 pli
812 3981 963 4069 odierna,
982 3978 1084 4070 idest,
1101 3998 1213 4052 causa
1231 3977 1469 4052 conservandi
1489 3977 1669 4051 mundum

499 4099 723 4193 inferiorem,
749 4099 812 4193 qui
840 4099 974 4190 indiget
1000 4099 1207 4174 necessario
1225 4098 1286 4172 tali
1306 4104 1408 4172 motu
1426 4098 1575 4192 obliquo
1593 4099 1672 4193 pla-

501 4223 792 4294 netarum-E
812 4239 850 4290 sc
874 4221 911 4290 la
936 4221 1070 4292 seoda.
1097 4217 1161 4292 llic
1185 4225 1297 4292 autor
1326 4219 1457 4312 probat
1485 4217 1585 4312 quod
1611 4218 1670 4292 ria

499 4339 729 4434 planetarum
757 4337 963 4412 necessario
988 4338 1033 4410 sit
1058 4337 1206 4432 obliqua
1228 4337 1430 4411 rationibus
1447 4337 1668 4412 efficacibus.

498 4456 552 4532 td
590 4457 695 4532 cuius
733 4456 1005 4553 intelligentiam
1045 4462 1100 4531 est
1132 4456 1252 4551 primo
1267 4448 1304 4548 (²)
1333 4457 1547 4550 notandum,
1581 4457 1670 4550 quid

498 4577 585 4653 mali
606 4584 826 4671 sequeretur
851 4577 880 4650 si
906 4577 960 4651 sol
986 4583 1024 4650 et
1048 4576 1108 4650 alii
1129 4577 1285 4672 planetae
1301 4597 1449 4673 semper
1466 4584 1567 4652 recte
1584 4598 1672 4673 pro·

496 4699 689 4792 cederent;
715 4719 800 4772 nam
828 4698 856 4772 si
882 4699 936 4773 sol
962 4697 1083 4772 etalii
1111 4698 1264 4793 planeta
1280 4698 1455 4772 continuo
1473 4718 1671 4774 moveren-

562 4969 589 5033 (')
605 4971 629 5028 t,
646 4981 724 5019 cursu
741 4973 767 5017 rt
783 4973 839 5019 arte
855 4973 963 5018 nature.
1152 4967 1179 5029 (¹)
1195 4965 1222 5018 S.
1238 4979 1254 5016 o
1271 4967 1303 5020 E.
1318 4965 1524 5030 prestolandum.
