4842 6642
453 1283 620 1357 ordros
652 1278 842 1349 anmatos
877 1276 1099 1361 SEPTIMUS,
1127 1280 1164 1343 io
1197 1298 1257 1361 qam
1290 1282 1452 1343 moventur
1485 1277 1628 1361 quodam

499 1394 719 1471 dubitationes,
742 1398 772 1458 el
794 1390 1005 1469 dederentur,
1028 1390 1084 1456 oti
1104 1390 1144 1455 de
1166 1394 1277 1455 autore
1299 1388 1409 1472 oltpoo
1424 1394 1601 1472 pensator.

629 1752 697 1803 nnn
721 1750 831 1804 oenoe
854 1750 880 1802 a
902 1726 1052 1805 climens*
1066 1750 1132 1821 per
1152 1731 1353 1804 accertorsi.
1376 1729 1573 1822 Postquam
1595 1726 1634 1800 in

426 1876 434 1897 ·
461 1853 640 1952 superiori
656 1851 816 1947 capitolo
831 1850 998 1944 proxime
1011 1848 1230 1945 praecedenti
1246 1855 1356 1924 autor
1374 1858 1499 1925 noster
1516 1850 1634 1924 intro·

461 1976 565 2053 duxit
590 1970 868 2067 Caeciagoidam
894 1972 1087 2066 antiquom
1115 1972 1423 2066 praedacessoram
1448 1993 1558 2046 sunm
1585 1972 1631 2046 ad

460 2094 686 2173 narrandum
713 2092 780 2167 sibi
806 2091 1010 2187 specialiter
1027 2090 1282 2187 genealogiam
1299 2111 1406 2165 snam
1433 2099 1470 2167 et
1496 2097 1632 2167 statum

461 2216 682 2291 modernum
709 2222 746 2287 et
770 2211 964 2306 antiquum
991 2232 1069 2286 sure
1094 2211 1268 2304 civitatis;
1288 2232 1387 2286 nunc
1407 2232 1636 2308 consequen·

462 2343 518 2412 ter
543 2334 581 2408 in
605 2332 675 2407 isto
692 2331 786 2407 llllll
807 2333 967 2427 capitulo
984 2332 1181 2407 introducit
1198 2331 1301 2405 illum
1320 2332 1441 2428 ipsum
1467 2334 1635 2428 spiritum

462 2455 689 2552 praedictum,
714 2454 777 2548 qni
804 2453 965 2550 praedicit
990 2453 1056 2529 sibi
1082 2474 1150 2527 soa
1168 2452 1366 2527 infortunia
1392 2461 1430 2528 et
1454 2454 1573 2528 exilia.
1591 2456 1638 2529 Et

462 2596 623 2672 praesens
640 2575 841 2671 capitulum
859 2580 977 2669 potest
990 2574 1151 2648 breviter
1163 2572 1272 2646 dividi
1287 2573 1324 2646 in
1340 2582 1501 2668 quatuor
1516 2583 1638 2670 partes

463 2697 675 2795 generalem
703 2695 739 2769 in
766 2692 884 2790 prima
909 2713 1070 2788 quarum
1095 2700 1205 2768 antor
1231 2695 1365 2789 petita
1391 2695 1488 2769 dicto
1508 2696 1636 2791 spirito

466 2817 729 2914 expositionem
756 2814 1002 2911 quorumdam
1033 2815 1328 2910 pmnosticornm
1358 2815 1540 2891 laetorum
1571 2818 1638 2892 sibi

464 2938 604 3015 tamin
631 2938 910 3030 infernoquam
946 2935 983 3009 in
1016 2936 1242 3031 purgatorio.
1272 2936 1311 3009 ln
1341 2938 1501 3011 secunda
1528 2945 1639 3011 antor

467 3060 567 3155 ponit
603 3057 887 3133 declarationem
927 3056 1108 3130 dictorum
1143 3056 1354 3150 dubiorum,
1386 3056 1453 3131 ibi:
1488 3053 1543 3132 Nc*
1574 3078 1640 3150 per

466 3182 624 3271 omtope.
650 3180 690 3252 ln
716 3176 824 3253 tertia
849 3184 958 3251 autor
982 3176 1150 3251 ostendit
1169 3198 1278 3250 soom
1312 3178 1497 3273 refugium
1525 3180 1561 3252 in
1586 3178 1641 3252 di-

468 3301 653 3391 versitate,
679 3298 748 3373 ibi:
774 3302 825 3371 Lo
845 3301 974 3391 primo.
1006 3297 1047 3371 ln
1080 3302 1215 3391 quarta
1246 3303 1285 3371 et
1313 3297 1441 3371 ultima
1468 3298 1642 3373 informat

467 3428 505 3498 et
534 3418 710 3497 certificat
739 3438 780 3493 se
813 3417 910 3493 circa
940 3417 1254 3511 complementum
1285 3424 1322 3491 et
1356 3418 1639 3512 publicationem

469 3542 579 3615 huius
603 3539 735 3635 operis,
762 3538 829 3613 ibi:
856 3541 923 3611 Poi
946 3540 1007 3611 cte
1031 3540 1187 3611 macodo.
1215 3536 1267 3609 Ad
1294 3536 1454 3631 primum
1482 3518 1642 3615 breviter

469 3662 549 3737 dico
576 3659 675 3755 quod
701 3666 810 3735 autor
835 3659 924 3754 petit
949 3658 996 3733 ab
1022 3657 1082 3733 illo
1107 3678 1176 3732 sno
1201 3658 1354 3750 antiquo
1379 3658 1641 3751 expositionem

470 3780 719 3877 quorumdam
738 3779 1030 3874 pronosticorum
1050 3777 1230 3853 lectorum
1248 3776 1315 3851 sibi
1334 3784 1409 3851 tam
1436 3778 1473 3850 in
1499 3778 1643 3854 insarno

472 3920 584 3995 qnam
611 3899 647 3972 in
674 3899 898 3995 purgatorio.
920 3899 964 3974 Et
990 3896 1108 3993 primo
1128 3896 1285 3971 ostendit
1309 3918 1415 3971 suam
1441 3897 1643 3993 dispositio-

473 4042 558 4097 nem
572 4021 618 4095 ad
632 4019 868 4114 quaerendam
888 4018 992 4093 istam
1009 4016 1307 4093 certificationem
1325 4038 1391 4113 per
1410 4039 1522 4092 onam
1540 4038 1645 4093 com-

471 4140 701 4237 parationem
729 4138 912 4233 propriam
939 4145 977 4213 et
1001 4138 1179 4234 pulcram.
1202 4137 1255 4212 Ad
1271 4138 1379 4211 cuius
1399 4139 1644 4232 comparatio-

476 4258 530 4332 nis
547 4256 766 4334 evidentiam
784 4263 839 4333 cst
857 4258 1134 4353 praenotandum
1149 4258 1248 4352 quod
1262 4259 1424 4333 Phaeton
1438 4258 1532 4332 lilios
1548 4258 1645 4351 solis,

474 4379 567 4453 sicut
580 4378 705 4452 scribit
717 4377 1005 4453 diliaseOridins
1019 4379 1180 4454 secondo
1194 4378 1644 4473 Metamorphoseon‚dum

473 4498 766 4594 improperatum
793 4504 889 4575 esset
913 4498 981 4573 sihi
1005 4498 1051 4573 ad
1078 4500 1225 4594 Epapho
1243 4499 1315 4573 lilio
1332 4499 1430 4572 lovis
1447 4497 1547 4593 qood
1572 4500 1649 4593 ipse

475 4624 556 4693 erat
577 4618 736 4712 spurius,
754 4624 791 4693 et
812 4639 885 4692 non
905 4640 1015 4693 veros
1033 4618 1127 4692 lilius
1144 4618 1241 4712 solis,
1262 4621 1382 4693 statim
1401 4620 1571 4696 turbatus
1589 4641 1650 4695 re·

476 4738 592 4812 currit
607 4738 654 4812 ad
674 4744 829 4815 matrem
849 4760 969 4833 suam,
990 4762 1073 4834 quae
1090 4740 1266 4835 Clymene
1282 4741 1494 4836 vocabatur,
1509 4749 1550 4815 ut
1567 4764 1651 4818 cer·

476 4857 680 4932 tilicaretnr
705 4859 753 4934 ab
778 4880 821 4935 ea
847 4860 953 4935 coins
974 4860 1069 4935 iilius
1086 4868 1191 4935 esset.
1211 4860 1274 4935 llla
1294 4867 1419 4935 autem
1447 4862 1494 4936 ad
1522 4863 1650 4943 tollen·

477 4977 562 5053 dam
589 4997 737 5055 omnem
770 4981 1011 5077 suspicionem
1046 5002 1091 5055 ex
1123 4981 1247 5055 animo
1280 4981 1360 5056 eius
1394 4981 1533 5056 remisit
1561 5003 1646 5057 enm
