4842 6642
833 801 905 868 476
1226 812 1431 868 comoururr
1457 813 1622 866 raunnrsr

833 956 927 1031 bene
953 951 1102 1048 nunc‘(¹)
1136 963 1272 1052 tacenS,
1298 958 1568 1052 contemplatur
1594 965 1630 1032 et
1656 965 1759 1052 orat;
1786 959 1845 1034 vel
1871 957 2005 1033 melius

832 1075 902 1151 boc
927 1075 1040 1174 lingit,
1068 1083 1109 1150 ut
1133 1075 1300 1153 ostendat
1320 1099 1427 1152 suam
1445 1078 1623 1153 intensam
1642 1076 1852 1154 ariditatem
1872 1098 2005 1155 rersus

830 1197 1045 1271 Beatricem.
1072 1197 1117 1272 lit
1139 1197 1245 1272 dicit:
1272 1220 1291 1270 e
1316 1201 1387 1272 vidi
1411 1201 1466 1290 tei,
1493 1197 1639 1291 scilicet,
1658 1198 1875 1293 Beatricem,
1893 1201 1954 1272 ebe
1973 1202 2007 1273 si
2056 1274 2058 1278 .

827 1321 930 1410 faceo
955 1337 1104 1408 coronio,
1129 1317 1276 1411 scilicet,
1293 1318 1339 1394 de
1364 1317 1474 1393 radiis
1490 1318 1586 1392 illius
1603 1317 1694 1392 lucis
1714 1324 1883 1413 aeternae,
1906 1318 2003 1394 unde

830 1436 934 1512 dicit:
960 1441 1151 1530 rislettcudo
1175 1441 1225 1513 do
1249 1435 1288 1514 sc*
1311 1441 1335 1512 li
1359 1441 1468 1512 obrui
1491 1442 1560 1513 roi.
1587 1438 1631 1511 Et
1663 1438 1757 1514 bene
1789 1437 1891 1536 lingit
1922 1439 2002 1532 boc,

832 1558 918 1651 quia
945 1557 1034 1632 radii
1058 1558 1169 1633 divini
1190 1558 1339 1634 luminis
1360 1559 1600 1635 rellectuntur
1625 1566 1664 1633 ct
1689 1565 2002 1653 repraesentantur
2089 1589 2090 1594 Ν

831 1678 868 1751 in
894 1697 996 1752 sacra
1024 1678 1215 1775 theologia.
1231 1684 1352 1752 -Do
1370 1682 1493 1772 quello.
1512 1679 1578 1754 llic
1599 1685 1708 1754 autor
1733 1677 1904 1754 describit
1923 1699 2003 1752 ma·

831 1819 942 1896 gnam
968 1798 1174 1874 distantiam
1201 1821 1285 1894 qoae
1310 1807 1390 1876 erat
1416 1801 1510 1876 inter
1535 1821 1623 1876 eum
1650 1810 1687 1877 et
1713 1798 1918 1876 Beatricem
1936 1818 2002 1893 per

832 1939 945 1993 unam
971 1919 1304 2014 comparationem:
1332 1926 1369 1996 et
1389 1920 1549 1996 breviter
1568 1919 1647 1994 vult
1663 1919 1787 1994 dicere
1803 1917 1903 2012 quod
1920 1917 2002 2012 plus

830 2046 910 2114 erat
936 2039 1039 2134 spatii
1064 2040 1112 2114 ab
1137 2060 1183 2114 eo
1208 2041 1253 2115 ad
1288 2040 1505 2136 Beatricem,
1530 2062 1644 2135 quam
1680 2039 1724 2115 sit
1756 2040 1804 2114 ab
1830 2039 2002 2115 intimiori

830 2167 935 2255 parte
962 2167 1071 2236 terra
1096 2161 1154 2236 vel
1169 2181 1278 2256 aquae
1303 2161 1349 2236 ad
1374 2161 1602 2258 superiorem
1631 2168 1772 2257 partem
1799 2160 1894 2236 illius
1921 2181 2001 2234 me·

829 2281 898 2356 diae
937 2280 1095 2378 regionis
1132 2282 1240 2375 aeris,
1267 2282 1304 2356 in
1328 2304 1402 2377 qua
1436 2281 1526 2356 liunt
1556 2283 1665 2357 altius
1698 2281 1869 2358 tonitrua.
1897 2282 2036 2355 Nunc·
2166 2288 2169 2296 ’

832 2401 961 2477 ordina
988 2401 1131 2477 literam
1157 2402 1229 2478 sic:
1246 2407 1380 2478 Aterno
1404 2406 1522 2476 occlto
1539 2406 1670 2477 mortui
1685 2404 1881 2496 puoluupue
1900 2403 2000 2476 s'od-

831 2523 998 2596 bondeno
1018 2518 1081 2616 piri
1104 2519 1164 2615 pit
1188 2528 1226 2598 ia
1252 2545 1346 2615 mor,
1371 2523 1473 2617 idest,
1500 2523 1538 2599 in
1569 2523 1749 2620 profundo
1782 2523 1894 2599 maris
1923 2522 2000 2598 exi-

830 2651 940 2738 stens,
969 2665 1041 2718 non
1066 2646 1157 2720 disto
1182 2646 1235 2719 du
1257 2648 1369 2737 puella
1392 2648 1549 2737 replear,
1566 2645 1668 2740 idest,
1687 2665 1760 2721 non
1778 2650 1833 2721 est
1858 2644 2003 2742 longin-

830 2783 928 2857 quus
955 2784 978 2837 a
1003 2763 1123 2838 media
1149 2764 1301 2860 regione
1324 2765 1421 2840 aeris
1446 2765 1483 2840 in
1508 2786 1681 2861 suprema
1711 2767 1912 2861 ponteclo
1936 2758 2000 2858 piri

830 2903 872 2957 su
897 2889 1006 2956 mono
1031 2890 1127 2956 tauto
1153 2891 1283 2975 penato
1308 2887 1345 2958 lu
1370 2887 1441 2958 uria
1467 2888 1568 2980 vota,
1596 2887 1735 2981 supple,
1760 2884 1926 2978 distabat,
1953 2885 2001 2958 do

830 3005 999 3077 Renoua.
1027 3002 1072 3078 Et
1097 3011 1264 3079 removet
1295 3011 1404 3080 autur
1436 3005 1700 3081 dubitationem
1726 3005 1886 3098 tacitam,
1913 3003 2000 3099 quia

830 3129 954 3216 posset
977 3122 1066 3197 dici:
1092 3125 1279 3219 quomodo
1305 3147 1395 3223 ergo
1422 3126 1521 3202 risus
1547 3133 1633 3201 tuus
1658 3132 1801 3222 poterat
1821 3127 2002 3222 attingere

830 3241 878 3315 ad
903 3242 1106 3318 Beatricem
1133 3252 1209 3319 tam
1236 3246 1343 3343 longe
1370 3254 1550 3323 remotam
1577 3255 1615 3322 et
1642 3247 1780 3322 altam?
1807 3243 2001 3342 respondet

829 3367 961 3436 autor:
987 3383 1047 3436 ma
1070 3366 1169 3438 ouda
1192 3369 1242 3439 mi
1262 3369 1380 3460 socco,
1405 3367 1507 3462 idest,
1527 3374 1626 3443 tanta
1644 3366 1812 3443 distantia
1834 3367 1872 3440 in
1890 3365 2000 3440 nibilo

831 3481 1048 3577 impediebat
1079 3483 1204 3561 videre
1240 3508 1377 3581 meum,
1403 3487 1489 3582 quia
1520 3488 1705 3563 interdum
1736 3508 1809 3563 non
1839 3487 1878 3562 iit
1910 3485 1999 3561 visio

833 3603 1014 3680 mediante
1037 3625 1127 3680 aere
1151 3606 1246 3682 sicut
1271 3607 1309 3682 in
1335 3615 1450 3702 terra3
1475 3609 1571 3684 unde
1597 3609 1633 3684 in
1660 3616 1758 3686 terra
1786 3629 1858 3685 non
1884 3612 2003 3704 potest

828 3726 928 3800 risus
953 3727 1139 3801 humanus
1164 3728 1309 3804 extendi
1337 3730 1434 3804 ultra
1460 3729 1731 3825 proportionem
1758 3729 1901 3823 obiecti,
1923 3729 2001 3804 sire

831 3847 951 3941 medii,
977 3847 1076 3941 quod
1102 3855 1158 3924 est
1181 3869 1263 3943 aer;
1283 3852 1319 3925 iu
1335 3851 1430 3926 ooelo
1457 3871 1546 3928 vero
1566 3871 1673 3926 secus
1690 3857 1762 3926 est:
1781 3850 1880 3926 unde
1897 3849 1999 3925 dicit:

828 3964 891 4042 cle*
912 3989 979 4042 suo
1007 3971 1114 4061 calpe,
1146 3969 1250 4064 idest,
1276 3971 1363 4066 quia
1389 3971 1467 4047 eius
1493 3971 1628 4068 imago,
1649 3991 1720 4045 oon
1745 3971 1952 4046 dispondaeo
1977 3991 2002 4042 o

830 4108 884 4162 me
893 4109 963 4181 per
978 4109 1098 4161 orczzo
1115 4093 1228 4163 misto
1240 4095 1333 4166 -0
1349 4094 1480 4166 donoc.
1495 4090 1559 4166 Hic
1575 4097 1686 4166 autor
1702 4089 1873 4166 describit
1891 4109 1999 4166 suam

699 4205 702 4209 ’
828 4207 1033 4283 orationem
1059 4210 1104 4285 ad
1131 4211 1348 4305 Beatricem,
1374 4212 1411 4285 in
1436 4232 1510 4306 qua
1536 4211 1656 4307 primo
1682 4209 1766 4286 tacit
1793 4211 2000 4304 exordium,

829 4328 991 4403 secundo
1025 4331 1288 4428 narrationem,
1324 4333 1431 4408 tertio
1462 4331 1746 4408 conclusionem.
1779 4329 1873 4405 Dicit
1909 4351 1999 4426 ergo

829 4447 948 4543 primo
967 4449 1014 4524 ad
1034 4450 1250 4546 captandam
1276 4453 1589 4530 benevolentiam:
1620 4453 1793 4527 Odoaoo
1817 4454 1855 4526 iu
1881 4455 1937 4524 cui
1961 4453 1998 4524 lc

828 4573 899 4644 mab
928 4591 1106 4663 mauro
1140 4576 1230 4665 cipe,
1256 4573 1358 4669 idest,
1384 4574 1484 4671 riget
1512 4573 1608 4650 circa
1641 4575 1781 4649 bonum
1816 4570 2018 4662 tutorum,-

828 4689 985 4782 quiade
1008 4693 1195 4787 preterito
1222 4702 1261 4769 tu
1288 4694 1447 4770 liberasti
1474 4715 1535 4770 me
1551 4715 1574 4768 a
1591 4691 1707 4790 poenis
1732 4690 1881 4784 inlerni;
1900 4689 1998 4764 unde

893 4951 922 5018 (ί)
938 4955 969 5006 ll.
985 4969 1054 5008 nunc
1071 4956 1166 5008 mutor
1180 4955 1382 5020 contemptum.
