4842 6642
826 825 896 895 316
1220 839 1423 896 conauruu
1449 841 1615 896 ruaunrsr

821 987 891 1059 sub
916 984 1059 1061 diversa
1084 990 1274 1060 armatura
1300 984 1337 1058 in
1364 993 1474 1080 terra,
1494 986 1588 1061 utin
1607 985 1702 1060 coelo
1722 984 1996 1080 triumpharent

819 1106 959 1182 desua
984 1105 1148 1181 victoria.
1177 1104 1278 1181 Unde
1302 1104 1407 1180 dicit:
1433 1109 1491 1182 dcl
1519 1109 1650 1200 menso
1683 1109 1722 1180 di
1756 1109 1881 1197 creto,
1908 1105 1994 1201 quia

821 1227 930 1300 huius
954 1226 1103 1324 gloriosi
1128 1225 1312 1302 exercitus
1337 1227 1413 1301 dur
1439 1234 1476 1302 et
1501 1227 1669 1323 princeps
1699 1233 1755 1303 est
1779 1227 1994 1323 gloriosissi-

822 1367 906 1422 mus
929 1347 1094 1422 Christus
1109 1341 1158 1440 (¹).
1186 1349 1230 1420 Et
1250 1347 1354 1422 dicit:
1380 1369 1399 1420 e
1424 1353 1507 1422 tutto
1531 1351 1689 1444 tlsrutto
1714 1350 1838 1422 ricolto
1858 1349 1916 1422 del
1939 1351 1994 1440 pi-

820 1488 888 1540 rar
912 1470 951 1541 dl
974 1473 1088 1559 queste
1110 1487 1224 1560 spere,
1249 1467 1352 1561 idest,
1370 1487 1415 1542 er
1440 1475 1544 1542 motu
1563 1473 1600 1543 et
1619 1466 1805 1542 influentia
1829 1468 1993 1564 planeta·

822 1607 920 1661 rum.
947 1589 1009 1660 Est
1033 1607 1124 1684 engo
1151 1586 1209 1661 llic
1235 1587 1436 1662 notandum
1468 1587 1567 1682 quod
1598 1586 1695 1661 acies
1726 1585 1912 1683 ¹uirginum
1946 1586 1992 1662 dc

819 1728 927 1803 spera
952 1707 1084 1800 lunari,
1102 1707 1199 1782 acies
1215 1707 1422 1781 activorum
1447 1707 1495 1783 de
1523 1727 1629 1802 spera
1657 1707 1879 1802 mercuriali,
1893 1707 1989 1784 acies

819 1847 1078 1902 amorosorum
1096 1827 1269 1928 despera
1285 1826 1447 1923 Veneris,
1473 1827 1570 1905 acies
1595 1828 1788 1903 doctorum
1814 1827 1992 1923 despera

819 1947 922 2042 Solis,
947 1949 1044 2023 aciae
1069 1949 1289 2023 bellatorum
1315 1948 1361 2023 de
1387 1969 1493 2044 spera
1518 1948 1654 2042 Martie,
1670 1949 1767 2023 acies
1793 1968 1926 2045 regum
1952 1956 1989 2024 et

820 2069 1024 2165 principum
1057 2069 1240 2165 despera
1275 2068 1385 2162 lovis,
1415 2059 1512 2144 acies
1545 2068 1914 2164 contemplativorum
1945 2070 1991 2146 de

819 2210 927 2286 spera
953 2189 1113 2283 Saturni,
1138 2208 1267 2264 omues
1293 2189 1370 2263 istae
1395 2188 1492 2264 acies
1509 2197 1649 2285 septem
1668 2189 1793 2265 electae
1813 2195 1850 2264 et
1872 2189 1989 2266 miasae

821 2308 867 2384 ad
894 2308 1057 2384 diversas
1081 2329 1224 2405 pugnas
1248 2328 1270 2382 a
1296 2308 1391 2383 duce
1415 2328 1484 2382 suo
1505 2328 1603 2383 nunc
1621 2315 1843 2384 revocantur
1868 2315 1905 2384 et
1930 2331 1989 2386 re-

820 2428 1039 2526 colligantur
1052 2419 1089 2521 (²)
1104 2429 1150 2503 ad
1168 2429 1288 2524 ipsum
1306 2449 1495 2502 summum
1510 2428 1643 2503 ducem
1661 2436 1698 2503 et
1715 2428 1988 2524 imperatorem,

820 2556 858 2625 et
883 2548 1060 2646 recipient
1084 2549 1279 2645 praemium
1305 2555 1342 2624 et
1367 2549 1595 2645 triumphum
1627 2549 1813 2644 meritum,
1842 2555 1882 2624 ut
1906 2549 1984 2625 ani-

821 2676 922 2745 ment
947 2678 1101 2744 caeteros
1125 2668 1172 2743 ad
1197 2668 1293 2744 bene
1317 2669 1568 2766 pugnandum.
1595 2671 1639 2744 Et
1671 2665 1740 2745 ho'c
1769 2669 1908 2745 iactum
1933 2677 1988 2746 est

818 2789 855 2863 in
881 2790 941 2864 illa
967 2791 1095 2885 Roma,
1113 2789 1220 2865 cuius
1241 2811 1338 2864 unus
1362 2796 1417 2864 est
1437 2790 1603 2886 princeps
1620 2789 1684 2885 qui
1701 2791 1837 2888 gaudet
1851 2791 1898 2866 de
1915 2792 1986 2868 ire-

817 2909 968 3004 quentia
994 2909 1143 3005 civium,
1165 2930 1239 2984 uon
1264 2909 1310 2985 dc
1337 2909 1502 3004 pulsione
1523 2909 1688 3003 laetalur3
1709 2910 1756 2986 ad
1773 2931 1885 3005 quem
1904 2912 1986 3006 qui-

816 3049 982 3126 cumque
1007 3030 1171 3128 confugit
1195 3031 1318 3105 salvus
1335 3035 1401 3123 est,
1419 3028 1529 3104 ctiam
1556 3029 1585 3102 si
1612 3029 1808 3125 prodiderit
1829 3032 1983 3127 patriam

814 3170 922 3226 suam
949 3151 1007 3225 vel
1035 3150 1257 3225 interfecerit
1282 3156 1423 3246 patrem
1449 3171 1573 3244 auum,
1598 3155 1664 3224 aut
1689 3149 1894 3226 deseruerit
1916 3152 1986 3225 im-

814 3278 1024 3367 peratorem
1050 3277 1241 3346 terrenum
1268 3269 1305 3344 iu
1330 3270 1435 3362 bello.
1449 3309 1499 3324 -
1512 3273 1689 3346 Perenni.
1708 3271 1773 3345 llic
1793 3279 1903 3347 autor
1922 3272 1985 3349 de-

812 3393 938 3468 scribit
950 3392 1263 3488 superexaltatam
1281 3391 1564 3487 pulcritudinem
1580 3391 1753 3466 Beatricis
1770 3391 1808 3467 iu
1823 3393 1983 3469 adventu

812 3512 982 3607 istorum,
1007 3511 1152 3587 dicens:
1178 3515 1347 3586 Perconi
1378 3515 1438 3585 cde
1454 3515 1480 3586 ’1
1510 3533 1573 3586 cuo
1606 3515 1680 3586 orto
1710 3517 1854 3588 ncesse
1888 3522 1982 3609 tudo,

809 3633 957 3727 scilicet,
984 3610 1330 3708 'innammattsslmo'
1351 3653 1480 3708 amore
1513 3640 1550 3709 ct
1582 3632 1829 3710 lucentissimo
1862 3635 1983 3731 splen·

812 3755 923 3849 dore;
949 3754 1049 3830 unde
1067 3753 1171 3829 dicit:
1197 3775 1217 3826 c
1240 3757 1291 3845 pli
1306 3756 1402 3827 occdi
1417 3774 1507 3827 acca
1525 3747 1665 3847 cipiunt
1682 3757 1721 3828 di
1744 3758 1873 3849 uuio,
1897 3757 1983 3852 quia

811 3875 1011 3970 speculatio
1036 3881 1075 3950 et
1099 3874 1360 3970 contemplatio
1386 3875 1586 3950 maximam
1618 3875 1745 3971 recipit
1774 3876 1983 3952 delectatio-

814 3981 899 4071 nem
927 3994 1075 4089 quande
1091 3993 1358 4090 appropinquat
1375 3993 1422 4069 ad
1442 3993 1552 4070 tinem
1571 3997 1772 4088 suum-etc
1784 4015 1918 4088 pascar
1935 4000 1982 4070 mi

810 4118 958 4189 ceneten
982 4134 1091 4190 senza
1115 4121 1293 4208 costutto,
1322 4114 1425 4208 idest,
1451 4115 1734 4210 constructione,
1752 4115 1897 4212 scilicet,
1917 4117 1983 4193 dc·

812 4224 1013 4310 claratione
1028 4241 1066 4309 et
1083 4232 1311 4309 distinctione
1334 4233 1505 4330 partium,
1529 4255 1603 4330 qua
1620 4221 1777 4309 utuntur
1794 4255 1983 4332 gramma·

811 4355 882 4450 tici,
905 4360 942 4430 ct
958 4362 1014 4431 eet
1031 4374 1231 4430 commune
1250 4353 1406 4450 dictum3
1425 4354 1586 4430 solemus
1606 4353 1703 4429 enim
1721 4373 1819 4450 saepe
1837 4354 1980 4432 dicere:

810 4475 932 4550 nescio
957 4474 1092 4549 elicere
1116 4480 1369 4549 constructum
1396 4473 1443 4550 dc
1468 4474 1537 4550 hac
1562 4494 1615 4549 re.
1633 4473 1678 4548 Et
1694 4473 1753 4549 hic
1770 4481 1855 4550 nola
1881 4476 1981 4571 quod

807 4601 918 4668 autor
942 4593 1076 4669 merito
1097 4594 1167 4668 hoc
1185 4592 1282 4688 dicit,
1300 4592 1397 4689 quia,
1417 4599 1457 4667 ut
1474 4594 1592 4689 patuit
1608 4615 1720 4690 supra
1741 4593 1980 4672 discurrendo

809 4733 875 4808 per
903 4713 1065 4811 singulas
1089 4733 1226 4809 speras,
1256 4711 1402 4788 Beatrir
1428 4713 1601 4787 continuo
1622 4716 1980 4810 ¹super'eucrescebat

875 4970 902 5035 (¹)
919 4971 950 5022 E.
965 4973 1041 5023 desua
1055 4971 1180 5024 mulum.
1431 4969 1459 5034 (¹)
1476 4971 1505 5021 lt.
1524 4972 1722 5036 recolliguntur.
