4842 6642
825 846 895 915 430
1215 858 1419 914 consensum
1445 859 1613 912 rnnnnrsr

823 1006 973 1102 epistola
998 1007 1045 1082 ad
1071 1006 1192 1082 Titum
1220 1006 1291 1081 sic:
1317 1026 1382 1080 sex
1411 1004 1564 1078 millium
1583 1003 1747 1079 nondum
1769 1006 1881 1079 nostri
1901 1012 1996 1081 tern-

824 1128 922 1224 poris
947 1128 1154 1224 completur
1179 1147 1364 1201 annorum
1392 1145 1584 1219 numerus,
1608 1132 1647 1199 et
1666 1132 1803 1221 quanta
1831 1133 1997 1221 tempora

825 1248 1086 1322 asaeculorum
1110 1246 1254 1342 origine
1278 1245 1427 1319 lluxisse
1443 1245 1698 1320 arbitrandum
1720 1252 1787 1339 est,
1805 1247 1841 1319 in
1862 1245 1997 1341 quibus

824 1366 956 1462 angeli,
975 1367 1096 1440 throni
1110 1372 1146 1441 et
1158 1366 1436 1459 dominationes,
1454 1365 1654 1460 ceterique
1667 1366 1814 1442 ordines
1826 1367 1903 1441 lieo
1916 1388 1997 1441 ser—

827 1488 983 1562 vierunt.
1000 1486 1150 1561 Videtur
1167 1507 1259 1583 ergo
1271 1487 1517 1583 Hieronymus
1530 1487 1625 1562 velle
1638 1488 1737 1581 quod
1757 1489 1888 1583 longus
1904 1486 1996 1562 ordo

826 1608 1048 1681 saeculorum
1068 1606 1177 1681 luerit
1204 1627 1227 1681 a
1251 1606 1438 1682 creatione
1457 1607 1678 1702 angelorum
1698 1606 1745 1682 ad
1772 1607 1994 1682 creationem

828 1728 965 1802 muudi.
994 1726 1047 1802 Ad
1074 1727 1216 1801 literam
1240 1746 1343 1823 ergo,
1363 1727 1448 1802 dicit
1468 1728 1612 1802 Beatrix
1634 1721 1691 1821 (⁴):
1712 1731 1914 1819 Gmonimo,
1931 1728 1995 1822 qui

826 1847 957 1922 dicitur
975 1848 1121 1923 scivisse
1139 1854 1272 1941 totum,
1286 1850 1470 1940 ulcerasse,
1491 1849 1642 1943 scilicet,
1664 1849 1767 1924 vobis
1788 1850 1997 1925 hominibus

826 1968 862 2042 in
888 1969 1037 2064 epistola
1064 1968 1249 2064 praedicta,
1268 1971 1374 2059 tunpo
1392 1976 1496 2041 trotto
1516 1972 1569 2042 dt
1581 1971 1697 2060 secoli,
1720 1968 1821 2064 idest,
1842 1971 1995 2066 longum

825 2090 1052 2163 curriculum
1070 2080 1106 2181 l')
1133 2109 1317 2163 annorum
1345 2089 1468 2183 luisse,
1494 2092 1588 2181 depli
1611 2092 1730 2181 coycti
1752 2096 1874 2182 crecti,
1894 2090 1997 2184 idest,

824 2230 846 2283 a
864 2210 1050 2285 creatione
1067 2210 1299 2307 angelorum,
1318 2213 1404 2283 unzi
1419 2211 1479 2282 cde
1496 2211 1518 2282 t
1527 2213 1622 2283 altro
1639 2211 1769 2283 mondo
1784 2214 1996 2306 semestrua,

825 2330 926 2423 idest,
954 2350 1073 2425 usque
1099 2330 1144 2404 ad
1171 2330 1396 2405 creationem
1416 2329 1563 2424 mundi;
1585 2330 1648 2405 sed
1666 2330 1802 2407 veritas
1827 2331 1934 2405 aliter
1957 2352 2000 2406 se

825 2449 946 2524 habet.
970 2450 1013 2523 Et
1038 2450 1096 2524 hic
1114 2456 1201 2524 nota
1222 2449 1321 2545 quod
1342 2451 1500 2524 Thomas
1516 2450 1563 2524 de
1579 2450 1723 2544 Aquino
1740 2458 1893 2525 excusat
1911 2451 1999 2527 Hie-

828 2590 1025 2667 ronymum
1036 2596 1046 2665 3
1065 2580 1103 2645 et
1119 2571 1203 2645 dicit
1222 2571 1321 2666 quod
1338 2570 1584 2667 Hieronymus
1609 2570 1773 2665 loquitur
1792 2572 1996 2647 secundum

825 2688 1032 2785 opinionem
1059 2710 1291 2788 graecorum3
1310 2691 1373 2765 sed
1391 2690 1471 2764 talis
1487 2692 1677 2766 excusatio
1701 2690 1847 2767 videtur
1871 2692 1998 2768 debilis

827 2811 948 2885 autori
989 2820 1129 2905 nostro,
1165 2812 1251 2906 quia
1287 2811 1348 2885 tali
1384 2804 1493 2885 modo
1527 2811 1605 2885 lere
1639 2820 1791 2906 possunt
1826 2814 1997 2888 excusari

826 2950 956 3005 omnes
981 2951 1129 3007 errores
1155 2937 1502 3026 quantumcumque
1531 2931 1671 3028 magni3
1697 2932 1781 3007 ideo
1805 2933 1998 3032 impugnat

827 3051 964 3126 dictum
983 3052 1261 3147 Hieronymum.
1275 3092 1325 3107 -
1337 3058 1400 3126 Mo
1417 3060 1544 3144 questo
1563 3053 1628 3127 Hic
1640 3052 1788 3128 Beatrlx
1806 3054 1998 3151 impugnat

828 3171 1034 3267 opinionem
1063 3172 1286 3269 Hieronymi,
1313 3172 1455 3249 dicens:
1475 3178 1537 3247 llo
1562 3174 1913 3268 proclamatum,
1932 3196 1996 3250 ve·

828 3293 916 3366 ritas
941 3291 1045 3366 istius
1071 3292 1134 3386 rei,
1156 3288 1313 3367 aaaron
1329 3296 1366 3366 ln
1383 3297 1481 3367 molti
1496 3297 1570 3384 lati,
1589 3294 1693 3389 quasi
1711 3294 1818 3389 dicat,
1835 3294 1872 3369 in
1899 3296 1996 3369 mul-

829 3413 873 3487 tis
891 3412 1000 3507 libris,
1019 3415 1118 3504 dupli
1133 3416 1288 3486 scrittori
1307 3416 1398 3487 dello
1415 3418 1545 3506 spado
1561 3419 1684 3509 santo,
1706 3415 1808 3509 idest,
1825 3437 1847 3490 a
1865 3415 1997 3491 sanetis

826 3533 1037 3609 doctoribus
1062 3554 1177 3609 sacrae
1202 3534 1412 3629 Scripturas.
1440 3535 1484 3607 Ht
1501 3535 1605 3609 dicit:
1627 3543 1698 3609 ctu
1715 3543 1747 3609 te
1765 3558 1809 3609 ne
1828 3540 1999 3612 αυυεάναί

826 3675 864 3727 se
880 3654 963 3726 doru
980 3656 1125 3748 upuoti;
1151 3652 1254 3748 idest,
1281 3660 1318 3729 et
1344 3660 1383 3727 tu
1410 3655 1612 3750 perpendes
1627 3656 1674 3732 de
1694 3658 1774 3752 lroc,
1792 3657 1822 3731 si
1844 3658 2000 3733 solerter

828 3760 974 3849 rimaris
999 3774 1035 3847 in
1061 3774 1250 3871 scripturis
1275 3774 1543 3872 theologorum.
1571 3776 1615 3850 ut
1644 3776 1765 3851 subdit
1798 3799 1909 3852 unam
1937 3800 1999 3854 ra-

829 3894 964 3969 tionem
993 3895 1199 3969 naturalem
1227 3894 1442 3989 probantem
1476 3898 1555 3989 hoc,
1582 3917 1667 3991 quae
1691 3904 1810 3993 potest
1841 3897 1893 3972 sic
1923 3898 1998 3971 ior-

829 4015 920 4089 mari
939 4015 1142 4091 secundum
1157 4016 1358 4089 Thomam:
1378 4016 1497 4113 angeli
1515 4023 1602 4091 sunt
1614 4038 1700 4112 pars
1713 4018 1893 4112 universi3
1907 4040 1999 4117 ergo

829 4134 859 4209 si
882 4156 999 4209 unum
1022 4142 1117 4210 esset
1135 4142 1302 4210 creatum
1321 4142 1409 4211 ante
1425 4136 1536 4231 aHud,
1553 4143 1649 4213 esset
1659 4137 1843 4213 defectiva
1860 4140 2000 4213 creatio

830 4255 1003 4350 universi,
1030 4263 1067 4330 et
1093 4277 1166 4330 non
1189 4257 1341 4331 haberet
1359 4276 1464 4331 suam
1487 4258 1766 4353 perlectionem:
1785 4259 1856 4333 hoc
1871 4266 1999 4335 autem

828 4383 884 4451 est
900 4375 1121 4471 impossibile
1134 4377 1162 4453 si
1177 4376 1451 4453 consideremus
1464 4380 1691 4473 Creatorem,
1704 4379 1767 4474 qui
1781 4385 1837 4454 est
1853 4400 2001 4455 summe

828 4495 1011 4592 perlectus
1037 4502 1074 4571 et
1096 4515 1243 4591 semper
1260 4497 1345 4571 lacit
1360 4518 1429 4573 sua
1453 4519 1566 4595 opera
1587 4499 1756 4595 perlecta.
1779 4499 1871 4574 Dicit
1887 4521 1999 4597 ergo:

828 4621 862 4688 et
876 4636 966 4688 anco
983 4619 1021 4689 lo
1039 4619 1182 4709 rupion,
1202 4616 1303 4711 idest,
1324 4617 1485 4692 humana
1506 4618 1610 4711 ratio,
1628 4620 1726 4693 ultra
1747 4619 1996 4694 testimonium

830 4756 943 4811 sacrae
969 4736 1178 4832 Scriptura,
1197 4740 1232 4811 lo
1258 4740 1342 4813 aede
1366 4742 1547 4831 alquanto,
1564 4743 1636 4832 cle,
1654 4739 1758 4833 idest,
1783 4762 1867 4835 quae
1893 4742 1999 4836 ratio,

893 4998 921 5061 t¹l
936 4998 967 5051 Β·
984 5001 1037 5064 ipsa
1053 5000 1166 5053 Haatrlx.
1503 5000 1532 5066 (¹)
1548 5002 1579 5053 R
1595 5003 1734 5055 circulum.
