4842 6642
616 841 643 860 '⁴
730 883 870 940 caurus
894 885 1111 941 sarcasmus
1134 883 1330 941 sscunnus.
1542 871 1612 939 499

443 1033 575 1128 gradu,
589 1033 651 1108 nbi
668 1039 750 1108 erat
765 1033 1012 1130 Augustinus3
1030 1036 1116 1126 qual
1130 1028 1151 1108 e*
1165 1033 1265 1126 qaeu
1274 1035 1380 1124 orroei
1399 1033 1459 1107 cle
1474 1035 1618 1125 puordo

442 1156 537 1244 uenit
561 1155 656 1228 occli
680 1155 717 1226 io
740 1160 865 1228 nostro
888 1156 1016 1246 repleo
1040 1175 1107 1227 con
1123 1160 1222 1228 torum
1237 1155 1374 1246 piuoco,
1395 1151 1498 1248 idest,
1516 1157 1619 1228 tanto

445 1272 535 1349 testo
562 1273 620 1349 rel
646 1273 775 1348 festivo
799 1273 956 1371 gaudio;
977 1281 1016 1349 et
1038 1273 1136 1368 dicit,
1159 1276 1386 1348 braamoroto
1409 1264 1440 1347 sl
1464 1274 1524 1347 cte
1544 1293 1619 1366 por

443 1396 482 1468 di
496 1399 630 1489 succo?
649 1393 738 1490 qnia
754 1390 841 1469 cnm
858 1415 988 1471 omnes
1004 1394 1125 1492 angeli
1149 1393 1320 1470 dicantur
1338 1393 1446 1491 ignei,
1464 1392 1532 1469 iste
1552 1414 1619 1468 an-

431 1514 683 1590 tonomastice
711 1519 829 1610 potest
859 1515 928 1591 dici
954 1516 1084 1612 ignens
1107 1515 1243 1591 ardens
1268 1533 1397 1590 amore
1423 1512 1618 1588 terrentis·

445 1635 539 1711 simo
563 1635 698 1729 llariae
724 1635 832 1710 cuins
848 1643 904 1711 est
919 1635 1134 1712 domicellus
1153 1634 1417 1712 dilectissimus.
1435 1634 1480 1708 Et
1497 1627 1627 1708 subdit

446 1756 633 1852 quomodo
659 1756 818 1831 recurrit
842 1755 889 1831 ad
913 1755 1101 1832 doctorem
1123 1754 1352 1830 Bernardum
1372 1755 1409 1829 in
1429 1753 1500 1828 isto
1515 1773 1618 1847 casu,

447 1876 541 1952 sicut
565 1875 705 1952 lecerat
728 1897 841 1973 supra
867 1877 905 1952 in
929 1876 1008 1952 aliis
1034 1876 1165 1952 dubiis.
1197 1875 1300 1951 Unde
1324 1875 1432 1951 dicit:
1464 1867 1536 1948 rori
1563 1877 1618 1948 ru·-

447 2000 541 2071 corsr'
565 2018 701 2073 ancora
727 2001 801 2073 olto
825 2001 994 2090 dorcium
1014 1997 1101 2092 qnia
1124 2017 1191 2092 per
1215 1995 1420 2070 doctrinam
1440 1993 1617 2070 Bernardi

447 2125 556 2193 antor
581 2127 754 2196 erexerat
778 2121 906 2196 oculos
924 2119 972 2196 ad
988 2119 1154 2211 Mariam,
1173 2117 1268 2192 siout
1284 2115 1402 2212 patuit
1422 2115 1458 2190 in
1480 2135 1619 2212 praece-
1696 2121 1706 2138 ·’

446 2239 545 2316 denti
562 2239 733 2336 capitulo,
748 2239 811 2315 ubi
833 2238 1043 2316 Bernardos
1062 2237 1152 2314 dixit
1171 2237 1311 2312 autori:
1326 2239 1463 2329 fioliuol
1476 2238 1515 2310 di
1530 2257 1620 2328 pro-

447 2363 507 2433 zio
531 2365 614 2455 etc,
638 2363 677 2435 di
699 2363 791 2434 codd
805 2360 1035 2434 clt’odbellioo
1057 2360 1097 2432 di
1115 2359 1250 2451 Morio,
1271 2356 1372 2449 idest,
1391 2355 1620 2431 efficiebatur

447 2478 604 2554 decorus
624 2486 663 2554 et
678 2486 833 2554 ornatus
857 2500 879 2554 a
904 2478 1023 2572 simili,
1038 2481 1249 2553 contestatio
1266 2479 1447 2551 mnuutino
1463 2479 1631 2568 detsote„

448 2601 588 2694 supple,
613 2600 813 2676 decoratur
838 2607 876 2677 et
900 2600 1114 2676 illustratur.
1140 2600 1186 2673 El
1209 2605 1266 2674 est
1289 2597 1516 2694 comparatio
1533 2617 1621 2693 pro-

450 2720 542 2815 pria,
565 2719 652 2814 qnia
677 2721 773 2796 sicut
795 2721 920 2796 Venus
943 2720 1048 2796 stella
1073 2718 1253 2795 matutina
1274 2717 1429 2794 associat
1448 2719 1565 2793 solem
1583 2719 1620 2792 in

448 2862 561 2917 cursu
584 2862 654 2916 sno
679 2848 717 2917 et
742 2840 970 2917 illuminatur
985 2861 1063 2937 pras
1081 2841 1223 2916 cmteris
1239 2839 1288 2916 ab
1305 2859 1369 2934 θος
1389 2839 1439 2915 ita
1461 2838 1621 2914 Bernar-

426 2961 518 3036 'dns
543 2966 734 3055 tamquam
759 2962 862 3037 stella
888 2961 975 3056 quia
1002 2961 1069 3058 luit
1093 2961 1233 3057 doctor,
1260 2967 1297 3036 et
1326 2959 1495 3036 doctores
1525 2958 1620 3057 ligu-

451 3089 583 3158 rantur
606 3081 644 3155 in
670 3063 789 3160 torma
813 3081 1004 3157 stellarum
1029 3080 1066 3154 in
1091 3100 1247 3178 corpore
1268 3081 1365 3176 solis,
1385 3081 1481 3156 sicut
1497 3087 1621 3156 osten-

451 3224 535 3278 sum
552 3209 609 3278 est
624 3224 737 3300 supra
758 3202 918 3300 capitulo
935 3203 1046 3277 buius
1065 3203 1238 3298 Paradisi,
1255 3202 1447 3279 associavit
1469 3201 1619 3277 llariam

453 3343 500 3398 en
524 3343 672 3398 summa
696 3321 903 3420 dovotione
916 3329 964 3398 ct·
977 3323 1249 3420 compassione:
1269 3323 1366 3399 undo
1391 3322 1623 3400 devotissime

453 3442 622 3518 describit
649 3443 834 3539 planctum
852 3443 945 3538 eins,
962 3450 1001 3518 et
1020 3443 1102 3519 ideo
1122 3443 1219 3520 bene
1234 3463 1311 3540 prae
1328 3445 1468 3520 caeteris
1486 3443 1623 3519 illumi-

455 3556 616 3655 naturl¹l
644 3563 692 3639 ab
716 3569 893 3639 ea-El
911 3567 988 3658 epti.
1007 3564 1072 3639 llic
1087 3571 1198 3639 autor
1221 3564 1323 3666 ponit
1348 3564 1622 3660 responsionem

454 3683 630 3760 Bernardi
658 3683 705 3759 ad
730 3703 782 3778 so,
798 3683 941 3759 dicens:
968 3688 1014 3757 Et
1034 3685 1103 3775 epti
1126 3705 1151 3756 o
1175 3705 1241 3775 me,
1262 3684 1389 3780 supple
1413 3685 1625 3760 Bernardus

457 3803 659 3900 respondit:
675 3804 882 3878 dalmaciae
902 3805 1112 3894 lepptndrta,
1125 3802 1188 3878 dat
1203 3803 1353 3901 intelligi
1370 3803 1570 3900 spiritualia
1587 3795 1624 3899 (¹)

456 3930 495 3998 et
517 3923 734 4020 corporalia,
756 3921 777 3999 e*
799 3930 898 3997 toruo
921 3926 960 3997 io
984 3924 1044 4017 lati,
1064 3921 1167 4017 idest,
1186 3929 1261 3999 tam
1279 3925 1473 4020 excellens,
1492 3933 1624 4019 quanto

457 4049 551 4118 esser
572 4051 680 4138 puoto
701 4046 741 4117 in
764 4047 891 4136 capelo
915 4050 949 4118 et
970 4045 1008 4118 to
1032 4027 1141 4137 mnan,
1170 4043 1272 4138 idest,
1290 4045 1328 4118 in
1353 4045 1476 4140 aliqua
1501 4045 1625 4121 anima

457 4164 563 4241 beata
583 4165 679 4239 illius
695 4165 807 4260 aulae3
825 4173 863 4240 ot
883 4164 987 4241 dicit:
1004 4157 1197 4239 esioolcm
1214 4167 1274 4238 cite
1289 4169 1359 4257 sio,
1376 4165 1478 4262 idest,
1496 4186 1626 4243 omnes

457 4286 534 4359 lam
554 4287 675 4382 angeli
702 4307 814 4381 qnam
841 4285 939 4380 beati
958 4287 1217 4361 contentamur
1234 4291 1271 4360 et
1288 4287 1458 4363 laetamnr
1474 4287 1520 4363 de
1537 4288 1625 4383 b0c3

456 4425 542 4480 cum
570 4406 740 4480 voluntas
758 4413 883 4481 nostra
900 4405 946 4480 sit
965 4405 1164 4481 conformis
1181 4406 1360 4482 voluntati
1381 4407 1522 4502 divinae,
1540 4409 1628 4503 quia

457 4525 609 4622 dignum
641 4532 679 4602 et
707 4527 852 4622 justum
876 4534 942 4602 est.
973 4525 1076 4602 Unde
1105 4525 1228 4602 subdit
1261 4525 1453 4624 rationem,
1484 4528 1628 4604 dicens:

456 4646 655 4741 percl'epli
676 4642 699 4722 ὀ
721 4649 833 4740 quello
862 4649 922 4722 'cle
944 4629 1050 4740 portd
1074 4648 1111 4720 lo
1132 4649 1270 4740 pmmo,
1296 4646 1444 4744 scilicet,
1469 4647 1567 4743 pacis
1592 4656 1630 4724 et

458 4765 594 4865 gandii,
619 4769 720 4858 pinso
744 4787 770 4840 o
794 4771 928 4853 Moto,
953 4766 1102 4862 qnando
1126 4766 1312 4842 descendit
1336 4766 1383 4842 ad
1408 4769 1630 4844 annuntian-

522 5027 550 5091 (¹)
566 5027 596 5080 B.
613 5027 816 5080 illuminabatur.
941 5027 969 5092 Ρ)
985 5029 1016 5079 ll.
1032 5029 1174 5092 spirltnnlln
1192 5043 1239 5093 per
1256 5030 1418 5094 temporalis,
1435 5033 1448 5080 t
1464 5037 1542 5083 torulo„
