4842 6642
801 840 873 909 teo
1192 853 1399 909 counnrmr
1423 852 1590 907 runnursr

800 996 1005 1094 spondium,
1043 998 1102 1071 cte
1139 1000 1283 1091 quondo
1313 1001 1351 1072 to
1387 1000 1508 1072 divino
1540 999 1706 1071 sertim
1740 994 1970 1091 dposposto,

800 1118 895 1194 sicut
908 1118 1012 1193 multi
1030 1118 1299 1215 predicatores,
1312 1119 1376 1213 qui
1390 1117 1690 1194 verecundantur
1702 1120 1866 1215 allegare
1883 1121 1975 1194 llat-

800 1239 951 1334 tlraeum,
978 1244 1014 1313 et
1039 1236 1217 1334 Marcum,
1243 1239 1308 1315 sed
1332 1240 1452 1314 solum
1481 1238 1618 1314 habent
1641 1238 1679 1311 in
1703 1258 1771 1313 ore
1796 1239 1975 1314 Aristote-

740 1454 741 1457 Ν
799 1360 885 1453 lem,
911 1358 1118 1453 Averroim,
1144 1358 1348 1455 Platonem,
1366 1359 1562 1454 Plotinum,
1583 1365 1621 1433 et
1643 1358 1693 1434 ita
1714 1358 1762 1435 de
1783 1354 1973 1454 multis(¹);

799 1477 881 1553 ideo
906 1478 1012 1553 dicit:
1040 1500 1058 1551 e
1083 1482 1226 1571 quando
1251 1478 1273 1555 e*
1295 1487 1402 1573 torto,
1430 1478 1526 1554 sicut
1557 1485 1634 1553 tota
1663 1479 1722 1553 die
1755 1485 1973 1576 pervertunt

799 1607 943 1676 tentum
962 1600 1172 1697 Scripturae,
1190 1600 1371 1677 trahendo
1394 1600 1589 1675 adsensus
1609 1599 1834 1697 peregrinos,
1853 1621 1902 1677 ne
1917 1601 1975 1675 di·

800 1740 882 1795 cam
907 1720 1128 1818 improprios
1154 1722 1213 1796 vel
1238 1720 1523 1818 impertinentes.
1543 1760 1593 1775 -
1611 1724 1690 1793 Non
1716 1724 1761 1795 ot
1788 1720 1855 1795 llio
1879 1722 1974 1797 Bea-

799 1840 872 1914 trix
896 1842 1020 1938 arguit
1046 1841 1292 1918 temeritatem
1324 1841 1452 1917 talium
1485 1840 1693 1934 doctorum,
1719 1842 1784 1936 qui
1819 1863 1894 1943 non
1926 1843 1972 1918 ad

799 1958 960 2035 fructum
987 1966 1024 2036 et
1049 1962 1245 2037 utilitatem
1271 1960 1486 2058 legentium,
1512 1961 1576 2035 sed
1589 1960 1648 2038 ‚ad
1672 1961 1873 2057 superbam
1893 1963 1975 2060 glo·

799 2079 892 2154 riam
919 2086 1101 2155 conantur
1128 2082 1290 2176 quotidie
1315 2082 1439 2158 lacere
1455 2101 1568 2177 opera
1586 2103 1701 2176 nova,
1718 2088 1756 2157 et
1772 2082 1859 2158 dicit
1875 2083 1974 2177 quod

799 2221 873 2275 non
899 2201 1131 2277 considerant
1155 2202 1336 2279 offensam
1362 2201 1428 2278 Dei
1461 2207 1498 2277 et
1523 2210 1738 2278 sanctorum
1764 2203 1973 2296 doctorum,

800 2320 864 2415 qui
891 2341 1026 2418 magno
1057 2322 1185 2397 labore
1218 2328 1256 2398 et
1289 2322 1497 2397 humilitate
1530 2322 1778 2398 fundaverunt
1804 2344 1889 2399 eam
1915 2324 1973 2399 vel

799 2438 927 2537 ipsam.
953 2441 1056 2518 Unde
1082 2442 1186 2519 dicit:
1220 2448 1300 2519 Non
1326 2447 1362 2518 oi
1385 2448 1418 2518 si
1445 2464 1571 2537 pensa,
1595 2442 1744 2539 scilicet,
1769 2465 1836 2540 per
1869 2445 1971 2540 tales,

800 2568 930 2655 quanto
966 2583 1112 2657 suuper,
1139 2564 1286 2659 scilicet,
1312 2562 1444 2641 Christi
1469 2569 1506 2639 et
1531 2570 1757 2660 sanctorum,
1788 2572 1886 2639 costo
1917 2586 1974 2639 re·

799 2683 954 2756 nunerio
985 2685 1043 2757 uel
1076 2686 1220 2779 modo,
1257 2706 1276 2757 e
1309 2689 1439 2776 poento
1465 2687 1588 2777 piore,
1625 2683 1760 2773 scilicet
1792 2684 1884 2780 Dee,
1918 2686 1975 2759 cdi

798 2805 993 2877 omdmente
1011 2806 1193 2879 saccosto
1217 2825 1284 2877 con
1300 2825 1393 2896 essa,
1410 2804 1547 2879 scilicet
1568 2803 1751 2901 scriptura
1768 2812 1906 2881 sancta.
1929 2805 1972 2877 lit

798 2922 921 2997 subdit
946 2922 1056 2999 linem
1083 2925 1130 2999 ad
1156 2945 1269 3019 quem
1296 2924 1552 3019 unusquisque
1568 2924 1690 3000 studet
1706 2930 1744 3000 et
1764 2924 1900 3023 vigilat,
1918 2924 1973 3000 di·

799 3061 907 3118 cens:
934 3047 1076 3119 musmo
1100 3048 1294 3139 s’inpepna
1318 3050 1439 3141 esoce
1461 3066 1523 3119 sue
1545 3048 1746 3121 inminui
1766 3068 1836 3139 per
1859 3068 1974 3141 oppo-

798 3184 892 3256 rerc,
918 3165 1005 3259 quia
1040 3165 1176 3241 scilicet
1206 3167 1336 3241 volunt
1369 3166 1491 3261 potius
1515 3187 1695 3262 apparere
1726 3174 1763 3243 et
1789 3166 1973 3264 ignorare,

798 3304 912 3379 quam
931 3285 1092 3380 perfecte
1112 3285 1206 3362 scire
1227 3295 1264 3363 et
1285 3308 1359 3361 non
1377 3286 1505 3380 videri,
1526 3288 1629 3363 velut
1645 3286 1675 3361 si
1692 3287 1835 3363 tructus
1854 3288 1974 3365 scien-

800 3404 860 3478 tlae
886 3404 1059 3479 consistat
1084 3406 1203 3480 solum
1230 3407 1268 3481 in
1292 3406 1525 3503 apparentia;
1545 3413 1673 3483 contra
1694 3427 1787 3501 quos
1813 3407 1864 3482 ait
1884 3408 1975 3484 Per·
2090 3446 2093 3451 ’

797 3522 892 3599 sius:
918 3528 1009 3599 scire
1043 3533 1137 3599 trum
1170 3528 1259 3601 otte
1288 3534 1341 3601 est
1372 3534 1440 3603 ete.
1480 3526 1659 3621 Loquitur
1689 3527 1789 3603 enim
1824 3527 1972 3605 Persius

797 3642 949 3740 ironice,
967 3643 1051 3721 licet
1070 3647 1175 3721 multi
1195 3646 1411 3744 ignoranter
1427 3647 1628 3744 intelligant
1645 3647 1890 3744 contrarium3
1907 3649 1971 3725 sed

798 3772 899 3840 certe
926 3766 1010 3841 talia
1035 3787 1149 3861 opera
1178 3766 1274 3843 bene
1308 3767 1465 3843 reddunt
1499 3767 1566 3841 sibi
1595 3766 1728 3862 vicem,
1753 3768 1841 3862 quia
1875 3789 1972 3863 saepe

798 3905 872 3959 non
898 3884 1034 3960 durant
1050 3887 1168 3963 donec
1186 3888 1327 3982 vivunt,
1350 3886 1466 3962 immo
1482 3887 1555 3962 cito
1579 3886 1846 3984 impugnantur
1863 3894 1900 3965 et
1917 3888 1973 3964 vi·

796 4004 1042 4099 lipenduntur.
1062 4008 1105 4080 Et
1125 4006 1230 4082 dicit:
1249 4029 1269 4081 e
1291 4011 1412 4102 puelle,
1433 3999 1619 4099 scilicet(¹)
1646 4008 1886 4103 inventiones,
1905 4030 1972 4083 son

797 4131 972 4200 trascorsc
996 4130 1055 4201 dd
1069 4132 1279 4221 predicanti,
1304 4131 1364 4202 e’l
1383 4132 1544 4221 coopello
1574 4132 1607 4203 si
1639 4137 1723 4204 tate.
1739 4170 1790 4184 -
1805 4134 1859 4204 lln
1882 4133 1969 4205 dice.

796 4246 861 4321 llio
885 4247 1033 4323 Beatrix
1058 4249 1217 4325 ostendit
1233 4249 1423 4326 evidenter
1440 4248 1628 4345 quomodo
1644 4257 1827 4325 conantur
1847 4251 1970 4328 lacere

797 4389 913 4443 novas
937 4367 1165 4445 inventiones
1190 4378 1227 4445 et
1251 4370 1438 4447 adducere
1467 4391 1583 4445 novas
1612 4369 1802 4465 opiniones
1831 4371 1875 4445 in·
1894 4392 1973 4448 uno

797 4496 933 4583 puncto
958 4488 1134 4584 passionis
1150 4490 1307 4586 Domini,
1329 4499 1372 4565 ut
1388 4490 1440 4566 sic
1465 4512 1532 4587 per
1557 4512 1675 4565 unum
1701 4490 1816 4585 possis
1841 4491 1974 4567 intelli·

796 4632 887 4709 gere
912 4612 1008 4687 idem
1035 4613 1082 4689 de
1108 4614 1252 4688 multis:
1279 4623 1437 4711 punctus
1458 4621 1585 4690 autem
1610 4620 1667 4690 est
1690 4612 1737 4689 de
1762 4612 1823 4688 illa
1849 4612 1971 4707 eclipsi

797 4752 881 4827 quae
907 4734 1078 4829 apparuit
1103 4740 1272 4831 tempore
1296 4734 1425 4809 mortis
1450 4734 1581 4811 Christi
1595 4726 1646 4828 (³),
1671 4732 1718 4809 de
1743 4754 1817 4827 qua
1846 4732 1973 4823 dicunt

859 4916 887 4979 (¹)
902 4916 927 4969 S·
944 4918 999 4969 ollis
1016 4920 1113 4973 multis.
1302 4918 1331 4986 (¹)
1347 4920 1379 4971 ll.
1396 4920 1496 4972 scilicet
1511 4935 1585 4973 nore
1601 4920 1768 4973 inventiones.

847 4994 887 5059 ‚('l
903 4994 934 5045 E.
949 4994 1012 5047 Jesu
1028 4994 1131 5053 Christi.
