4842 6642
902 850 1042 908 murus
1068 851 1237 906 uncinus.
1609 840 1684 908 37.-

482 1003 520 1072 et
544 995 807 1090 quietationem
830 997 991 1092 ipsarum
1010 1017 1076 1094 per
1098 997 1412 1093 comparationem
1433 1000 1571 1074 claram
1588 998 1658 1074 ‹io-

483 1116 688 1190 minarum:
717 1123 754 1190 et
778 1117 863 1192 ‹lieit
889 1117 988 1212 quod
1013 1118 1084 1192 illre
1110 1117 1245 1192 anima
1269 1118 1388 1193 beata
1404 1125 1659 1212 apparuerunt

480 1237 528 1312 ibi
554 1237 591 1310 in
617 1238 736 1313 lorma
761 1238 997 1314 dominarum
1024 1259 1108 1332 quae
1134 1238 1343 1333 tripudient,
1369 1244 1406 1312 el
1423 1236 1661 1332 tripudiando·

484 1366 730 1453 remorentur,
749 1359 866 1435 donec
887 1359 1102 1454 collegerint
1119 1366 1224 1432 notas
1240 1350 1276 1450 (¹)
1295 1358 1472 1434 cantionis
1497 1364 1578 1453 post
1602 1358 1660 1454 gi·

485 1479 662 1553 rationem
691 1480 853 1574 ipsarum
872 1500 985 1573 quam
1005 1479 1166 1554 leeeraut
1186 1479 1280 1552 sicut
1296 1478 1409 1552 stellae
1426 1478 1525 1554 cirea
1542 1479 1661 1573 potos..

482 1600 586 1674 Nunc
610 1599 658 1674 ad
682 1600 847 1693 literam3
874 1601 959 1676 dicit
983 1603 1118 1674 autor:
1144 1607 1181 1674 et
1206 1599 1278 1673 illae
1301 1598 1436 1673 auimae
1460 1599 1589 1694 beatae,
1606 1602 1662 1674 lli

480 1741 616 1812 poroer
637 1724 754 1794 warte
773 1739 846 1794 nou
861 1723 979 1795 adulte
995 1723 1045 1795 do
1061 1721 1168 1810 bollo,
1186 1721 1262 1794 imo
1287 1739 1465 1796 eouueme
1480 1721 1518 1794 in
1535 1721 1656 1813 simul,
1673 1752 1677 1761 ¹

432 1937 438 1949 ι
483 1841 570 1934 quia
595 1846 721 1916 tenent
744 1862 785 1918 se
810 1862 875 1938 per
894 1862 1038 1936 manus,
1055 1862 1115 1916 ma
1131 1844 1192 1916 ete
1206 1841 1395 1916 s'orrero'o
1413 1844 1525 1932 aaa,
1542 1845 1658 1916 oecol-

482 1964 590 2036 londo
612 1958 726 2054 finale
747 1965 865 2037 Mauo
890 1967 1011 2038 rivolta
1027 1966 1058 2038 le
1074 1983 1186 2038 auore
1203 1971 1293 2036 note.
1314 1963 1358 2036 Et
1378 1963 1437 2037 hic
1454 1970 1540 2038 nola
1558 1963 1658 2058 quod

482 2088 591 2156 autor
615 2082 677 2158 dat
701 2084 1014 2179 comparationem
1041 2104 1153 2178 quam
1180 2089 1309 2178 potest,
1344 2083 1482 2158 scilieet
1504 2104 1658 2178 compa·

360 2215 363 2220 ’
483 2223 568 2278 rare
594 2204 756 2279 humana
782 2203 927 2278 divinis:
952 2205 1090 2299 pulcrae
1108 2203 1205 2278 euim
1223 2203 1382 2278 domiuae
1398 2202 1554 2278 dulciter
1570 2224 1659 2278 cau-

483 2331 601 2400 tautes
626 2323 663 2398 iu
684 2323 843 2418 tripudio
861 2345 1010 2398 summe
1026 2324 1207 2400 delectant
1225 2332 1417 2420 aspectum
1436 2330 1472 2399 et
1489 2324 1657 2398 auditum

483 2445 684 2520 videntium
714 2452 752 2520 et
781 2445 1028 2538 erudientium
1056 2452 1093 2521 et
1124 2446 1173 2520 ita
1203 2447 1281 2520 istae
1310 2447 1444 2521 auimae
1471 2447 1658 2541 praeolarae

482 2571 671 2642 cantantes
695 2565 733 2639 iu
758 2565 897 2642 oireulo
922 2585 1069 2640 summe
1094 2565 1277 2641 delectant
1292 2566 1413 2641 visum
1435 2574 1472 2642 et
1488 2567 1656 2642 auditum

482 2687 633 2779 euteria,
660 2707 743 2780 quae
769 2685 815 2760 ad
841 2686 993 2760 modum
1023 2686 1258 2760 dominarum
1278 2686 1568 2782 ⁴tripudiantium
1597 2709 1658 2763 re-

483 2813 674 2884 staveruut
687 2827 820 2902 parum
834 2812 871 2882 el
883 2807 1117 2902 quieverunt,
1133 2815 1173 2882 ut
1190 2807 1361 2882 audirent
1377 2829 1510 2882 novam
1530 2816 1656 2884 nomm

485 2930 595 3004 unius
619 2947 763 3021 earum,
784 2947 869 3020 quae
893 2926 931 3000 in
957 2926 1124 3021 tripudio,
1144 2926 1247 3021 idest,
1264 2927 1303 3001 in
1323 2934 1404 3002 rota
1421 2928 1500 3002 sive
1519 2949 1657 3003 corona

484 3050 543 3124 illa
567 3047 737 3123 circulari
765 3048 966 3142 loquetura
993 3053 1073 3121 erat
1102 3047 1237 3121 autori.
1267 3047 1311 3120 Et
1348 3049 1418 3122 hoo
1450 3048 1532 3123 dieo
1558 3049 1656 3124 leoe-

486 3175 572 3244 ruut
597 3173 687 3268 post
702 3167 899 3261 aliqualem
926 3165 1145 3263 giratiouem
1172 3186 1316 3261 aarum,
1343 3189 1455 3262 quam
1475 3168 1659 3264 specificat

484 3309 550 3385 per
576 3309 688 3363 unam
711 3287 973 3384 pulcerrimam
1000 3287 1326 3382 comparationem,
1343 3287 1490 3364 diceus:
1513 3293 1577 3382 poi
1596 3291 1657 3363 clar

484 3413 585 3502 queue·
604 3412 743 3484 ardenti
761 3411 840 3499 ooli,
854 3408 956 3502 idest,
971 3406 1105 3482 animae
1131 3407 1277 3481 illorum
1304 3407 1511 3503 sapientum
1534 3411 1655 3504 splen·

483 3529 639 3606 ditiores
656 3529 743 3623 sole,
762 3529 799 3603 in
819 3528 880 3602 ille
901 3546 1009 3622 spera
1028 3527 1150 3621 solari,
1172 3531 1280 3621 atsur
1296 3531 1406 3620 atrati
1425 3537 1477 3602 tre
1496 3533 1597 3621 volte,
1610 3531 1659 3605 ad

484 3651 632 3726 leudem
658 3647 853 3742 Trinitatis,
878 3650 1021 3722 intorno
1047 3669 1071 3721 a
1095 3650 1169 3740 aot,
1193 3647 1296 3741 idest,
1328 3649 1426 3724 eirea
1452 3649 1657 3725 Beatricem

484 3779 527 3848 et¹
546 3791 608 3846 me
620 3761 670 3865 (²),
695 3763 726 3844 sl
749 3772 938 3860 contundo,
965 3770 1067 3863 idest,
1093 3768 1186 3843 sicut
1211 3768 1351 3843 dictum
1377 3778 1433 3844 est
1450 3770 1668 3845 secuudum·

485 3892 587 3966 illum
620 3897 768 3967 cautum
802 3889 1041 3983 ineffabilem3
1077 3896 1114 3963 et
1147 3888 1257 3964 dicit:
1295 3911 1392 3962 come
1423 3893 1517 3964 stelle
1550 3893 1661 3964 violae

484 4015 630 4107 dfermi
638 4015 723 4105 poli.
737 4013 781 4086 Et
797 4011 856 4086 hio
874 4017 959 4086 nota
973 4010 1071 4106 quod
1085 4011 1313 4106 comparatio
1325 4018 1381 4086 est
1398 4013 1669 4107 propriissimu·

484 4130 587 4208 Sicut
611 4133 710 4208 enim
735 4134 849 4207 stellae
867 4133 1032 4208 lucentes
1049 4131 1261 4207 describunt
1280 4153 1397 4206 uuum
1415 4131 1568 4209 brevem
1585 4134 1660 4208 eir-

485 4253 613 4327 eulum
638 4249 833 4327 *virinum
859 4252 957 4327 cirea
974 4253 1121 4348 polum3
1147 4251 1196 4326 ita
1214 4252 1293 4326 istae
1312 4252 1447 4325 auimae
1467 4253 1660 4348 splendona

486 4379 542 4446 tes
567 4370 748 4447 iaciebant
772 4370 955 4447 circulum
981 4371 1142 4447 vicinum
1174 4371 1274 4446 circa
1306 4377 1477 4447 autorem
1504 4379 1541 4447 et
1565 4374 1660 4449 Bea-

485 4491 628 4586 trieem‚
647 4491 713 4586 qui
731 4493 876 4570 stabant
902 4491 998 4566 firmi
1025 4492 1062 4566 iu
1088 4492 1222 4585 medio,
1248 4491 1342 4566 sieut
1366 4493 1483 4588 polus,
1502 4501 1660 4588 punctus

487 4612 545 4687 vel
570 4618 760 4687 centrum:
786 4620 825 4686 et
849 4613 943 4688 sieut
959 4613 1029 4687 illae
1046 4613 1191 4688 stellae*
1206 4604 1243 4705 (³)
1270 4612 1368 4688 circa
1391 4615 1516 4710 polum
1534 4607 1661 4712 giran-

488 4739 542 4808 tes
566 4732 727 4827 dirigunt
752 4734 966 4830 navigantes
997 4733 1033 4808 in
1061 4733 1154 4808 mari
1181 4733 1227 4808 ad
1253 4733 1380 4808 salutis
1411 4741 1579 4831 portum3
1609 4738 1659 4813 ita

550 4921 577 4983 (¹)
593 4921 624 4971 E·
639 4925 736 4972 nolum·
987 4919 1015 4984 (¹)
1032 4922 1062 4972 E.
1079 4935 1123 4974 me
1138 4923 1233 4986 iprum,
1248 4928 1279 4974 rt.

549 4997 576 5060 ι’)
591 4999 628 5048 Le
645 4999 735 5062 parole
745 4999 786 5050 lra
801 5000 810 5050 l
825 5000 877 5050 (luo
887 5001 1019 5054 uterisehi
1030 5013 1077 5051 eon
1087 4999 1200 5065 supplito
1211 5001 1348 5054 drlComel
1358 5002 1467 5054 Ειιωο
1476 5003 1661 5056 estronieno.
