4842 6642
813 850 883 921 376
1204 865 1407 921 censurarum
1431 866 1596 919 rmnnrn

811 1014 1025 1104 promptum
1042 1004 1077 1101 (¹)
1098 1016 1134 1083 et
1153 1008 1325 1084 libentem
1349 1010 1397 1084 ad
1423 1007 1729 1103 respondendum,
1745 1007 1984 1082 commendat

813 1135 851 1203 et
876 1128 1070 1204 confirmat
1095 1130 1176 1203 eius
1202 1128 1474 1225 responsionem
1506 1129 1650 1203 iactam.
1684 1126 1785 1202 Unde
1809 1125 1914 1201 dicit:
1942 1132 1988 1199 ln

731 1280 733 1283 ’
811 1253 847 1323 io
871 1252 955 1341 udi',
982 1248 1118 1323 scilicet
1144 1268 1165 1321 a
1192 1248 1288 1323 dieto
1314 1250 1489 1343 Iohanne,
1514 1253 1542 1323 it
1563 1270 1733 1338 soorano,
1758 1248 1859 1343 idest,
1879 1268 1983 1321 snm-

813 1391 896 1443 mus
928 1389 1047 1460 amor,
1081 1371 1134 1442 det
1152 1374 1224 1443 tuni
1256 1373 1375 1443 aurosi
1397 1374 1540 1461 ponda
1569 1392 1594 1441 a
1625 1373 1695 1443 Dio
1721 1391 1788 1462 per
1819 1370 1983 1443 inteltetto

811 1509 953 1582 amano,
981 1487 1086 1583 idest,
1110 1509 1177 1584 per
1204 1490 1364 1563 rationes
1393 1490 1590 1584 naturales,
1620 1510 1714 1584 quas
1743 1488 1895 1563 fabricat
1926 1488 1984 1561 in·

811 1612 977 1685 tellectus
1012 1610 1209 1704 humanus,
1237 1610 1331 1685 sicut
1354 1610 1555 1686 Aristotelis
1579 1616 1617 1685 et
1641 1610 1799 1696 oliorum
1825 1609 1982 1704 pbiloso-

812 1733 981 1826 phorum,
1016 1752 1123 1823 uper
1156 1735 1354 1821 autoritate,
1379 1731 1526 1824 scilicet,
1553 1732 1755 1805 multorum
1786 1730 1979 1806 doctorum

810 1861 848 1928 et
872 1854 1106 1947 scriptorum,
1133 1856 1306 1926 smworde
1329 1874 1355 1925 a
1384 1855 1445 1945 tui,
1471 1851 1574 1945 idest,
1603 1852 1881 1927 consonantium
1916 1851 1982 1947 ipsi

810 1973 1021 2066 intellectui,
1039 1972 1126 2067 quia
1153 1993 1227 2047 non
1252 1972 1458 2067 discrepant
1474 1991 1498 2046 a
1515 1971 1658 2045 ratione
1674 1970 1843 2045 naturali.
1858 2010 1908 2025 -
1922 1975 1985 2044 llo

810 2098 867 2169 di'.
894 2094 958 2167 llic
984 2093 1167 2167 lohannes
1184 2093 1268 2167 lacit
1283 2114 1390 2167 suam
1408 2092 1642 2189 petitionem3
1661 2099 1698 2167 et
1716 2092 1877 2166 breviter
1893 2091 1985 2187 petit

809 2214 838 2287 si
863 2220 973 2287 autor
992 2214 1063 2287 alia
1092 2213 1224 2288 babeat
1247 2219 1466 2309 argumenta
1488 2219 1526 2287 et
1546 2212 1780 2307 probationes
1802 2210 1982 2285 trahentia

810 2334 928 2430 ipsum
963 2333 1010 2408 ad
1043 2352 1210 2406 amorem
1246 2332 1424 2426 divinum,
1459 2339 1595 2427 praeter
1625 2331 1720 2406 diota
1759 2338 1984 2428 argumenta

811 2454 1057 2551 philosophica
1090 2462 1127 2529 et
1157 2452 1375 2528 autoritates
1398 2460 1631 2545 sanctorum3
1657 2452 1755 2527 unde
1786 2452 1893 2527 dicit:
1919 2457 1983 2525 lta

813 2578 860 2649 di'
880 2595 1031 2665 anema,
1055 2596 1093 2647 se
1123 2582 1158 2647 tu
1190 2578 1279 2647 senti
1302 2578 1393 2648 ultre
1417 2596 1507 2666 sose,
1532 2574 1591 2648 rel
1615 2576 1734 2665 eorde,
1768 2572 1869 2666 idest,
1894 2572 1983 2647 alias

812 2696 969 2769 rationes
994 2702 1031 2768 et
1056 2694 1272 2775 autoritates
1296 2716 1319 2769 a
1344 2693 1535 2789 praedictis,
1561 2696 1679 2767 tirorts'
1703 2700 1805 2767 uaso
1830 2696 1890 2788 lui,
1912 2692 1983 2767 sci-

812 2814 905 2909 licet,
936 2814 1074 2906 Deum3
1101 2820 1138 2888 et
1168 2813 1273 2889 dicit:
1305 2806 1336 2885 si
1366 2816 1426 2886 ebe
1455 2821 1490 2887 tu
1519 2834 1628 2887 suone
1650 2834 1717 2887 con
1741 2815 1863 2905 quanti
1885 2814 1982 2885 derrti

813 2942 930 3027 questo
946 2954 1051 3009 amor
1076 2937 1102 3007 ti
1122 2938 1259 3025 morde,
1275 2934 1380 3028 idest,
1395 2940 1486 3029 quot
1501 2934 1622 3009 causis
1639 2934 1800 3010 moreris
1818 2934 1866 3008 ad
1883 2933 1985 3007 buno

811 3076 990 3130 amorem.
1002 3096 1052 3109 -
1066 3060 1144 3128 Nou
1160 3059 1210 3149 sn.
1233 3055 1298 3129 llic
1316 3061 1427 3129 antor
1445 3074 1689 3150 responsurus
1705 3054 1752 3129 ad
1769 3053 1982 3149 petitionem

813 3174 996 3268 lobannis,
1018 3175 1137 3269 primo
1163 3174 1349 3269 praemittit
1366 3174 1524 3268 qualiter
1544 3174 1640 3250 bene
1662 3174 1881 3249 intellexerit
1902 3172 1986 3248 eins

813 3294 1063 3387 intentionem,
1087 3295 1233 3370 disens:
1259 3300 1311 3368 La
1334 3302 1440 3368 santa
1462 3298 1671 3389 mutumne,
1692 3294 1794 3388 idest,
1812 3296 1984 3369 voluntas

810 3415 905 3489 illius
930 3415 1044 3489 saneti
1066 3414 1250 3509 lobannis,
1271 3417 1350 3490 dett
1363 3418 1484 3507 aquila
1508 3418 1546 3489 di
1573 3418 1698 3508 cristo,
1717 3415 1820 3509 idest
1846 3414 1983 3488 loban-

812 3534 877 3629 nis,
904 3535 968 3629 qui
998 3534 1035 3609 in
1065 3534 1184 3631 ligura
1210 3534 1345 3629 aquilae
1370 3542 1668 3631 repraesentatur,
1694 3542 1733 3610 et
1755 3554 1885 3629 qnare,
1908 3554 1984 3607 non

810 3658 851 3749 sn
888 3658 1025 3745 latente,
1058 3655 1161 3747 idest,
1192 3655 1404 3730 abscondita
1441 3656 1541 3750 mibi,
1572 3659 1658 3728 anzi
1689 3657 1735 3727 m'
1748 3656 1886 3728 aseorsi
1917 3675 1983 3727 one

811 3777 910 3849 solea
935 3795 1060 3849 mernor
1085 3778 1157 3848 mio
1180 3778 1407 3868 professione.
1427 3775 1471 3849 Et
1489 3776 1547 3850 bie
1563 3782 1650 3849 nota
1671 3774 1771 3869 quod
1796 3780 1906 3848 autor
1923 3792 1984 3847 so·

811 3897 888 3969 lum
914 3894 1118 3971 adduxerat
1144 3896 1304 3970 rationes
1320 3902 1358 3969 et
1378 3896 1596 3971 autoritates
1612 3896 1806 3992 generales
1826 3894 1984 3969 insitan-

812 4023 866 4091 tes
891 4035 979 4090 eum
1005 4015 1051 4089 ad
1076 4036 1245 4091 amorem
1262 4015 1449 4108 divinum,
1468 4016 1532 4091 sed
1548 4016 1732 4091 lohannes
1755 4015 1835 4089 vult
1853 4012 1985 4089 audire

812 4137 928 4233 magis
940 4136 1084 4211 strictas
1097 4142 1135 4211 et
1147 4124 1564 4231 particulares-Pero.
1579 4136 1644 4210 llic
1659 4141 1771 4209 antor
1787 4134 1984 4229 respondet

811 4257 944 4331 strictae
968 4256 1130 4352 petitioni
1150 4256 1335 4350 lobannis,
1352 4256 1496 4332 dicens:
1524 4249 1616 4332 Persi
1639 4258 1883 4330 rimmirroiai:
1908 4257 1984 4327 tadi

810 4381 889 4469 quei
912 4380 1035 4472 morsi,
1063 4376 1166 4470 idest,
1194 4377 1366 4470 rationes,
1382 4378 1443 4451 ede
1454 4396 1587 4469 posson
1605 4379 1641 4451 to
1660 4397 1747 4450 uuor
1764 4380 1827 4471 sur
1844 4377 1987 4466 volpere

809 4520 835 4571 a
859 4500 941 4591 Dio,
960 4501 1033 4573 otta
1050 4500 1122 4570 mia
1147 4502 1294 4572 cordate
1318 4518 1385 4571 son
1408 4501 1583 4589 mneorm,
1608 4496 1714 4590 idest,
1729 4497 1775 4571 ad
1798 4515 1984 4591 generan—

810 4619 895 4694 dam
932 4618 1107 4693 rirtntem
1142 4617 1302 4693 caritatis
1334 4617 1371 4692 in
1404 4618 1517 4693 oorde
1551 4637 1646 4692 meo.
1677 4618 1721 4691 lit
1751 4616 1873 4692 subdit
1903 4615 1986 4689 illos

810 4759 957 4813 morsus
977 4738 1228 4834 particulares,
1241 4737 1385 4813 dicens:
1402 4734 1466 4812 ode*
1478 4742 1501 4811 l'
1514 4758 1627 4812 essere
1642 4740 1702 4811 det
1719 4739 1861 4826 mondo,
1878 4736 1984 4827 idest,

874 4998 902 5062 (¹)
917 4998 944 5049 S.
960 5002 1085 5048 attentum
1103 5004 1129 5049 et
1145 5004 1304 5062 promptum.
