4842 6642
757 850 895 905 caurus
920 850 1112 905 vransruus
1138 849 1321 905 snrnruus.
1552 834 1625 905 39³

341 1040 345 1051 =
454 1018 583 1073 omnes
616 995 788 1089 usurarii,
812 994 905 1070 sicul
938 996 1144 1091 expositum
1167 988 1203 1088 (')
1237 1002 1294 1069 est
1326 995 1364 1069 in
1394 994 1564 1071 luterno:
1589 1002 1627 1069 ct

454 1118 491 1192 in
516 1120 587 1194 hoc
613 1123 714 1192 uolat
738 1136 825 1191 eum
857 1116 1004 1190 infamia
1031 1115 1235 1212 cupiditatis
1266 1136 1408 1209 ararae3
1433 1116 1501 1191 iste
1525 1115 1627 1190 enim

452 1238 597 1314 vocavit
622 1258 709 1311 suos
733 1235 779 1310 ad
805 1256 952 1311 summa
978 1236 1152 1311 beneficia
1179 1242 1217 1312 el
1240 1236 1387 1331 ditavit3
1413 1258 1434 1308 e
1460 1239 1622 1329 Guusclti,

453 1359 540 1453 quia
566 1358 735 1434 Clemens
751 1357 797 1430 lv
824 1356 890 1431 luit
914 1357 961 1433 de
987 1357 1176 1453 vasconia,
1197 1366 1234 1433 et
1251 1356 1288 1430 in
1315 1360 1384 1431 hoc
1409 1363 1510 1431 notat
1535 1376 1625 1431 eum

454 1479 601 1555 inlamia
637 1478 865 1575 rapacitatis3
894 1498 976 1552 nam
1013 1477 1194 1553 Vascones
1229 1478 1266 1552 in
1302 1477 1466 1573 partibus
1499 1477 1626 1553 Gallice

453 1599 656 1696 vulgariter
681 1598 855 1673 dicuntur
880 1598 1018 1672 habere
1036 1596 1190 1673 caudam
1209 1598 1372 1693 lupinam
1394 1604 1544 1693 propter
1562 1618 1625 1673 ra-

453 1721 662 1817 pacitatem,
688 1720 796 1816 juxta
823 1717 929 1792 illud:
956 1720 1122 1809 nuptum
1146 1723 1338 1810 namnum
1367 1723 1519 1795 caudam
1540 1724 1624 1815 sert,

462 1846 569 1915 Vasco
594 1844 758 1935 lupinam.
785 1840 838 1914 Ile
867 1838 935 1914 isto
960 1838 1148 1915 Clemente
1172 1840 1308 1915 dictum
1336 1847 1391 1917 est
1415 1841 1452 1915 iu
1477 1840 1625 1915 luteruo

454 1968 490 2037 et
515 1960 600 2035 alibi
625 1980 745 2057 saepo3
771 1962 1068 2053 suppareccltnn
1094 1963 1132 2033 di
1160 1963 1223 2034 ber
1247 1964 1305 2034 del
1325 1982 1460 2053 conone
1488 1969 1624 2053 cosmo,

452 2082 554 2175 idest,
581 2082 733 2157 sorbere
757 2088 795 2156 et
819 2102 954 2178 sugere
978 2081 1025 2156 de
1049 2080 1288 2176 acquisitione
1313 2082 1407 2157 lacta
1441 2082 1622 2159 laboriose

452 2222 537 2277 cum
565 2201 744 2299 sanguine
769 2200 880 2295 ipsius
905 2202 1013 2294 Petri,
1039 2200 1128 2294 Lini,
1154 2202 1257 2294 cleti,
1282 2201 1384 2296 Sinti,
1410 2202 1474 2296 Pii,
1499 2203 1620 2278 Calisti

453 2327 490 2397 et
515 2322 650 2397 Urbani
676 2328 714 2397 et
738 2322 896 2396 aliorum
923 2323 1125 2397 mullorum
1154 2330 1364 2396 sanctorum
1396 2322 1620 2418 pontificum,

452 2448 490 2518 et
515 2443 626 2519 etiam
653 2442 902 2537 apostolorum
934 2448 972 2517 et
1001 2448 1220 2539 martyrum.
1247 2443 1291 2515 llt
1319 2463 1365 2518 ex
1396 2445 1466 2519 hoc
1493 2445 1621 2519 Petrus

454 2562 645 2659 indignans
674 2562 881 2657 prorumpit
912 2561 948 2635 iu
982 2582 1094 2655 unam
1128 2562 1446 2658 exclamationem,
1476 2564 1624 2640 dicens:

458 2686 489 2757 0
512 2684 604 2757 buon
623 2686 811 2776 pmnopio,
832 2682 977 2777 scilicet,
995 2683 1089 2757 sedis
1113 2685 1332 2780 apostolice,
1353 2707 1377 2758 a
1402 2688 1463 2759 clu
1481 2690 1531 2759 vil
1550 2689 1624 2779 fine

452 2806 596 2876 eunucu
620 2804 681 2877 cle
705 2810 739 2876 lu
765 2804 904 2876 coccii!
929 2803 1031 2897 quasi
1057 2803 1171 2878 dicat:
1193 2802 1240 2878 ad
1261 2804 1476 2880 vilissimum
1495 2812 1533 2880 et
1551 2806 1623 2880 mi-

453 2924 660 3016 serabilem,
691 2944 777 2997 cum
807 2924 884 3020 jam
919 2923 1087 2999 incideris
1116 2924 1152 2998 in
1185 2946 1315 3000 manus
1345 2926 1625 3001 talium-llo

452 3046 573 3119 lata.
599 3043 665 3119 llic
689 3044 820 3118 Petrus
846 3044 930 3118 lacit
955 3064 1060 3117 suam
1092 3043 1386 3139 deprecationem
1416 3046 1463 3121 ad
1490 3047 1621 3143 Deum,

454 3172 494 3239 ut
519 3164 591 3239 cito
617 3163 737 3238 mittat
768 3165 870 3238 illum
903 3165 966 3259 qui
998 3164 1312 3240 exterminaturus
1343 3174 1399 3242 est
1428 3169 1620 3243 avaritiam

451 3286 699 3382 prelatorum.
727 3286 770 3359 llt
800 3285 962 3361 breviter
988 3292 1093 3381 rogat
1123 3286 1221 3380 quod
1247 3286 1473 3381 providentia
1498 3288 1620 3364 diviua

452 3426 536 3502 quae
561 3405 719 3481 detendit
744 3406 899 3480 Romam
924 3406 973 3480 ab
990 3406 1190 3481 Hannibale
1207 3414 1246 3481 et
1261 3407 1341 3481 aliis
1359 3408 1524 3483 barbaris
1542 3430 1623 3484 me-

451 3526 572 3602 diante
601 3526 738 3601 virtute
762 3533 800 3602 et
826 3526 985 3622 potentia
1017 3526 1202 3621 Scipionis,
1229 3548 1328 3601 nunc
1360 3527 1528 3603 defendat
1560 3550 1625 3604 ec-

451 3646 598 3723 clesiam
625 3667 817 3721 romanam
844 3645 892 3720 ab
917 3646 993 3720 istis
1019 3646 1185 3721 barbaris
1206 3647 1328 3721 avaris
1346 3647 1530 3721 mediante
1548 3648 1624 3723 vir·

452 3774 532 3843 tute
556 3768 726 3863 principis
751 3766 893 3842 romani
920 3766 1045 3861 tutori,
1072 3766 1118 3841 de
1143 3786 1219 3860 quo
1243 3766 1377 3842 ‹liliuse
1403 3766 1540 3841 dictum
1567 3776 1625 3842 est

452 3888 572 3983 primo
597 3887 756 3983 capitulo
773 3886 926 3981 lnlerni3
952 3893 989 3961 et
1015 3888 1084 3961 hoc
1108 3886 1217 3960 tacite
1244 3886 1392 3981 replicat
1416 3886 1476 3962 hic
1500 3894 1621 3961 autor.

452 4008 506 4083 lu
531 4008 675 4083 literam
700 4028 791 4106 ergo
815 4007 900 4083 dicit
919 4013 1049 4082 autor:
1068 4012 1131 4081 llo
1149 4009 1256 4082 tulto
1278 4010 1533 4101 proooideuzc,
1551 4008 1624 4083 sci·

453 4126 547 4219 licet,
581 4125 713 4222 divina,
746 4128 806 4199 cic
839 4128 945 4221 disere
978 4128 1015 4199 lo
1047 4129 1165 4218 pluita
1198 4129 1256 4201 del
1288 4130 1430 4219 mondo,
1459 4128 1550 4203 idest
1570 4119 1621 4222 ('),

452 4248 693 4339 maiestatem,
719 4248 777 4321 vel
803 4248 950 4321 culmen
969 4246 1122 4342 imperii,
1140 4269 1165 4320 a
1184 4253 1310 4341 Romo,
1328 4248 1474 4342 scilicet,
1492 4255 1623 4323 contra
1710 4349 1712 4352 Ι

451 4367 689 4443 Hannibalem
716 4373 753 4442 el
777 4387 875 4461 suos,
900 4388 966 4442 con
992 4370 1120 4459 Scipio,
1138 4367 1241 4462 idest,
1258 4367 1451 4464 prudentia
1474 4375 1511 4443 et
1533 4388 1622 4464 pro-

452 4489 564 4565 bitate
589 4489 713 4587 magni
738 4488 913 4585 Scipionis
938 4488 1107 4583 Africani,
1130 4489 1192 4582 qui
1215 4488 1440 4583 providentia
1465 4509 1532 4563 sua
1559 4508 1622 4565 re·

452 4611 562 4685 traxit
588 4610 825 4685 llannibalem
843 4610 890 4685 de
906 4609 1132 4706 possessione
1148 4608 1270 4703 lutiae,
1289 4614 1327 4683 et
1344 4607 1495 4684 feliciter
1515 4610 1620 4685 illum

449 4729 643 4807 debellavit
677 4730 714 4802 iu
745 4730 877 4823 Africa,
911 4729 1005 4804 sicut
1039 4728 1215 4823 scriptum
1253 4734 1309 4803 est
1345 4728 1480 4804 luterni
1517 4729 1619 4826 capi·

514 4920 541 4982 (¹)
558 4920 587 4969 ll.
604 4931 619 4969 e
635 4920 660 4969 S.
677 4922 784 4983 exposui
802 4921 828 4970 ln
845 4920 958 4970 lnlerno.

513 4995 541 5059 (¹)
557 4995 588 5046 E.
604 4996 669 5047 idest
685 4997 832 5059 impurium,
851 4998 892 5047 rol
908 4996 1076 5055 maiestatem,
1094 4993 1135 5044 rel
1151 4993 1256 5045 culmen
1271 4994 1385 5059 imperit.
