4842 6642
734 871 875 927 caurus
899 870 1117 927 rarousuros
1141 869 1336 944 succubus.
1549 857 1620 924 495

446 1018 493 1093 de
518 1015 835 1115 praedestinatione
859 1014 1020 1090 duorum
1054 1015 1209 1090 fratrum
1240 1014 1499 1110 gemellorum,
1525 1012 1622 1087 scili-

446 1145 506 1213 cet
537 1139 635 1213 Esau
668 1144 706 1212 et
734 1135 858 1232 Jacob,
889 1135 936 1211 de
962 1135 1096 1232 quibus
1121 1135 1207 1211 dicit
1231 1135 1391 1210 Paulus:
1417 1141 1620 1229 antequam

448 1265 690 1335 nascerentur
713 1257 851 1332 dictum
879 1264 953 1332 est:
980 1259 1076 1332 Esau
1103 1257 1187 1333 odio
1212 1256 1336 1350 babui,
1355 1255 1467 1331 Jacob
1492 1262 1619 1331 autem

445 1377 566 1455 dilexi.
592 1379 645 1453 Ad
671 1378 778 1453 cuius
811 1378 927 1452 literae
955 1377 1232 1474 intelligentiam
1258 1383 1314 1452 est
1339 1375 1620 1472 praesciendum,

446 1499 546 1594 quod
583 1499 677 1574 sicut
713 1497 886 1573 scribitur
916 1496 953 1571 iu
978 1497 1122 1593 Genesi,
1153 1498 1254 1572 isaac
1285 1497 1413 1592 genuit
1442 1496 1620 1593 gemellos

446 1641 492 1696 ex
532 1620 710 1715 Rebecca,
746 1618 820 1714 qui*
847 1617 1021 1694 continuo
1060 1618 1097 1692 iu
1135 1625 1243 1693 utero
1279 1617 1407 1692 matris
1441 1617 1622 1693 iaciebant

447 1741 543 1815 inter
567 1761 609 1816 se
634 1739 881 1814 turbationem
907 1745 946 1814 et
970 1729 1269 1814 commotionem.
1296 1738 1399 1813 Unde
1425 1740 1525 1813 isaac
1550 1737 1620 1812 im-

447 1860 603 1957 ploravit
626 1881 649 1934 a
675 1861 752 1936 Deo
777 1858 864 1954 quid
890 1861 960 1934 boc
983 1865 1098 1954 esset3
1116 1859 1177 1934 cui
1199 1877 1416 1955 responsum
1435 1865 1502 1952 est,
1520 1858 1620 1952 quod

447 1981 522 2056 duo
551 1987 805 2074 nascerentur,
820 1981 878 2055 'ex
912 1979 1048 2073 quibus
1081 1978 1346 2053 descenderent
1379 1977 1454 2052 duo
1484 1977 1622 2073 populi,

446 2109 485 2177 et
517 2102 675 2198 populus
709 2102 828 2176 maior
858 2107 955 2176 esset
986 2120 1118 2175 servus
1150 2099 1274 2195 populi
1306 2097 1468 2174 minoris.
1502 2099 1621 2174 Adve-

448 2222 572 2298 niente
604 2229 772 2319 tempore
805 2229 932 2318 partus
969 2221 1084 2297 exivit
1115 2220 1235 2316 primo
1268 2219 1315 2294 de
1350 2226 1457 2295 utero
1473 2212 1511 2314 (¹)
1543 2241 1624 2296 rua-

447 2341 511 2415 tris
542 2342 691 2436 quidam
726 2343 866 2418 rubeus
899 2341 937 2416 in
969 2340 1106 2434 colore,
1131 2339 1192 2414 cui
1226 2358 1362 2413 nomen
1397 2338 1466 2412 luit
1501 2341 1623 2434 Esau3

445 2461 577 2537 deiude
606 2461 756 2558 quidam
778 2483 916 2557 parvus
940 2460 978 2534 in
1002 2461 1127 2535 colore
1144 2459 1262 2556 nigro,
1285 2459 1347 2552 qni
1367 2459 1515 2536 tenebat
1535 2480 1623 2535 cum

447 2602 559 2656 manu
591 2581 721 2678 pedem
748 2582 868 2678 pomi,
893 2579 997 2676 quasi
1023 2579 1181 2656 diceret:
1203 2588 1337 2654 tuuon
1355 2579 1422 2654 ibis
1441 2579 1520 2656 sine
1542 2601 1623 2674 me;

446 2709 485 2778 et
510 2703 569 2778 isti
586 2695 623 2796 (²)
649 2702 782 2777 minori
808 2702 875 2776 luit
899 2721 1036 2777 nomeu
1054 2701 1178 2776 iacob.
1200 2702 1309 2776 Pater
1327 2707 1451 2776 lamen
1468 2702 1551 2796 plus
1567 2701 1623 2776 di·

448 2823 584 2918 ligebat
615 2823 711 2896 Esau
744 2821 1050 2919 primogenitum
1078 2827 1197 2895 mater
1223 2841 1313 2896 vero
1343 2821 1424 2916 plus
1449 2820 1624 2918 diligebat
1710 2800 1720 2822 ⁶

447 2942 577 3017 Jacob:
606 2947 644 3016 et
669 2941 745 3037 ipsa
771 2961 837 3037 per
861 2940 1028 3017 fraudem
1048 2941 1131 3016 iecit
1155 2941 1254 3036 quod
1279 2941 1392 3016 Jacob
1413 2940 1533 3015 minor
1555 2941 1623 3016 ob-

448 3062 557 3137 tinuit
582 3061 871 3138 benedictionem
897 3083 919 3136 a
945 3067 1051 3158 patre
1066 3063 1178 3156 isaac,
1199 3061 1306 3136 cuius
1326 3061 1423 3136 oculi
1443 3062 1625 3158 caligave-

448 3190 532 3258 rant
559 3202 636 3278 prae
660 3182 773 3258 nimia
798 3187 1007 3278 senectute3
1025 3188 1063 3258 et
1080 3183 1138 3257 bic
1154 3182 1267 3258 Jacob
1287 3181 1356 3256 luit
1372 3181 1526 3256 dilectus
1547 3179 1623 3256 li'eo

447 3311 486 3380 et
509 3305 604 3378 Esau
631 3303 790 3399 odiosus,
816 3303 911 3378 siout
935 3303 1112 3399 scriptum
1137 3311 1194 3378 est
1219 3301 1403 3378 Malacbiae
1422 3303 1540 3398 primo
1559 3322 1622 3376 ca-

449 3425 574 3520 pitulo.
600 3424 655 3498 Ad
681 3423 907 3520 propositum
933 3444 1025 3521 ergo
1056 3425 1136 3499 vult
1167 3423 1290 3498 dicere
1319 3429 1447 3498 autor:
1479 3423 1569 3498 Vide
1593 3423 1625 3497 si

446 3546 545 3621 Deus
570 3544 804 3641 praedestinat
825 3543 1004 3640 homines,
1030 3564 1117 3619 cum
1139 3544 1242 3639 prius
1269 3564 1382 3639 quam
1401 3543 1459 3616 isti
1476 3541 1623 3639 gemelli

449 3671 691 3741 nascerentur
717 3685 834 3738 unum
860 3663 997 3757 dilexit,
1022 3663 1137 3737 alium
1163 3663 1248 3737 odio
1278 3663 1414 3738 babuit.
1445 3663 1551 3736 Nunc
1575 3661 1622 3735 ad

448 3785 595 3861 literam
612 3784 699 3861 dicit
716 3784 947 3861 Bernardus:
962 3790 994 3859 Ε
1007 3777 1062 3858 oid
1078 3805 1236 3878 cupresso
1253 3807 1272 3858 e
1287 3787 1409 3858 clrioro
1427 3787 1463 3857 oi
1478 3787 1510 3857 si
1525 3791 1624 3874 nola,

449 3906 553 4001 quasi
578 3907 694 3981 dicat:
730 3907 809 3981 talis
839 3906 992 3981 effectus
1026 3904 1350 4000 predestinationis
1380 3923 1554 4000 expresse
1586 3911 1625 3978 et

448 4028 549 4102 clare
580 4033 756 4123 apparet.
775 4029 869 4101 neda
896 4030 1063 4100 animoa
1090 4032 1206 4118 santa,
1239 4025 1387 4119 scilicet,
1419 4024 1563 4118 Genesi,
1588 4028 1626 4099 ia

449 4149 528 4239 quei
558 4149 711 4240 cernelli,
742 4145 850 4241 idest,
884 4145 1031 4221 duobus
1064 4144 1239 4219 iratribus
1279 4145 1388 4220 simul
1427 4144 1624 4240 conceptis,

448 4266 614 4341 clr’ebber
642 4269 665 4341 l’
677 4270 738 4340 irc
766 4274 940 4341 commota
970 4267 1233 4355 neta-omme,
1263 4265 1410 4358 scilicet,
1445 4264 1481 4337 in
1516 4270 1626 4338 utero

450 4385 577 4461 matris
602 4386 789 4482 Rebeccae,
816 4385 911 4460 sicut
945 4390 1110 4460 notatur
1135 4405 1246 4480 supra
1281 4383 1441 4480 capitulo
1467 4383 1553 4458 Vlll.
1576 4423 1625 4438 —

449 4499 646 4581 rard-llic
671 4506 880 4581 Beruardus
905 4527 953 4581 ex
977 4505 1080 4580 dictis
1109 4504 1267 4580 ostendit
1291 4503 1538 4578 diversitatem
1566 4504 1625 4578 lu·

451 4625 558 4701 minis
579 4645 673 4721 quae.
688 4625 729 4701 lit
753 4625 862 4723 digne
887 4631 926 4701 et
946 4626 1047 4720 juste
1070 4625 1108 4698 iu
1133 4622 1464 4718 istis,sicut.etiam
1484 4623 1626 4698 insede

449 4746 653 4820 secundum
679 4746 822 4821 donum
845 4746 973 4843 gratiae
997 4744 1139 4821 divinae.
1166 4743 1260 4819 llicit
1285 4765 1395 4841 ergo:
1416 4737 1508 4818 l’erd
1533 4745 1627 4819 tci-

513 5008 542 5068 l'l
557 5006 589 5056 E·
604 5006 637 5058 ⁴¹0
653 5011 751 5058 lenire·
1002 5005 1031 5069 (ἰ
1046 5005 1077 5056 R
1093 5010 1121 5056 et
1136 5006 1198 5056 bute
1215 5005 1319 5056 mioorl.
