4842 6642
722 873 861 930 murus
885 876 1102 933 rnroasruus
1119 845 1323 932 'sucuunus
1536 865 1605 932 503

432 1042 480 1097 ex
507 1020 684 1118 opposito,
703 1028 742 1098 et
765 1044 832 1120 per
848 1044 1079 1121 consequens
1096 1025 1134 1101 in
1150 1025 1312 1120 sinistra3
1334 1032 1371 1102 et
1386 1025 1493 1101 dicit:
1513 1031 1609 1100 tuoto

433 1149 595 1217 nonanto
611 1145 650 1216 di
665 1146 782 1217 maur
805 1165 872 1218 run
892 1147 1007 1238 (iptio,
1032 1149 1093 1220 cic
1116 1167 1189 1220 nnn
1215 1165 1337 1220 munau
1353 1148 1482 1238 occlto,
1501 1145 1605 1238 idest,

432 1264 778 1360 contemplationem
788 1257 838 1360 (¹),
846 1287 913 1360 per
924 1275 1052 1340 cnowr
1065 1289 1218 1359 osanna,
1230 1267 1332 1362 quasi
1347 1267 1459 1342 dicat:
1474 1287 1610 1361 quam-

435 1386 489 1458 vis
513 1391 637 1460 cantet
660 1405 747 1460 cum
773 1384 853 1461 aliis
878 1386 993 1462 beatis
1018 1395 1056 1464 et
1081 1389 1222 1484 angelis
1249 1408 1453 1482 numquam
1483 1395 1608 1463 tamen

434 1510 604 1580 removet
628 1497 833 1598 oculuml')
855 1527 878 1581 a
903 1507 1028 1602 Maria,
1046 1509 1084 1582 in
1102 1515 1251 1604 quaest
1272 1508 1390 1583 maior
1410 1508 1609 1602 beatitudo,

433 1646 545 1720 quam
572 1625 610 1699 iu
634 1625 778 1701 caeteris
807 1625 934 1719 beatis,
961 1627 1043 1704 ideo
1058 1618 1096 1722 (ἢ
1131 1629 1265 1704 merito
1295 1633 1539 1704 contentatur.
1567 1629 1616 1701 Et

331 1846 335 1854 ¹
433 1744 554 1820 subdit
578 1745 692 1820 alium
718 1745 887 1841 spiritum
911 1747 959 1823 de
990 1747 1120 1823 ordine
1152 1748 1391 1845 patriciorum
1427 1768 1473 1822 ex
1506 1752 1611 1842 parte

432 1866 562 1941 dextra
579 1865 884 1963 christianorum,
909 1867 1047 1944 scilicet
1071 1868 1236 1962 Luciam,
1254 1889 1366 1962 qnam
1393 1866 1566 1942 describit
1587 1889 1609 1941 a

433 1985 609 2083 singulari
640 1985 819 2061 beneflcio
849 1987 948 2081 quod
978 1989 1133 2063 contulit
1164 1989 1320 2082 autori;‚
1335 1987 1432 2062 unde
1457 1986 1562 2062 dicit:
1590 2008 1609 2060 e

433 2109 539 2180 maa
561 2108 655 2180 dede
677 2113 801 2180 condo
829 2111 869 2180 ol
896 2111 1062 2201 mnqptor
1084 2107 1201 2201 po'dre
1233 2110 1271 2182 di
1300 2109 1477 2202 semipltu,
1505 2105 1609 2200 idest,

434 2250 479 2304 ex
506 2227 671 2324 opposito
695 2227 794 2322 ddae,
820 2227 907 2322 quia
931 2236 988 2303 est
1014 2229 1198 2303 maximus
1223 2227 1495 2324 paterfamilias,
1523 2248 1609 2303 cum

436 2349 542 2424 multi
566 2348 627 2424 alii
652 2348 724 2423 sind
748 2347 1036 2442 patresfamilias.
1064 2350 1108 2423 ut
1132 2348 1236 2423 dicits
1263 2351 1323 2422 cte
1350 2369 1461 2422 mosae
1486 2351 1522 2421 ta
1548 2355 1608 2422 tuo

434 2472 571 2560 ᾱοηηα,
596 2467 699 2561 idest,
726 2487 810 2563 quae
841 2467 952 2543 ania
982 2469 1097 2543 movit
1134 2457 1337 2544 Beatricem
1373 2475 1415 2543 ut
1452 2490 1607 2544 succur-

436 2596 533 2665 reret
554 2589 629 2684 tibi,
646 2589 790 2681 qnando
813 2590 953 2663 clinooi
969 2591 1000 2663 ic
1015 2591 1120 2680 dotto
1137 2611 1161 2662 a
1177 2592 1318 2680 rainer,
1337 2588 1438 2683 idest,
1457 2588 1604 2684 quando

437 2707 659 2783 relabebaris
692 2708 729 2782 in
766 2709 900 2783 vallem
935 2707 1121 2783 vitiorum.
1154 2707 1349 2798 Quomodo
1378 2715 1503 2782 autem
1540 2708 1607 2782 ista

432 2827 546 2902 Lucia
571 2827 756 2902 succurrit
787 2826 910 2903 autori
942 2835 1149 2927 uerueret
1181 2829 1219 2904 iu
1254 2829 1386 2904 vallem
1420 2827 1607 2921 vitiorum,

433 2953 533 3045 patet
564 2949 670 3045 plene
695 2950 725 3022 ll
750 2949 910 3044 capitulo
944 2948 1097 3043 lnlerni3
1132 2955 1170 3024 et
1204 2949 1391 3044 quomodo
1424 2949 1609 3024 succurrit

428 3067 494 3143 sibi
532 3074 575 3142 nt
603 3069 819 3145 ascenderet
845 3075 1008 3144 montem
1039 3069 1243 3166 purgatorii
1272 3069 1318 3144 ad
1351 3069 1607 3165 purgationem

432 3189 620 3285 vitiorum,
659 3190 868 3286 expositum
909 3195 966 3266 est
1007 3191 1108 3265 clare
1144 3189 1221 3264 vlll
1264 3189 1423 3285 capitulo
1464 3192 1610 3286 Purga-

327 3315 330 3318 ’
434 3309 529 3384 lorii.
544 3314 668 3384 -lla
687 3308 858 3404 perctd't
879 3318 1002 3404 tempo.
1030 3311 1096 3385 llic
1122 3310 1252 3385 ultimo
1278 3310 1502 3403 Bernardns,
1523 3311 1612 3405 quia

434 3436 581 3527 tempus
598 3451 671 3504 non
689 3431 826 3526 patitur
844 3437 885 3505 ut
903 3431 1059 3506 ulterius
1076 3453 1117 3506 se
1133 3430 1307 3507 extendat
1325 3432 1361 3505 in
1385 3431 1610 3505 ostendendo

434 3549 582 3646 spiritus
608 3549 767 3626 illustres
788 3551 1125 3647 utriusquepartis,
1143 3550 1328 3626 concludit
1351 3551 1388 3624 in
1414 3551 1509 3625 dicta
1530 3571 1606 3626 ma·

435 3670 540 3764 teria,
557 3677 595 3745 et
614 3669 848 3768 prmdisponit
871 3679 1042 3746 autorem
1068 3670 1115 3745 ad
1142 3669 1335 3744 materiam
1364 3670 1481 3743 ultimi
1508 3671 1609 3766 capi-

435 3789 501 3863 tuli
527 3810 642 3866 causa
667 3791 810 3867 ridendi
838 3790 1004 3866 ultimam
1035 3791 1205 3866 salutern.
1233 3789 1325 3864 llicit
1351 3809 1441 3887 ergo
1466 3791 1607 3866 autori:

435 3916 498 3986 lla
517 3909 681 4005 percti’t
699 3920 811 4006 tempo
823 3915 933 4006 suppo
947 3915 1008 3986 oie
1023 3915 1047 3985 t'
1060 3932 1230 4004 essenon,
1252 3911 1338 4006 quia
1361 3910 1506 4005 scilicet,
1525 3920 1605 4006 post

434 4025 688 4130 longissimum
720 4040 757 4108 et
792 4033 997 4108 maximum
1035 4032 1198 4107 laborem
1238 4038 1275 4106 et
1308 4031 1468 4128 vigiliam
1503 4040 1606 4126 optas

435 4153 639 4248 quiescere,
665 4157 725 4245 qut
750 4157 869 4248 sorem
895 4160 1020 4246 punto,
1054 4151 1158 4246 idest,
1192 4150 1303 4227 tinem
1340 4151 1608 4246 contemplandi

434 4274 591 4369 amplius
616 4273 838 4370 paradisum.
855 4273 902 4346 Et
926 4272 1011 4348 dicit
1028 4293 1094 4368 per
1116 4272 1301 4368 propriam
1320 4271 1605 4368 similitudinem,

433 4413 532 4467 come
548 4394 641 4468 buon
656 4401 798 4467 tortore
812 4397 873 4469 cte
886 4397 928 4488 fo
945 4397 982 4467 to
997 4416 1118 4487 penno
1134 4398 1223 4469 com'
1233 4399 1302 4486 epti
1322 4397 1369 4468 to
1384 4397 1443 4470 det
1463 4415 1614 4488 ponnop

434 4517 529 4591 sicut
553 4515 651 4592 enim
677 4516 797 4589 bouus
822 4521 943 4590 sartor
958 4515 988 4588 si
1006 4517 1116 4591 habet
1137 4517 1296 4591 multum
1315 4517 1361 4590 de
1381 4537 1502 4611 panno
1523 4515 1608 4590 lacit

437 4635 598 4710 tunicam
631 4637 793 4732 amplam
827 4642 865 4710 et
896 4635 1055 4730 longam,
1084 4642 1121 4709 et
1150 4635 1179 4708 si
1217 4637 1326 4710 habet
1358 4657 1489 4731 parum
1526 4636 1610 4711 lacit

436 4775 597 4852 gounaru
627 4755 780 4830 brevem
815 4760 854 4830 et
881 4762 1044 4850 arctam,
1076 4755 1126 4830 ita
1157 4778 1179 4830 a
1210 4755 1332 4850 simili,
1357 4757 1475 4831 honus
1500 4763 1608 4852 poeta
1643 4849 1645 4856 Ι

499 5013 528 5077 (¹)
544 5015 575 5066 lt
591 5017 823 5081 contemplationis.
947 5017 1018 5080 (¹)S.
1034 5016 1133 5069 oculos.
1259 5019 1286 5081 (¹)
1302 5019 1334 5070 lt.
1351 5020 1419 5071 unde
1435 5021 1539 5071 merito.
