4842 6642
460 1274 626 1344 emus
649 1271 882 1339 translatus
906 1271 1102 1353 QUINTUS,
1122 1274 1158 1337 r'n
1179 1294 1239 1357 quo
1262 1279 1419 1340 tractatur
1436 1273 1476 1341 do
1492 1273 1629 1341 meando

739 1385 855 1452 efflato
877 1382 1056 1467 Μαρίου,
1079 1384 1196 1450 sedicet
1217 1385 1257 1450 de
1276 1405 1342 1468 spe.

528 1626 626 1796 Se
649 1725 722 1796 oroi
746 1724 916 1813 conanae
936 1724 998 1796 olo
1019 1723 1046 1794 ’l
1067 1741 1197 1814 poema
1222 1741 1338 1794 mera
1365 1720 1564 1815 Postquam
1591 1719 1628 1794 in

456 1843 676 1942 procedenti
707 1842 867 1940 capitulo
899 1849 1010 1919 autor
1034 1847 1160 1918 noster
1185 1841 1355 1916 tractavit
1385 1848 1424 1918 et
1451 1841 1629 1916 determi-

456 1965 559 2040 navit
587 1964 633 2038 de
664 1964 782 2059 prima
812 1964 948 2038 virtute
983 1963 1199 2060 theologica,
1231 1959 1365 2037 seilicet
1403 1962 1498 2057 lide;
1529 1984 1631 2056 nune

456 2091 724 2179 consequenter
748 2085 786 2160 in
810 2085 879 2160 isto
904 2084 1004 2160 XXV
1025 2084 1184 2178 capitulo
1201 2088 1333 2158 tractat
1351 2089 1388 2158 et
1405 2082 1628 2160 determinat

455 2204 687 2282 desecanda
712 2225 799 2300 que
821 2205 1026 2301 appellatur
1052 2224 1144 2299 spes.
1171 2204 1216 2278 ut
1241 2223 1402 2299 praesens
1424 2205 1630 2300 capitulum

457 2332 575 2420 potest
605 2326 767 2402 breviter
799 2326 908 2402 dividi
938 2326 977 2400 in
1010 2330 1171 2420 quatuor
1202 2330 1323 2420 partes
1348 2326 1559 2422 generales:
1592 2327 1629 2400 in

457 2467 618 2540 qurum
644 2445 763 2542 prima
792 2446 989 2522 introducit
1014 2447 1164 2521 beatum
1190 2447 1368 2520 Iacobum
1398 2447 1631 2521 examinatu-

304 2636 307 2641 .
459 2586 544 2640 rum
571 2566 692 2661 ipsum
716 2566 765 2642 de
787 2588 862 2664 spe.
888 2567 929 2642 ln
960 2566 1120 2642 secunda
1151 2565 1308 2640 lacobus
1341 2565 1425 2639 lacit
1453 2565 1520 2639 sibi
1555 2573 1629 2640 tres

459 2685 653 2780 petitiones
683 2686 782 2764 eirca
815 2687 989 2762 virtutem
1021 2685 1109 2781 spei,
1135 2705 1295 2779 quarum
1333 2705 1446 2758 unam
1480 2685 1625 2759 Beatrix

458 2805 576 2901 solvit,
602 2814 639 2881 et
664 2814 775 2882 autor
800 2807 995 2902 respondet
1031 2806 1077 2880 ad
1105 2806 1196 2879 alias
1227 2804 1333 2897 duas,
1359 2805 1425 2878 ibi:
1457 2809 1628 2880 Ridendo.

457 2925 498 3005 lu
523 2927 629 3002 tertia
655 2928 813 3003 lacobus
838 2927 989 3022 inquirit
1001 2919 1039 3018 (¹)
1065 2926 1114 3000 ab
1138 2931 1271 3001 autore
1296 2925 1394 3001 unde
1420 2927 1541 3002 veniat
1561 2928 1627 3002 sihi

409 3047 414 3054 “
459 3047 538 3122 ltaee
562 3046 694 3140 virtus,
717 3046 788 3121 ibi:
816 3051 929 3122 Corne.
961 3048 1002 3120 ln
1035 3052 1167 3141 quarta
1200 3051 1238 3120 et
1271 3045 1399 3120 ultima
1433 3047 1629 3121 introducit

459 3165 610 3256 tertium
644 3167 848 3262 apostolum
884 3165 1086 3242 iohannem
1122 3165 1424 3241 examinaturum
1458 3187 1547 3242 eum
1583 3167 1630 3244 de

460 3287 570 3363 tertia
593 3287 742 3381 virtute,
766 3286 914 3376 seilicet,
939 3287 1103 3380 caritate,
1130 3287 1198 3360 ibi:
1224 3291 1351 3360 Pescia
1381 3295 1439 3360 tro
1470 3309 1554 3360 esse.
1578 3285 1633 3362 Ad

460 3406 622 3501 primurn
648 3427 739 3504 ergo
764 3407 858 3499 dico,
877 3406 976 3500 quod
994 3406 1031 3480 ln
1049 3406 1166 3502 prima
1185 3414 1289 3501 parte
1308 3413 1419 3481 autor
1436 3406 1632 3484 introducit

461 3527 637 3602 laeobum
664 3529 882 3624 apostolum,
899 3527 964 3621 qui
985 3535 1040 3602 est
1065 3527 1344 3602 examinaturus
1370 3548 1457 3601 eum
1476 3528 1522 3602 de
1548 3517 1631 3624 ¹spe;

460 3650 524 3726 sed
549 3649 670 3745 primo
693 3649 780 3743 quia
798 3655 1023 3724 tractaturus
1043 3654 1099 3724 est
1114 3647 1161 3722 de
1176 3669 1242 3744 spe
1258 3648 1474 3722 continuans
1491 3669 1531 3723 se
1548 3655 1631 3722 tan·

460 3769 514 3866 git
536 3769 674 3862 aliquid
698 3768 745 3843 de
770 3789 839 3844 sua
864 3789 940 3863 spe.
973 3769 1019 3842 Et
1051 3767 1214 3842 brer-iter
1247 3774 1284 3841 et
1312 3768 1528 3842 summatim
1553 3769 1632 3844 vult

463 3890 597 3983 dicere,
614 3890 713 3986 quod
734 3896 857 3985 sperat
880 3910 950 3986 pro
975 3888 1279 3966 remuneratione·
1300 3887 1356 3962 sui
1374 3888 1552 3985 poematis
1571 3909 1632 3962 re-

461 4010 555 4087 uerti
580 4010 815 4103 Florentiam,
831 4017 869 4086 et
889 4010 939 4084 ibi
962 4009 1127 4105 recipere
1143 4009 1310 4084 lauream
1329 4029 1518 4083 corenam.
1536 4009 1633 4083 Con·

461 4139 566 4208 strue
590 4138 628 4207 et
651 4151 795 4226 erpone
820 4129 871 4206 sic
896 4129 1060 4206 literam:
1082 4130 1318 4226 appellantes,
1337 4122 1538 4220 Rdmnerd,
1564 4131 1633 4204 sci-

461 4251 558 4342 lieet,
590 4251 627 4323 in
661 4250 832 4344 patriam,
860 4259 967 4342 poeta
997 4253 1095 4323 omoi
1122 4270 1189 4324 con
1223 4252 1319 4322 oltra
1354 4270 1447 4342 voce,
1486 4249 1632 4343 seilicet,

462 4369 598 4463 belatu,
623 4369 771 4464 scilieet,
798 4370 990 4444 maturiori
1014 4379 1053 4446 et
1077 4370 1298 4467 sapientiori,
1322 4393 1389 4445 eon
1414 4375 1507 4446 altro
1532 4372 1634 4462 vero,

461 4488 562 4582 idest,
589 4490 673 4566 lana
698 4491 758 4566 rel
787 4493 894 4566 lanea
925 4497 1035 4587 veste,
1069 4492 1172 4586 quasi
1204 4492 1323 4568 dieat:
1340 4493 1343 4498 ’
1359 4493 1506 4588 quando
1535 4489 1633 4569 exivi

461 4609 696 4704 Florentiam,
722 4610 818 4687 exiri
844 4631 933 4687 cum
963 4633 1055 4689 voce
1073 4613 1227 4709 juvenili
1259 4620 1296 4688 et
1326 4614 1452 4689 habitu
1479 4611 1633 4710 juveniti

378 4765 382 4779 ,
462 4732 622 4825 superbo
648 4739 685 4806 et
710 4753 826 4826 vau03
852 4753 951 4807 nunc
976 4742 1101 4807 autern
1136 4733 1252 4808 tactus
1282 4755 1393 4810 senex
1425 4742 1462 4810 et
1491 4736 1635 4831 sapiens
1706 4753 1708 4756 ·

480 4989 749 5062 utum.
797 4973 821 5016 ²

597 5100 623 5145 V.
1474 5106 1501 5148 2³
