4842 6642
789 825 860 892 284
1183 837 1387 892 domnorum
1412 835 1577 889 raanursr

786 988 840 1058 cst
865 983 1010 1058 claritas
1036 983 1183 1058 luminis
1208 989 1245 1058 et
1271 980 1471 1077 splendoris
1499 979 1582 1054 mei.
1609 980 1652 1052 Et
1677 979 1736 1054 hic
1753 987 1838 1053 nota
1860 979 1959 1072 quod

784 1123 851 1197 per
878 1103 1001 1178 omnia
1027 1103 1094 1178 ista
1121 1103 1246 1178 verba
1261 1101 1328 1176 iste
1353 1100 1501 1196 spiritus
1527 1097 1601 1174 non
1625 1100 1704 1173 vult
1721 1099 1821 1174 aliud
1838 1099 1960 1177 dicere

786 1222 864 1316 nisi,
890 1223 1058 1316 quamvis
1084 1243 1154 1320 ego
1171 1223 1245 1296 afte
1266 1220 1410 1296 videam
1432 1220 1468 1294 in
1487 1219 1564 1296 Deo
1582 1221 1699 1294 multa
1717 1225 1859 1296 secreta
1881 1219 1960 1294 eius

785 1342 872 1437 quia
898 1344 949 1418 fui
975 1343 1023 1418 ita
1041 1341 1359 1438 contemplativus,
1377 1347 1502 1416 tamen
1522 1340 1655 1434 nescio,
1678 1361 1745 1415 nec
1763 1339 1857 1414 scire
1876 1359 1960 1434 pos·

702 1537 707 1546 ,
785 1483 868 1536 sum
894 1482 1045 1537 causam
1070 1463 1117 1538 de
1143 1483 1218 1557 qua
1234 1455 1270 1554 (¹)
1298 1462 1400 1558 petis.
1427 1461 1471 1538 Et
1496 1460 1596 1556 quod
1622 1461 1689 1535 ista
1722 1459 1767 1534 sit
1798 1459 1877 1535 eius
1902 1459 1960 1533 in-

785 1582 912 1676 tentio,
938 1587 1037 1678 patet
1062 1602 1107 1656 ex
1135 1602 1180 1656 eo
1197 1580 1298 1675 quod
1318 1580 1496 1676 sequitur.
1511 1621 1561 1635 -
1574 1584 1636 1653 Mo
1661 1583 1785 1672 puello.
1806 1579 1870 1653 Hic
1891 1579 1960 1653 Pe·

785 1709 866 1776 trus
900 1701 1111 1797 Damianos,
1144 1701 1239 1776 facta
1271 1701 1338 1777 ista
1372 1699 1706 1797 praesuppositiooe,
1733 1698 1818 1775 facit
1852 1719 1958 1772 suam

786 1821 1073 1916 responsionem,
1087 1828 1124 1897 et
1137 1821 1174 1894 in
1187 1821 1321 1896 effectu
1337 1823 1416 1896 vutt
1433 1821 1566 1916 dicere,
1582 1821 1681 1915 quod
1694 1827 1829 1916 praeter
1840 1819 1958 1895 Deum

785 1943 909 2017 nutius
935 1943 1036 2017 novit
1061 1962 1178 2037 quare
1203 1942 1279 2038 ipsa
1305 1941 1427 2017 anima
1453 1944 1531 2017 sola
1562 1941 1816 2039 praedestinata
1851 1939 1961 2014 fuerit

784 2063 832 2139 ad
848 2062 1058 2136 huiusmodi
1078 2061 1254 2138 odicium.
1273 2062 1314 2135 ln
1334 2083 1478 2136 summa
1500 2062 1577 2136 ruft
1595 2062 1736 2138 dicere:
1756 2061 1821 2135 tux
1838 2059 1959 2134 divina

786 2184 886 2259 venit
899 2203 1010 2279 super
1024 2203 1095 2276 me,
1110 2203 1194 2277 quae
1214 2189 1356 2257 tantum
1374 2182 1508 2257 addidit
1526 2203 1620 2258 meae
1637 2181 1845 2278 cognitioni,
1859 2181 1958 2274 quod

785 2304 885 2398 scivi,
906 2303 1006 2399 quod
1032 2303 1177 2377 volebat
1203 2303 1302 2398 quod
1328 2303 1491 2378 venirem
1510 2303 1557 2377 ad
1575 2310 1621 2378 te.
1641 2301 1743 2378 Unde
1760 2301 1862 2377 dicit:
1882 2306 1958 2392 Mc,

787 2423 1032 2517 nihilominus,
1059 2425 1283 2515 quctfutntu,
1313 2422 1416 2516 idest,
1447 2421 1570 2497 anima
1602 2423 1720 2516 beata,
1746 2423 1806 2495 cde
1834 2417 1896 2514 pid
1928 2425 1960 2494 st

783 2546 928 2617 sotium
944 2547 1003 2617 nel
1017 2546 1115 2634 ciclo,
1129 2542 1232 2636 idest,
1248 2563 1332 2637 quae
1352 2542 1487 2617 clarius
1504 2541 1601 2616 videt
1618 2542 1762 2618 occulta
1775 2542 1851 2637 Dei,
1864 2542 1957 2617 sicut

786 2663 970 2738 iohannes
1003 2662 1174 2758 Baptista,
1211 2662 1268 2737 vel
1303 2663 1544 2760 Evangelista,
1576 2665 1655 2754 poet
1682 2664 1825 2754 serafin,
1857 2661 1959 2754 idest,

667 2845 669 2848 .
787 2784 848 2859 ilfe
866 2784 1028 2881 ‚angelus
1052 2784 1098 2859 de
1123 2782 1242 2878 primo
1268 2782 1396 2858 ordine
1421 2783 1714 2879 seraphinorum,
1744 2783 1804 2855 cte
1828 2785 1865 2855 ’n
1891 2784 1960 2856 Dio

787 2905 833 2977 fta
842 2907 928 2997 fisso
939 2899 1003 2996 pot
1015 2905 1174 2994 torento,
1188 2903 1292 2996 idest,
1307 2902 1369 2998 qui
1392 2904 1605 3000 profundius
1623 2904 1720 2980 videt
1742 2903 1838 2978 intra
1856 2924 1961 2979 meu-

786 3031 862 3098 tem
887 3024 1058 3118 diviuam,
1080 3045 1154 3096 non
1177 3015 1384 3118 soddrssord
1409 3028 1483 3098 ullu
1507 3032 1567 3098 tuo
1592 3027 1775 3117 diruenda,
1802 3023 1894 3100 idest
1908 3016 1958 3118 (²),

786 3148 860 3219 nou
885 3143 1094 3219 satisfacere
1110 3151 1251 3240 posset;
1270 3144 1373 3238 quasi
1391 3143 1506 3220 dicat:
1528 3145 1628 3219 nulla
1648 3145 1772 3246 anima
1793 3145 1960 3240 superior

785 3271 906 3360 posset
931 3264 1140 3341 satisfacere
1166 3265 1240 3360 tibi,
1267 3264 1404 3340 nedum
1438 3285 1519 3362 ego.
1552 3267 1596 3338 Et
1631 3265 1748 3341 reddit
1780 3267 1958 3340 rationem

783 3385 904 3480 huius,
931 3385 1071 3460 dicens:
1092 3378 1184 3480 perd
1208 3389 1268 3460 cte
1294 3388 1374 3478 quet
1395 3389 1454 3459 cte
1475 3388 1584 3460 cdtcdi
1603 3378 1633 3460 si
1652 3389 1836 3478 s'ioottra,
1854 3387 1957 3479 idest,

782 3505 832 3580 ita
849 3504 1105 3602 profundatur,
1118 3509 1198 3580 nctt’
1213 3507 1341 3599 αὺίεεο,
1359 3505 1460 3600 idest,
1475 3505 1719 3601 profunditate
1736 3506 1814 3582 sine
1833 3505 1956 3600 fundo,

782 3627 862 3700 dctt’
874 3633 994 3699 eterno
1018 3633 1158 3718 statuto,
1184 3626 1287 3720 idest,
1314 3626 1451 3701 decreti
1469 3625 1578 3701 divini
1599 3611 1853 3720 ordinamenti‚
1875 3623 1960 3701 cn’e*

781 3749 903 3840 succo,
933 3745 1025 3821 idest
1050 3745 1206 3820 divisum
1233 3753 1270 3823 et
1295 3750 1520 3842 separatum,
1546 3749 1595 3820 do
1615 3747 1700 3837 opni
1719 3749 1808 3820 vista
1824 3753 1956 3838 creatu,

783 3863 887 3958 idest,
913 3865 961 3939 ab
988 3865 1087 3939 omni
1113 3864 1320 3962 cognitione
1345 3870 1528 3963 creaturae
1552 3871 1628 3940 tam
1650 3864 1825 3962 angeticae
1845 3885 1957 3960 quam

785 3988 1078 4061 humanae-E
1100 3994 1145 4060 tu.
1172 3987 1238 4061 Hic
1256 3987 1385 4060 Petrus
1411 3986 1611 4060 Damianus
1636 3986 1798 4082 praecipit
1824 3986 1959 4079 autori,

785 4112 828 4181 ut
852 4106 947 4181 dicat
973 4084 1190 4182 mortalibus
1216 4105 1314 4201 quod
1340 4105 1544 4180 abstineant
1574 4111 1598 4180 a'
1627 4105 1760 4183 talibus
1786 4105 1960 4200 quaestio-

785 4227 913 4321 nibus,
931 4226 1029 4301 unde
1053 4226 1156 4302 dicit:
1184 4232 1215 4299 Ε
1238 4234 1272 4299 tu
1297 4233 1472 4320 rapporto
1501 4233 1630 4320 questo,
1660 4226 1761 4320 idest,
1790 4226 1887 4302 refer
1921 4234 1959 4301 et

785 4348 904 4422 scribe
929 4347 1149 4440 hominibus,
1177 4349 1318 4438 quondo
1336 4354 1371 4420 tu
1387 4349 1479 4421 riedi
1498 4350 1537 4419 ot
1553 4349 1681 4420 mondo
1706 4349 1866 4440 mortale,
1889 4345 1959 4421 sci-

785 4467 878 4564 licet,
898 4486 1074 4563 percurso
1091 4473 1169 4543 toto
1186 4467 1293 4560 cocto,
1312 4473 1349 4542 et
1365 4467 1495 4541 itinere
1514 4478 1578 4542 tuo
1598 4465 1719 4540 finito:
1740 4473 1777 4540 et
1796 4465 1960 4562 assignat
2060 4467 2069 4476 ”

783 4609 947 4682 causam,
972 4587 1112 4664 dicens:
1132 4580 1162 4662 si
1178 4590 1238 4661 cde
1262 4609 1336 4662 non
1357 4608 1560 4680 presumma
1572 4583 1636 4680 piri
1649 4607 1792 4660 annover
1813 4589 1840 4660 o·
1849 4587 1958 4680 piedt,

784 4709 886 4803 idest,
911 4709 1133 4804 affectiones,
1158 4730 1183 4781 o
1207 4717 1305 4784 tuoto
1329 4729 1467 4802 sc9n03
1492 4706 1596 4801 quasi
1622 4707 1736 4782 dicat:
1764 4728 1836 4783 non
1864 4725 1961 4802 prae·

778 4966 783 4988 ⁸
850 4973 878 5036 (¹)
895 4972 926 5024 E.
942 4974 974 5024 de
990 4988 1041 5038 qua
1057 4987 1087 5025 rc
1103 4975 1176 5039 petis.
1326 4971 1353 5036 ζ’)
1370 4973 1400 5023 Ε.
1417 4973 1489 5032 idest,
1508 4987 1559 5024 non
1575 4973 1751 5035 satisfacerem
1767 4973 1839 5038 quasi
1855 4973 1930 5025 dicct.
