4842 6642
956 795 1002 861 to
1345 803 1551 858 connum
1575 802 1743 857 ruunnrsr

951 949 1014 1024 hat
1032 970 1177 1024 moram
1192 942 1231 1042 (¹)
1248 948 1287 1022 iu
1299 947 1463 1043 partibus
1474 945 1707 1022 Lombardiae
1723 945 1909 1041 praecipue
1926 945 1963 1018 in
1980 944 2127 1021 civitate

951 1070 1083 1166 Papiae,
1112 1070 1174 1144 ubi
1201 1066 1248 1145 ab
1276 1089 1351 1143 uno
1376 1089 1423 1144 ex
1449 1069 1653 1144 fautoribus
1678 1064 1891 1142 Theudorici
1916 1065 2125 1163 strangula-

953 1199 1012 1265 tus
1038 1197 1113 1286 est;
1139 1191 1225 1266 alibi
1249 1196 1376 1264 autem
1399 1189 1533 1285 reperii
1555 1188 1654 1283 quod
1675 1188 1713 1261 in
1737 1186 1923 1262 territorio
1950 1184 2127 1260 mediola-

953 1312 1055 1386 nensi
1077 1317 1144 1386 etc.
1164 1313 1303 1385 Tamen
1329 1318 1498 1384 constans
1523 1309 1645 1404 opinio
1670 1316 1727 1383 est
1754 1307 1791 1381 in
1821 1306 1968 1382 ciuitate
1993 1305 2126 1400 rapte,

954 1432 1220 1528 quodquidam
1241 1431 1330 1506 civis
1347 1430 1527 1526 papiensis
1547 1436 1675 1504 contra
1693 1448 1805 1522 quem
1828 1428 1976 1502 Boetius
1991 1418 2028 1518 (²)
2046 1433 2128 1501 erat
2212 1514 2219 1529 ·

953 1553 1153 1629 advocatus
1185 1550 1366 1626 interiecit
1398 1571 1497 1625 eum.
1531 1550 1637 1624 Nunc
1671 1569 1762 1644 ergo
1791 1548 1837 1622 ad
1871 1547 2016 1621 literam
2040 1546 2127 1621 dicit

954 1673 1132 1747 Thomas:
1160 1676 1210 1744 Lo
1244 1693 1353 1764 corpo
1387 1673 1470 1743 oud’
1482 1673 1551 1744 eliu
1580 1673 1621 1764 [u
1654 1671 1823 1759 cordato,
1847 1667 1951 1761 idest,
1978 1687 2023 1742 ex
2051 1686 2126 1760 quo

952 1791 1131 1867 violenter
1161 1791 1230 1865 luit
1266 1791 1418 1886 expulsa
1449 1790 1526 1885 ipsa
1563 1789 1686 1863 anima
1721 1793 1846 1861 sancta
1871 1786 1998 1880 Boetii,
2029 1789 2127 1878 mooe

951 1917 1065 2006 pium,
1093 1912 1196 2005 idest,
1223 1911 1409 2007 sepultum
1434 1917 1490 1987 est
1515 1911 1551 1984 in
1578 1909 1729 2002 mundo,
1746 1913 1784 1982 io
1805 1911 2002 2000 Cielduuro
2023 1907 2127 2000 idest,

953 2033 990 2106 in
1016 2033 1239 2109 monasterio
1265 2032 1366 2127 quod
1391 2031 1596 2127 appellatur
1627 2031 1764 2106 coelum
1790 2050 1964 2123 aureum,
1989 2030 2026 2103 in
2052 2049 2127 2123 quo

954 2153 1102 2248 quidem
1131 2154 1353 2227 monasterio
1386 2158 1442 2226 cst
1472 2150 1581 2226 etiam
1617 2171 1751 2246 corpus
1776 2150 1973 2226 beatissimi
1998 2150 2129 2245 dugu-

957 2272 1038 2347 stlni
1065 2273 1100 2346 in
1127 2272 1274 2346 civitate
1298 2271 1429 2366 Papiae‚
1449 2292 1533 2365 quae
1554 2271 1642 2345 olim
1659 2271 1912 2366 appellabatur
1929 2269 2074 2344 Ticinus
2087 2259 2126 2361 (³)

954 2415 977 2468 a
1003 2393 1152 2468 nomine
1177 2392 1358 2488 perspicui
1385 2392 1556 2486 lluminis,
1574 2411 1686 2486 super
1702 2412 1778 2486 quo
1803 2392 1871 2466 sita
1896 2398 1975 2466 est:
2001 2398 2126 2486 postea

954 2519 1081 2589 autem
1107 2513 1201 2588 dicta
1227 2521 1283 2587 est
1308 2512 1430 2608 Papia,
1463 2512 1556 2586 idest
1586 2512 1819 2586 admirabilis.
1856 2513 1900 2586 Et
1931 2511 2072 2585 subdit:
2098 2517 2132 2583 et

954 2652 1044 2724 essu,
1070 2631 1218 2725 scilicet,
1243 2632 1367 2706 anima
1392 2632 1459 2707 istu
1476 2632 1603 2726 Boetii,
1626 2654 1734 2707 oenoe
1758 2655 1783 2706 u
1808 2641 1927 2724 questo
1940 2653 2041 2726 poce,
2058 2630 2129 2706 sci-

954 2751 1049 2847 licet,
1074 2759 1266 2843 aeternam,
1291 2755 1341 2826 du
1365 2756 1516 2825 martiro
1541 2773 1561 2824 e
1584 2755 1634 2826 do
1659 2755 1767 2845 csilio,
1793 2753 1879 2847 quia
1906 2773 1972 2847 pro
1987 2750 2128 2848 justitia

955 2879 992 2948 et
1011 2873 1183 2947 libertate
1209 2893 1329 2966 usque
1353 2872 1400 2947 ad
1427 2881 1586 2966 mortem
1613 2875 1800 2970 pugnavit.
1823 2874 1868 2947 lit
1885 2874 2002 2949 utitur
2018 2878 2128 2947 autor

955 2992 1084 3068 ordine
1100 2999 1340 3087 prepostero:
1355 2993 1474 3087 primo
1491 2994 1590 3067 enim
1608 2993 1725 3090 tangit
1741 2994 1981 3090 sepulturam,
1999 2990 2130 3066 deinde

956 3119 1128 3208 mortem,
1148 3112 1277 3186 ultimo
1298 3113 1474 3208 exilium;
1493 3121 1618 3188 tauma
1635 3115 1737 3209 prius
1755 3115 1821 3188 luit
1842 3113 2006 3207 erilium,
2024 3112 2128 3188 deiu-

954 3234 1001 3309 de
1026 3255 1139 3328 mors,
1177 3234 1288 3310 tertio
1312 3235 1513 3330 sepultura.
1527 3275 1578 3288 —
1598 3239 1680 3309 Vedi
1702 3239 1800 3309 ottre.
1837 3234 1902 3310 llic
1926 3242 2036 3310 autor
2060 3234 2127 3310 de·

954 3353 1078 3428 scribit
1104 3360 1179 3430 tres
1204 3355 1347 3429 animas
1378 3361 1522 3429 sanctas
1551 3355 1662 3429 simul
1692 3355 1806 3429 trium
1839 3355 2058 3446 doctorum:
2091 3359 2130 3428 et

955 3475 1073 3570 primo
1105 3474 1244 3569 Isidori,
1277 3476 1439 3550 secundo
1456 3463 1586 3569 bedae,
1617 3475 1726 3552 tertio
1760 3476 1940 3574 Richardi.
1972 3476 2130 3551 isidorus

954 3597 1023 3671 luit
1047 3596 1221 3693 hispanus
1252 3597 1443 3694 episcopus
1468 3598 1692 3693 hispalensis,
1717 3597 1837 3672 bonus
1863 3598 1985 3690 homo,
2012 3598 2130 3672 multa

956 3717 1105 3813 scripsit.
1132 3717 1230 3793 Beda
1252 3718 1320 3791 luit
1339 3719 1510 3792 sacerdos
1527 3718 1692 3814 anglicus
1709 3726 1747 3792 et
1762 3718 1966 3814 appellatur
1983 3738 2129 3814 semper

955 3837 1183 3932 venerahilis,
1200 3837 1370 3931 quamvis
1394 3838 1647 3932 canonizatum
1665 3839 1764 3932 quod
1790 3859 1927 3913 nomen
1952 3839 2128 3933 scriptum

955 3962 1011 4030 est
1035 3956 1083 4031 ab
1108 3956 1247 4054 Angelo
1279 3958 1317 4031 in
1345 3957 1426 4033 eius
1455 3959 1657 4053 sepultura.
1684 3958 1753 4031 Diu
1784 3957 1886 4052 vixit,
1911 3957 2129 4052 adeoquod

955 4078 1034 4154 eius
1064 4078 1161 4152 oculi
1187 4078 1300 4153 nimia
1326 4083 1515 4153 senectute
1540 4079 1792 4175 caligaverunt
1821 4085 1891 4154 etc.
1926 4077 2130 4154 bichardus

955 4199 1023 4273 luit
1048 4201 1252 4274 monachus
1278 4199 1392 4273 irater
1416 4199 1580 4296 lingonis
1596 4199 1643 4274 de
1662 4206 1788 4274 sancto
1809 4199 1968 4292 Victore,
1986 4199 2034 4275 de
2053 4220 2130 4294 quo

954 4319 1096 4394 dicetur
1114 4319 1278 4394 inferiori
1296 4319 1466 4415 capitulo.
1484 4319 1538 4394 Ad
1556 4321 1700 4394 literam
1726 4340 1829 4417 ergo,
1846 4319 1931 4394 dicit
1947 4320 2128 4395 Thomas:

961 4443 1042 4512 Vedt
1074 4443 1163 4513 ottre
1188 4442 1450 4532 fiomnreppior,
1472 4438 1575 4533 idest,
1601 4439 1795 4534 splendere
1818 4447 1900 4536 post
1924 4440 2127 4536 predictos,

954 4561 1133 4633 rudente
1165 4563 1277 4653 spiro,
1310 4559 1461 4653 scilicet,
1498 4579 1629 4634 umore
1660 4559 1795 4654 divino,
1829 4563 1864 4633 d’
1877 4563 2031 4651 isidoro,
2064 4561 2128 4655 qui

955 4680 1038 4757 iecit
1057 4679 1192 4755 librum
1219 4679 1266 4755 de
1290 4701 1439 4754 summo
1457 4680 1553 4755 bono
1571 4680 1666 4754 inter
1687 4680 1778 4756 alios
1796 4681 1943 4774 multos,
1959 4684 1998 4755 di
2014 4683 2124 4774 Beda,

1018 4870 1044 4932 (¹)
1061 4870 1092 4920 Ε.
1109 4869 1463 4932 moramincivitatel’aploe,
1472 4870 1601 4932 precipue
1613 4870 1753 4920 intersitas
1762 4869 2025 4934 partesbonrhordto,
2035 4869 2079 4919 ubl
2089 4869 2129 4918 ah.

1019 4945 1046 5006 (¹)
1062 4946 1093 4996 E.
1110 4945 1215 4996 Boetius
1231 4947 1286 5012 ipss
1299 4951 1365 4997 orat
1553 4943 1581 5008 (Ἴ
1598 4947 1629 4997 Ε.
1645 4947 1755 4999 Tiotnla.
