4842 6642
761 872 899 928 murus
923 874 1137 930 reteneamus
1161 875 1305 930 smnus.
1543 863 1614 930 481

446 1018 562 1094 electe
586 1024 623 1094 et
648 1016 778 1094 dilecte
801 1041 824 1094 a
850 1020 939 1111 lieo,
956 1041 1024 1114 per
1043 1019 1149 1096 cuius
1172 1021 1330 1118 gratiam
1358 1028 1397 1095 tu
1424 1021 1615 1096 ascendisti

445 1138 492 1214 ad
516 1146 593 1213 tam
618 1139 730 1214 altam
756 1137 946 1236 visionem,
972 1149 1091 1233 puncto
1113 1161 1209 1216 esser
1228 1141 1537 1234 piocondo,idest,
1559 1163 1618 1216 es-

444 1259 561 1335 sentia
585 1266 623 1335 et
646 1265 763 1335 status
787 1259 892 1336 istius
917 1261 1021 1357 regni
1044 1261 1224 1358 gaudiosi,
1249 1283 1321 1335 non
1353 1265 1378 1335 ti
1404 1252 1493 1336 sord
1519 1271 1615 1354 noto,

444 1379 546 1472 idest,
580 1401 652 1456 non
686 1379 747 1456 fiet
778 1381 841 1456 tibi
875 1381 1122 1474 menifestum,
1155 1385 1302 1456 suendo
1335 1386 1386 1474 pli
1419 1386 1527 1484 oceli¹
1543 1404 1616 1477 pur

444 1505 638 1594 pucppiuso
653 1504 693 1575 ot
710 1504 834 1595 fondo,
851 1501 953 1596 idest,
972 1501 1198 1598 respiciendo
1223 1510 1261 1578 et
1286 1503 1507 1598 speculando
1533 1511 1616 1578 tan-

446 1615 572 1715 tam(¹)
604 1622 778 1698 familiam
811 1622 1023 1698 interiorem
1057 1624 1166 1699 huius
1198 1625 1331 1720 curiam
1358 1627 1462 1730 quasi
1494 1626 1613 1701 dicat:

446 1765 520 1820 nou
552 1743 723 1839 respicias
741 1748 899 1818 tantum
935 1763 997 1818 me
1024 1751 1063 1819 et
1090 1744 1184 1852 alios
1213 1747 1514 1842 contemplantes,
1550 1747 1615 1822 sed

443 1870 589 1960 oportet
605 1869 643 1938 te
663 1862 864 1939 ascendere
889 1868 1033 1938 tanturn
1059 1884 1146 1938 cum
1173 1865 1255 1940 unu
1279 1865 1380 1960 quod
1403 1867 1526 1942 videas
1551 1888 1613 1942 re-

444 1985 569 2081 ginam
595 1983 864 2059 serenissimam
890 1990 928 2057 et
954 1982 1233 2058 illustrissimam
1259 1985 1369 2062 huius
1395 1987 1511 2083 regui,
1530 2007 1615 2080 quae

444 2103 611 2182 ostendet
634 2103 697 2177 tibi
729 2121 869 2199 regem,
904 2102 950 2176 ad
976 2123 1091 2196 quem
1118 2104 1314 2180 videndum
1350 2111 1389 2182 tu
1423 2105 1613 2182 ascendisti

444 2222 726 2300 laboriosissime
742 2214 779 2314 θ)
807 2222 903 2297 istud
929 2243 1099 2320 regnum.
1118 2224 1220 2300 Unde
1237 2225 1379 2300 subdit:
1398 2247 1457 2300 mu
1472 2229 1616 2319 puordc

443 2349 458 2416 i
479 2345 605 2435 oerclt,
626 2342 728 2437 idest,
749 2341 887 2438 gradus
911 2350 950 2420 et
974 2342 1079 2419 sedes
1097 2343 1296 2420 circulares
1314 2344 1485 2420 loliorum
1509 2366 1613 2440 rosae,

443 2464 482 2538 in
507 2463 641 2557 quibus
666 2469 752 2538 sunt
784 2462 918 2539 animae
943 2463 1150 2558 beatorum,
1174 2467 1285 2557 elfino
1317 2468 1357 2539 ot
1380 2462 1443 2558 pst
1467 2475 1615 2556 recocto,

443 2583 544 2679 idest,
557 2584 605 2658 ad
621 2600 840 2679 supremum
864 2583 1025 2680 gradum
1044 2585 1181 2682 reginae
1196 2576 1246 2677 (³).
1265 2585 1368 2661 Unde
1387 2586 1491 2664 dicit:
1513 2595 1611 2662 tortto

428 2707 503 2778 *cle
528 2707 630 2796 oeppi
651 2707 753 2780 seder
782 2707 819 2778 lc
848 2708 986 2798 reputo,
1012 2709 1070 2779 cui
1099 2713 1218 2800 promto
1245 2727 1357 2798 repoc
1387 2705 1569 2784 dsuddito
1594 2732 1613 2782 e

442 2827 576 2900 ecco.
589 2830 694 2900 -lo
713 2828 814 2900 leoni.
841 2825 907 2900 llic
929 2831 1039 2901 autor
1061 2827 1220 2904 ostendit
1236 2828 1422 2922 quomodo
1444 2829 1613 2904 admoui·-

442 2951 504 3022 tus
522 2967 547 3022 a
563 2946 751 3022 Bernardo
771 2945 932 3022 erexerit
953 2945 1072 3020 veum
1099 2954 1136 3022 et
1162 2946 1290 3024 viderit
1317 2948 1441 3025 sedem
1464 2948 1614 3046 reginae,

436 3079 556 3161 *quam
581 3067 752 3144 describit
777 3087 844 3162 per
869 3087 982 3142 unam
1001 3066 1161 3143 nobilem
1179 3067 1615 3163 comparationemque

445 3189 604 3266 breviter
628 3195 700 3265 stat
725 3188 761 3264 in
787 3190 876 3264 lroc:
902 3193 1042 3282 quanto
1067 3187 1105 3263 in
1130 3189 1305 3284 principio
1325 3188 1408 3282 diei,
1429 3196 1512 3266 orto
1531 3188 1610 3283 iam

443 3312 530 3405 sole,
550 3331 635 3406 pars
660 3309 846 3385 orientalis
870 3315 926 3384 est
950 3308 1084 3384 omrior
1101 3330 1215 3404 quam
1231 3308 1486 3403 occidentalis3
1513 3316 1614 3384 tanto

444 3431 548 3506 sedes
570 3430 631 3504 illa
656 3429 778 3504 llariae
802 3435 885 3505 erat
908 3427 1043 3505 clarior
1068 3429 1220 3506 ceteris.
1242 3430 1348 3504 Nunc
1373 3436 1547 3504 construe
1562 3427 1614 3503 sic

444 3551 607 3625 literam:
633 3554 674 3624 lo
698 3552 789 3624 tcta
810 3551 862 3641 pli
883 3551 992 3640 cocti,
1011 3549 1159 3642 scilicet,
1184 3549 1459 3642 intellectuales,
1476 3571 1496 3622 e
1511 3553 1614 3640 pomi

443 3671 613 3744 Μαάθ
644 3671 682 3744 di
714 3671 804 3743 ualle
836 3689 861 3742 c
891 3675 1005 3744 monle
1038 3689 1105 3744 con
1134 3671 1186 3759 pti
1215 3671 1323 3762 occlti,
1360 3668 1465 3763 quasi
1497 3668 1610 3744 dicat:

343 3787 353 3812 ²
442 3789 671 3864 ascendendo
694 3809 782 3863 cum
809 3788 1056 3884 speculatione
1071 3789 1120 3864 ab
1140 3789 1216 3863 imo
1232 3789 1280 3862 ad
1296 3807 1486 3864 summum
1507 3808 1609 3883 rose,

444 3911 514 3984 uidi
535 3915 650 4002 purte,
677 3908 823 4001 scilicet,
849 3929 962 3984 unam
987 3908 1162 4003 aliquam,
1181 3911 1274 3982 netto
1298 3915 1442 4000 soemo,
1461 3908 1608 4004 scilicet,

441 4029 527 4122 alto,
553 4028 616 4102 ubi
636 4037 716 4104 erat
732 4029 840 4104 beata
863 4028 985 4124 Virgo,
1002 4031 1121 4104 uincor
1136 4031 1174 4102 n·
1190 4030 1292 4120 wine,
1310 4027 1413 4123 idest,
1432 4027 1608 4124 claritate,

441 4156 526 4224 tutto
551 4150 573 4222 t
585 4152 681 4224 mdc
705 4152 837 4242 fronte,
871 4147 975 4241 idest,
1004 4154 1117 4224 totam
1147 4147 1260 4223 aliam
1292 4147 1422 4224 isdem
1457 4168 1610 4242 roste,a

441 4268 559 4363 emili,
591 4262 665 4343 cosi
687 4289 785 4342 coste
812 4271 850 4342 tc
874 4275 982 4360 purte
1009 4271 1160 4343 miattcl
1183 4269 1261 4342 dell'
1275 4271 1458 4343 osizzoote
1488 4289 1611 4343 sow-

440 4392 530 4484 cttc,
556 4388 660 4484 idest,
685 4397 835 4484 superat
858 4377 947 4480 etl‘)
975 4388 1096 4483 vincit,
1120 4392 1171 4465 dc
1195 4391 1355 4477 mltum
1382 4388 1531 4484 quaudo
1557 4389 1610 4463 sol

440 4510 599 4587 ascendit
614 4508 878 4605 hemisperium
896 4515 1078 4602 nostrum,
1095 4511 1210 4600 puella
1226 4510 1315 4582 done
1332 4511 1358 4581 'l
1380 4510 1436 4581 sot
1457 4508 1609 4599 declino,

440 4630 544 4724 idest,
569 4636 711 4726 partem
735 4629 1012 4724 occidentalem,
1030 4628 1093 4704 ubi
1109 4628 1164 4703 sol
1180 4629 1265 4704 iacit
1286 4649 1394 4704 suum
1422 4647 1607 4704 occasum.

440 4752 484 4825 Et
508 4751 567 4826 lric
593 4750 674 4826 ride
699 4754 881 4845 quantum
900 4767 1060 4843 presens
1075 4749 1303 4843 comparatio
1323 4749 1369 4823 sit
1388 4747 1609 4824 declarativa

501 4939 529 5000 (¹)
545 4938 576 4988 lt.
592 4943 701 4988 mutum.
1019 4934 1048 4999 (¹)
1064 4936 1095 4986 lt.
1113 4937 1251 4987 laboriose.

502 5015 530 5078 t'l
544 5016 571 5067 S·
587 5016 673 5080 ruta.
1019 5013 1049 5075 (⁵)
1065 5013 1095 5064 lt.
1112 5018 1139 5063 et
1156 5013 1234 5064 ctiam
1250 5014 1338 5064 vincit.

573 5119 601 5165 V.
1452 5121 1476 5162 st
