4842 6642
767 857 905 913 caurus
930 859 1123 915 mansimus
1146 859 1307 913 rannus·
1548 848 1618 916 317

448 1001 488 1077 in
512 1000 757 1098 pulcritudine
780 1003 873 1080 lucis
897 1009 935 1079 et
959 1005 1104 1097 laetitiae,
1121 1004 1159 1078 in
1179 1011 1323 1079 tantum
1345 1004 1442 1097 qtrod
1458 1005 1537 1100 jam
1556 1003 1621 1080 de·

448 1123 559 1198 sierat
574 1143 681 1218 posse
692 1124 849 1224 amplius
862 1123 989 1200 ridere
1006 1129 1146 1198 tantam
1164 1123 1465 1220 pulcritudinem3
1483 1133 1622 1221 quanto

449 1244 577 1320 lortius
593 1244 652 1319 bic
671 1245 732 1319 ubi
751 1251 826 1320 tota
846 1245 962 1320 virtus
979 1252 1017 1320 et
1034 1244 1221 1320 intluantia
1239 1245 1468 1341 planetarum
1496 1253 1621 1322 osten-

448 1366 606 1442 debatur
631 1365 741 1440 simul
766 1372 979 1462 aggregata.
1124 1432 1129 1438 .

527 1490 637 1576 Quale
663 1490 721 1561 net
746 1489 938 1579 placitanti.
970 1489 1040 1562 lsta
1073 1495 1128 1562 est
1158 1487 1320 1564 secunda
1350 1508 1433 1584 pars
1462 1509 1621 1586 genara-

431 1653 434 1659 <
451 1607 493 1682 lis
509 1601 560 1703 (¹),
574 1607 610 1682 in
624 1629 697 1703 qua
711 1615 821 1683 autur
837 1608 1008 1684 describit
1025 1608 1157 1684 ducem
1174 1615 1212 1684 et
1229 1602 1487 1704 imperatorem
1511 1610 1620 1684 buius

451 1728 636 1804 exercitus
653 1749 719 1824 per
738 1749 848 1804 unam
868 1729 1179 1825 comparationem
1198 1729 1457 1825 pulcerrimum
1476 1737 1515 1806 et
1532 1751 1619 1826 pro-

381 1878 384 1884 ·
450 1847 578 1944 priam.
606 1849 648 1922 Et
673 1848 835 1924 breviter
859 1848 964 1923 dicit:
989 1848 1085 1923 sicut
1109 1849 1196 1923 luna
1215 1869 1301 1923 cum
1322 1855 1376 1924 est
1397 1849 1503 1944 plena
1523 1856 1619 1926 tem-

450 1989 540 2064 pore
564 1987 697 2044 sereno
722 1967 998 2064 supersplendet
1032 1968 1127 2043 inter
1158 1974 1293 2043 caetera
1328 1967 1458 2062 sidera,
1484 1969 1533 2044 ita
1571 1969 1619 2044 ibi

449 2088 537 2163 vidit
561 2111 679 2163 unum
705 2089 821 2164 sulam
846 2089 1173 2184 splendidissimum
1200 2089 1264 2182 qui
1290 2088 1429 2164 lumine
1457 2109 1526 2164 suo
1557 2109 1620 2165 ac-

448 2209 625 2287 cendebat
649 2231 779 2285 omnes
803 2209 881 2284 illas
906 2209 1048 2285 animas
1073 2216 1264 2304 tamquam
1296 2211 1418 2285 stellas
1444 2211 1618 2285 lucentes.

449 2332 554 2406 Nunc
570 2329 698 2405 ordina
714 2329 767 2404 sic
783 2329 926 2405 literam
944 2337 982 2405 et
998 2341 1162 2425 expone:
1188 2333 1302 2404 th'to
1318 2352 1367 2404 un
1385 2334 1452 2422 sot,
1470 2330 1619 2424 scilicet,

403 2463 409 2477 ·
448 2449 644 2543 Christum,
661 2470 772 2544 sopra
788 2452 945 2543 miptiata
959 2451 998 2523 di
1012 2452 1164 2541 uram,
1189 2449 1291 2543 idest,
1310 2471 1421 2547 super
1441 2471 1619 2527 numeru-

451 2592 528 2646 sam
556 2570 828 2645 multitudinem
854 2570 1000 2645 illarum
1025 2570 1236 2646 animarum
1262 2569 1454 2648 beatarum
1485 2572 1619 2648 arden-

449 2691 543 2766 tium
569 2689 628 2784 ibi,
654 2700 692 2768 et
717 2688 970 2786 recipientium
994 2711 1104 2764 suum
1131 2691 1303 2766 ardorem
1327 2697 1363 2766 et
1386 2691 1615 2787 splendorem

449 2810 607 2905 desuper
631 2830 654 2884 a
679 2809 819 2884 lumine
844 2809 939 2884 illius
955 2811 1059 2905 solis,
1077 2811 1176 2887 unde
1195 2811 1293 2905 dicit,
1309 2813 1369 2884 cte
1388 2817 1467 2886 tutte
1492 2818 1619 2904 quante

449 2933 678 3005 taccendevu
704 2952 725 3005 a
752 2929 1054 3026 similitunem
1085 2934 1257 3006 docebo
1289 2936 1320 3006 te
1351 2934 1433 3006 vista
1456 2953 1617 3026 superne,

448 3051 550 3146 idest,
577 3051 671 3126 sicut
695 3057 820 3126 noster
844 3051 898 3125 sol
928 3051 1104 3126 sensibilis
1135 3051 1317 3126 illuminat
1345 3051 1468 3128 omnia
1498 3051 1617 3146 sidera

449 3179 485 3248 et
499 3193 667 3268 corpora
684 3171 865 3266 caelestia,
892 3173 951 3246 rel
967 3171 1062 3247 sicut
1086 3172 1141 3246 sol
1166 3171 1347 3248 illuminat
1371 3179 1510 3268 septem
1537 3193 1619 3268 spe

451 3313 510 3367 ras
534 3292 784 3388 planetarum,
809 3291 860 3366 ita
881 3291 1045 3367 Christus
1060 3293 1119 3368 bic
1135 3277 1277 3390 septem
1296 3292 1393 3369 acies
1409 3292 1617 3368 animarum

450 3413 643 3488 beatarum
669 3417 912 3506 sequutarum
936 3413 1143 3489 intluentias
1160 3422 1300 3509 septem
1319 3415 1562 3510 planetarum,
1583 3420 1620 3488 et

449 3533 568 3608 omnis
592 3532 690 3609 acies
714 3539 796 3608 erat
820 3533 927 3609 valde
951 3555 1162 3628 numerosa,
1189 3535 1271 3610 ideo
1296 3535 1391 3612 bene
1417 3535 1526 3610 dicit:
1553 3539 1619 3608 mt-
1719 3619 1723 3625 ,

449 3656 572 3748 plaia,
600 3651 686 3748 qnia
720 3652 868 3728 infinita.
897 3653 939 3727 Et
973 3653 1095 3729 subdit
1126 3655 1225 3749 quod
1250 3655 1339 3730 vidit
1367 3655 1471 3728 illum
1503 3655 1617 3730 solem

450 3773 612 3848 divinum
631 3773 754 3867 talem,
767 3776 853 3865 puel
872 3775 1005 3867 muta,
1017 3771 1120 3866 idest,
1134 3774 1249 3869 Luna,
1268 3795 1354 3869 qnae
1371 3773 1452 3849 ideo
1465 3780 1619 3868 vocatur

450 3892 604 3967 Triviae
623 3893 739 3966 tribus
752 3892 949 3968 virtutibus
965 3893 1043 3968 sire
1060 3895 1298 3989 potestatibus
1315 3895 1411 3987 eius3
1428 3894 1525 3970 unde
1538 3915 1618 3970 sor·

453 4013 541 4087 titur
555 4012 700 4088 diuersa
724 4014 886 4107 nomina,
902 4014 1048 4109 scilicet,
1066 4016 1181 4109 Luna,
1196 4015 1309 4091 Diana
1328 4023 1365 4091 et
1382 4015 1618 4112 Proserpina,

452 4133 509 4208 vel
534 4138 682 4240 propter
700 4132 769 4207 tria
786 4141 953 4229 tempora
973 4135 1064 4229 eius,
1081 4134 1228 4230 scilicet,
1246 4135 1527 4231 incrementum,
1544 4142 1618 4212 sta·

453 4260 531 4327 tum
557 4260 596 4328 et
620 4253 912 4348 diminutionem,
937 4258 1028 4346 ride,
1053 4255 1145 4331 idest
1168 4255 1343 4352 splendet,
1374 4263 1433 4331 tra
1464 4259 1496 4330 le
1524 4259 1619 4352 muse

449 4380 577 4466 eme,
602 4373 705 4469 idest,
731 4375 827 4457 inter
851 4377 973 4452 stellas
993 4398 1085 4471 quas
1101 4383 1211 4452 autor
1229 4377 1370 4472 poetice
1388 4385 1494 4453 vocat
1511 4400 1618 4474 nym-

452 4495 554 4590 pbas,
578 4492 681 4588 idest,
707 4495 805 4591 deas,
832 4506 982 4592 propter
1011 4497 1183 4571 virtutem
1220 4516 1351 4572 earum
1387 4516 1471 4592 quar
1499 4497 1618 4573 diuina

453 4621 618 4690 vocatur.
644 4615 747 4690 Unde
772 4614 874 4690 dicit:
899 4619 960 4689 clre
983 4619 1151 4710 ἀίρίηῃοη
1176 4620 1212 4691 lo
1237 4619 1301 4691 ciet
1319 4638 1387 4710 per
1412 4619 1487 4691 tutti
1505 4620 1620 4710 irad,

449 4732 552 4828 idest,
576 4753 663 4827 quae
687 4735 801 4810 stellae
825 4735 1007 4810 adornant
1029 4735 1165 4811 coelnm
1193 4755 1259 4831 per
1285 4755 1413 4810 omnes
1434 4741 1560 4830 partes
1583 4746 1620 4812 et

512 4992 541 5054 i⁸l
556 4991 587 5044 B·
603 4993 731 5056 uuaerrltu
745 4995 823 5046 batus
837 4993 954 5058 capituli,
969 4995 996 5045 tu
1011 5007 1071 5058 qun
