4842 6642
735 854 875 909 caurus
899 855 1116 910 rnroesruus
1140 855 1285 910 ramus
1526 843 1596 910 477

422 999 527 1076 dicit:
545 1021 566 1072 c
585 1001 645 1072 cite
663 1002 811 1092 soffristi
826 1001 959 1074 tuscior
975 1003 1007 1073 lc
1023 1008 1079 1074 tare
1094 1003 1233 1092 vestim,
1254 999 1400 1094 scilicet,
1422 997 1596 1091 verbalia,

422 1139 499 1194 non
524 1119 797 1215 corporalium
819 1122 974 1214 inferno,
993 1119 1128 1196 scilicet
1144 1120 1293 1216 quando
1318 1119 1533 1195 descendisti
1550 1117 1598 1193 ad

422 1239 626 1338 Virgilium,
654 1246 696 1313 ut
721 1239 884 1314 babitum
912 1248 969 1316 est
992 1241 1153 1317 secundo
1177 1241 1338 1336 capi-tulo
1363 1241 1511 1335 Inferni,
1533 1239 1598 1315 ubi

422 1361 530 1436 dixit:
552 1363 720 1436 Ourima
736 1369 868 1434 cortese
883 1369 1099 1436 mootooono
1115 1369 1185 1437 etc.
1200 1363 1243 1436 lit
1262 1362 1363 1437 dicit:
1383 1383 1449 1456 per
1466 1365 1502 1436 lo
1524 1365 1597 1436 urio

423 1486 546 1574 soloe,
571 1481 659 1576 quia
685 1481 821 1557 scilicet
844 1481 892 1558 ad
916 1483 1072 1558 salutem
1100 1481 1290 1557 bominum
1322 1483 1505 1579 theologia
1530 1483 1596 1558 de-

424 1602 564 1678 scendit
588 1602 635 1677 de
660 1602 756 1678 coelo
780 1600 817 1675 in
843 1608 982 1677 terram
1000 1601 1179 1697 vitiosam,
1198 1601 1262 1676 nbi
1280 1609 1336 1676 est
1359 1601 1524 1677 iniernus
1542 1601 1597 1676 vi·

425 1723 603 1818 rentium,
630 1721 819 1798 moraliter
844 1721 1039 1817 loquendo,
1056 1722 1152 1797 sicut
1168 1722 1311 1818 plenius
1327 1723 1481 1818 exposui
1500 1743 1596 1818 prae-

425 1842 521 1919 dicto
547 1844 706 1940 capitulo
731 1842 903 1918 secundo.
917 1846 1027 1917 -Di
1051 1850 1152 1917 tuoe.
1172 1844 1239 1918 llic
1258 1849 1369 1918 autor
1384 1842 1469 1918 iacit
1488 1865 1594 1918 suam

425 1965 686 2060 narrationem,
716 1971 754 2038 et
782 1963 975 2060 profitetur
1005 1984 1111 2039 suam
1148 1963 1421 2061 gratitudinem.
1457 1963 1593 2038 Ordiua

424 2107 515 2183 ergo
531 2085 585 2161 sic
602 2086 764 2160 literam:
784 2089 825 2158 lo
839 2087 1023 2158 mommsco
1035 2088 1072 2159 lo
1083 2089 1214 2176 pruzia
1227 2106 1245 2157 e
1262 2087 1299 2158 tu
1316 2087 1439 2158 uirtute
1451 2087 1489 2158 di
1505 2091 1597 2158 toute

423 2229 502 2282 cose
518 2211 686 2300 poentio
710 2209 755 2280 lto
780 2207 912 2298 υεάιιιε,
932 2204 1079 2299 scilicet,
1097 2206 1134 2279 in
1152 2205 1306 2300 interno,
1323 2205 1537 2301 purgatorio
1561 2211 1599 2280 et

424 2328 613 2424 paradiso;
631 2327 718 2422 quia
736 2327 856 2422 primo
873 2332 914 2399 tu
931 2325 1143 2401 commisisti
1171 2347 1233 2400 me
1257 2346 1359 2412 curae
1375 2326 1513 2424 Virgilii
1531 2327 1595 2422 qui

424 2449 529 2524 duxit
555 2469 617 2524 me
641 2469 708 2544 per
733 2447 917 2523 internum
947 2452 986 2520 et
1010 2447 1289 2544 purgatorium3
1315 2445 1445 2522 deiude
1471 2446 1507 2521 in
1534 2467 1596 2522 re-

426 2589 531 2646 ceusu
558 2567 654 2642 illius
679 2575 719 2643 tu
745 2566 971 2663 assumpsisti
988 2587 1051 2643 me
1075 2574 1114 2643 et
1136 2567 1271 2641 duxisti
1288 2587 1355 2664 per
1371 2567 1594 2663 paradisum.

426 2691 470 2764 lit
485 2689 588 2764 dicit:
606 2692 670 2764 dol
685 2697 743 2763 no
755 2690 910 2782 podere,
927 2687 1027 2762 nulla
1039 2687 1138 2762 euim
1156 2685 1306 2763 scientia
1324 2687 1434 2762 babet
1452 2693 1591 2762 tantam

427 2817 642 2908 potestatem
669 2809 763 2884 sicut
778 2828 883 2885 sacra
901 2807 1095 2904 theologia,
1112 2826 1197 2902 quae
1217 2807 1437 2883 transcendit
1458 2827 1594 2882 nonam

427 2951 584 3028 speram,
611 2929 710 3025 quod
734 2928 816 3004 aliae
841 2928 962 3004 iacere
988 2947 1062 3002 non
1086 2933 1249 3023 possunt,
1267 2932 1305 3002 et
1321 2925 1478 3002 ostendit
1503 2926 1597 3002 invi·

426 3051 542 3128 sibilia
567 3050 656 3144 Dei;
681 3071 699 3122 e
723 3051 821 3124 dotto
852 3055 912 3121 tuo
941 3048 1091 3138 borma,
1116 3047 1202 3142 quia
1234 3048 1313 3123 baec
1346 3054 1400 3123 est
1433 3047 1492 3124 illa
1519 3045 1594 3122 sola

426 3173 575 3248 scientia
599 3192 683 3267 quae
709 3171 815 3245 docet
840 3189 1029 3245 summum
1056 3174 1093 3242 et
1118 3167 1418 3244 incommutabile
1444 3169 1596 3244 bouum

426 3295 469 3368 Et
493 3292 616 3368 subdit
640 3291 846 3366 marimum
869 3290 1008 3365 bonum
1034 3295 1071 3364 et
1096 3289 1428 3386 singularissimum
1455 3287 1594 3364 donum

424 3413 597 3489 collatum
622 3412 689 3486 sibi
719 3411 767 3486 ab
797 3431 854 3506 ea,
879 3411 1022 3487 dicem:
1054 3417 1090 3485 tu
1119 3412 1237 3484 m'bui
1271 3417 1377 3486 tratto
1406 3413 1445 3484 di
1476 3431 1595 3504 seruo,

424 3535 526 3630 idest,
551 3534 598 3609 de
622 3531 847 3609 servitudine
860 3523 898 3622 (¹)
922 3530 1138 3628 ignorantie
1164 3539 1202 3606 et
1228 3531 1414 3624 vitiorum,
1441 3551 1466 3604 α
1490 3531 1594 3604 ruer-

424 3661 504 3747 uo,
530 3654 675 3749 scilicet,
701 3651 861 3728 scientie
890 3658 931 3726 et
957 3651 1138 3726 virtutum
1161 3651 1271 3746 juxta
1304 3651 1412 3724 illud:
1440 3650 1595 3724 virtutes

424 3782 462 3851 et
485 3774 644 3850 scientie
668 3773 919 3848 liberaverunt
946 3770 1108 3847 animam
1138 3793 1161 3846 a
1191 3770 1401 3868 captivitate
1431 3775 1595 3844 naturae:

424 3904 462 3974 et
481 3896 584 3971 dicit:
605 3917 675 3988 per
691 3901 771 3969 tate
787 3895 897 3986 paolo
913 3896 978 3985 orb,
995 3914 1062 3986 per
1078 3895 1177 3968 mlta·
1195 3895 1303 3986 modi,
1324 3890 1473 3985 scilicet,
1495 3896 1597 3965 metu

425 4037 621 4113 plenarum
653 4021 691 4089 et
719 4013 975 4089 exhortatione
999 4012 1252 4108 premiorum,
1278 4013 1338 4086 cle
1362 4031 1477 4086 nocuo
1499 4017 1599 4104 pote-

424 4143 511 4212 seno
534 4139 573 4210 di
593 4138 657 4229 sor
686 4127 754 4226 eid,
783 4132 887 4228 idest,
913 4153 998 4228 quae
1028 4133 1097 4206 riae
1129 4139 1168 4206 et
1201 4132 1265 4227 qui
1299 4132 1397 4207 modi
1428 4137 1599 4228 poterant

425 4257 584 4334 liberare
609 4276 671 4331 me
693 4275 717 4330 a
742 4253 930 4329 servitute.
945 4258 1059 4326 -tn
1081 4260 1152 4328 bro.
1172 4253 1236 4328 llic
1253 4260 1363 4328 autor
1383 4252 1468 4328 iacit
1490 4271 1597 4328 suam

425 4379 634 4474 petitionem
660 4375 827 4471 Beatrici,
848 4382 886 4450 et
903 4374 992 4470 petit
1017 4380 1058 4449 ut
1082 4380 1277 4450 conservet
1296 4373 1363 4448 sibi
1384 4373 1471 4449 illud
1499 4373 1597 4468 quod

419 4500 498 4596 jam
523 4498 590 4572 sibi
617 4495 811 4595 magnifice
834 4494 1065 4591 condonarit,
1091 4495 1228 4570 scilicet
1259 4496 1358 4571 illam
1388 4495 1597 4570 libertatern

424 4601 572 4694 animae.
587 4617 690 4694 Unde
701 4616 808 4692 dicit:
833 4621 882 4691 lb
897 4619 1044 4710 cmtodi,
1064 4615 1168 4711 idest,
1184 4635 1374 4710 conserva,
1391 4618 1428 4688 tu
1447 4623 1507 4690 too
1523 4635 1601 4689 mo

423 4742 617 4834 purificatura
641 4742 679 4812 in
704 4759 771 4832 me,
799 4743 836 4813 et
861 4737 1026 4832 loquitur
1050 4737 1197 4833 proprie
1227 4736 1402 4831 quoniam
1429 4735 1599 4834 magnid-

488 5005 516 5067 ι’)
531 5003 562 5054 E.
577 5004 711 5054 mrrltule.
