4842 6642
764 825 903 882 munus
925 826 1117 884 vlumus
1140 824 1336 884 smuunus.
1560 815 1633 882 299

461 971 709 1067 apostatando.
736 972 837 1050 Siout
862 971 960 1047 enim
988 972 1146 1046 moritur
1171 971 1277 1067 piscis
1294 979 1400 1048 extra
1415 993 1566 1068 aquam,
1584 973 1633 1048 ita

464 1093 668 1168 monachus
692 1098 798 1168 extra
823 1092 953 1167 cattam
973 1098 1043 1168 etc.

536 1217 581 1286 Et
602 1215 640 1284 io
663 1215 770 1286 atui.
797 1213 867 1288 ista
893 1219 949 1286 ost
974 1212 1080 1286 tertia
1110 1233 1195 1307 pars
1225 1213 1406 1309 generatis
1420 1205 1471 1306 (¹),
1498 1212 1634 1306 inqua

462 1337 572 1408 auton
589 1339 713 1408 movet
731 1333 900 1427 quaedam
917 1332 1029 1408 dubia
1046 1331 1219 1428 predicto
1233 1332 1437 1408 Benedictn.
1452 1333 1496 1407 ut
1514 1331 1634 1427 primo

462 1452 619 1528 ostendit
643 1453 830 1547 quomodo
855 1453 972 1528 tactus
989 1461 1045 1530 est
1062 1453 1184 1529 audax
1202 1453 1249 1529 ad
1266 1454 1464 1549 petendum
1483 1475 1530 1530 ex
1549 1475 1633 1550 per·

463 1574 635 1650 suasione
658 1573 754 1648 iltius
779 1595 892 1668 quam
919 1574 1002 1650 iecit
1025 1595 1149 1670 supra,
1175 1575 1238 1648 ubi
1263 1575 1372 1650 dixit:
1398 1596 1435 1648 se
1451 1581 1486 1648 tn
1503 1578 1635 1650 vedast

462 1698 596 1770 com'io
619 1700 689 1770 etc.
716 1695 807 1770 Dicit
832 1714 943 1792 engo:
974 1701 1016 1769 Et
1038 1699 1073 1770 io
1097 1717 1122 1768 n
1148 1699 1209 1789 tui,
1230 1697 1359 1792 supple
1384 1695 1469 1788 dixi,
1487 1699 1633 1788 taffctto

462 1817 523 1888 cite
546 1817 718 1907 dimosuu',
745 1814 848 1908 idest,
873 1814 1068 1911 singularis
1093 1814 1237 1890 affectio
1263 1837 1375 1910 quam
1403 1815 1560 1891 ostendis
1586 1814 1633 1890 ad

464 1955 538 2030 me,
558 1939 742 2028 pariendo
767 1957 874 2026 muco,
901 1959 920 2010 e
943 1939 981 2010 to
1005 1937 1120 2012 buono
1145 1937 1359 2032 semoinnza,
1388 1936 1490 2030 idest,
1522 1957 1633 2032 appa·

464 2054 594 2150 nentia,
619 2058 718 2129 cb’iu
743 2061 866 2148 veppio
891 2079 910 2130 e
934 2063 1016 2130 noto
1039 2059 1078 2130 in
1103 2061 1176 2130 tutti
1201 2059 1227 2130 ti
1251 2058 1366 2130 ardor
1397 2060 1518 2148 omui,
1548 2055 1632 2151 quia

464 2195 594 2251 omnes
609 2177 762 2252 caritate
781 2177 929 2270 ardetis,
955 2177 1049 2252 sicut
1074 2184 1114 2251 tu
1139 2176 1257 2251 dixisti
1276 2176 1399 2272 paullo
1416 2184 1514 2270 ante,
1531 2179 1635 2252 m'ia

465 2299 614 2372 duum
639 2301 711 2371 mia
732 2301 895 2391 fidenae,
920 2297 1023 2391 idest,
1049 2296 1232 2392 ampliata,
1259 2318 1370 2391 quam
1386 2288 1422 2390 (ἢ
1450 2297 1550 2393 prius
1574 2317 1635 2372 re·

465 2417 691 2514 stringebam
732 2439 808 2514 prm
837 2419 981 2493 timone.
1011 2419 1056 2492 Et
1085 2417 1248 2492 declarat
1280 2418 1349 2492 boc
1378 2437 1444 2512 per
1469 2417 1633 2520 putcpam

456 2536 753 2631 simitudinem,
778 2539 918 2614 dicens:
943 2532 1013 2612 cosi
1038 2558 1134 2611 conse
1149 2539 1175 2611 't
1195 2539 1253 2611 sol
1267 2541 1308 2631 sa
1325 2540 1362 2610 lu
1382 2557 1469 2610 rosa
1494 2540 1634 2630 quando

467 2660 583 2732 num
602 2664 700 2732 tauto
717 2666 842 2752 apertu
858 2661 977 2750 quant
989 2661 1059 2730 eila
1073 2660 1120 2730 na
1136 2659 1174 2730 di
1186 2677 1379 2750 possano
1398 2656 1499 2750 idest,
1516 2677 1635 2751 quan·

469 2783 548 2850 tum
575 2785 631 2852 est
655 2785 739 2872 apta
765 2785 851 2853 nata
875 2777 1017 2852 dilatari
1042 2799 1109 2852 sua
1135 2783 1278 2850 natura.
1305 2776 1349 2849 Et
1365 2783 1420 2852 est
1439 2776 1634 2852 similitudo

466 2919 539 2973 nou
560 2899 783 2995 impropria:
808 2899 1016 2974 sicutenim
1035 2899 1136 2974 calor
1155 2897 1240 2971 sotis
1257 2897 1374 2992 aperit
1391 2918 1510 2972 rosam
1531 2898 1633 2973 clau·-

466 3039 544 3093 sam
578 3021 777 3113 usquead
812 3020 978 3093 ultimam
1014 3018 1225 3114 potentiam,
1252 3017 1300 3092 ita
1333 3017 1445 3092 ardon
1477 3017 1635 3092 caritatis

465 3140 612 3216 ittarum
636 3141 846 3215 animarum
872 3141 1016 3235 aperuit
1044 3146 1205 3216 mentem
1230 3139 1369 3214 autorts
1401 3140 1564 3214 clausam
1590 3137 1635 3214 ti·

467 3279 583 3353 more,
601 3267 781 3355 quantum
803 3268 946 3357 poterat
972 3261 1116 3356 aperiri.
1136 3259 1222 3334 Vult
1247 3280 1337 3357 ergo
1358 3259 1481 3334 dicere
1504 3265 1634 3334 autor:

469 3399 539 3476 ego
551 3381 631 3476 cepi
644 3399 691 3454 ex
710 3381 812 3455 vobis
829 3401 977 3456 omnem
996 3380 1264 3474 confidentiam,
1279 3401 1391 3474 quam
1405 3399 1538 3474 capere
1554 3399 1638 3475 pos·
1708 3433 1711 3437 -

467 3520 577 3595 sum3
603 3501 684 3576 ideo
710 3502 845 3577 amodo
870 3521 943 3577 nou
969 3501 1145 3577 dubitabo
1169 3521 1250 3576 esse
1267 3500 1333 3574 sibi
1351 3499 1528 3576 molestus
1543 3500 1637 3574 sicut
1731 3481 1748 3518 ⁴

470 3620 531 3694 tibi
558 3622 690 3716 primo,
716 3622 830 3696 immo
854 3621 1031 3696 audacter
1062 3629 1183 3695 mcum
1218 3614 1537 3715 iuquam-Pero
1573 3619 1636 3694 Hic

467 3747 578 3815 autor
604 3741 689 3816 tacit
713 3763 819 3816 suam
846 3742 1055 3837 petitionem
1082 3741 1289 3835 benedicto,
1314 3739 1453 3815 dicens:
1486 3733 1579 3813 Pcrd
1612 3743 1638 3813 ti

465 3870 691 3952 prepositi,
710 3864 841 3953 Pndre,
866 3861 1012 3954 scilicet,
1038 3860 1241 3956 Benedicte‚
1268 3861 1331 3954 qui
1358 3859 1453 3934 inisti
1480 3881 1637 3956 magnus

470 3987 573 4073 pater
598 3981 745 4055 iamitiae
759 3988 798 4057 et
818 3981 975 4056 habuisti
994 3980 1177 4076 copiosam
1199 3979 1372 4056 familiam
1392 3979 1549 4054 filiorum
1574 3980 1636 4054 be-

469 4101 710 4196 nedicturum,
736 4105 781 4175 m'
794 4111 933 4176 noceria
957 4104 1035 4175 s’io
1054 4123 1163 4194 posse
1183 4104 1338 4195 prender
1363 4109 1461 4175 tantu
1491 4103 1636 4192 pruzia,

409 4268 412 4273 ,
467 4223 567 4296 cit'io
592 4226 618 4295 a·
642 4226 766 4314 veppia
789 4243 856 4296 oon
879 4225 1032 4313 imnpine
1059 4229 1231 4314 occentu,
1266 4221 1358 4296 idest
1385 4220 1423 4295 in
1454 4241 1546 4315 pura
1578 4239 1637 4294 es-

468 4343 582 4419 sentia
617 4344 696 4418 sine
725 4343 785 4418 itta
814 4345 899 4420 tuce
930 4365 1005 4436 qua
1035 4349 1076 4416 tu
1108 4363 1148 4417 es
1182 4349 1388 4437 coopertus.
1401 4381 1451 4396 -
1469 4343 1557 4415 Ond'
1571 4343 1636 4414 eiii.

467 4463 533 4538 liic
556 4472 667 4540 autor
692 4464 792 4560 ponit
819 4463 1090 4558 responsionem
1117 4461 1300 4544 Benedicti
1325 4461 1370 4536 ad
1397 4483 1506 4538 suurn
1533 4479 1637 4555 que-

467 4584 590 4676 situm,
616 4591 654 4659 et
678 4584 840 4659 breviter
863 4583 950 4657 dicit
973 4583 1072 4677 quod
1098 4582 1234 4656 videbit
1258 4581 1293 4657 id
1311 4581 1409 4677 quod
1426 4587 1527 4676 optat
1546 4581 1640 4656 scire

470 4705 532 4779 ubi
558 4712 614 4780 est
640 4703 721 4780 duis
745 4704 911 4778 omnium
938 4709 1110 4777 votontm
1138 4704 1398 4777 bumanorum.
1418 4702 1509 4776 Dicit
1530 4719 1638 4797 ergo:

531 4894 557 4951 (¹)
574 4891 605 4940 Ε.
622 4891 749 4954 generatis
765 4890 842 4940 huius
857 4888 971 4952 capituti,
987 4889 1013 4937 in
1029 4903 1088 4952 qua.

531 4963 559 5028 i¹i
575 4967 601 5017 S·
617 4980 675 5032 qua
692 4968 762 5031 prius
777 4966 989 5030 mutuabatur.
