4842 6642
768 827 908 884 caurus
932 828 1088 884 nummus
1113 827 1308 884 sncuunus.
1575 812 1623 879 85
1758 857 1762 869 .

451 975 618 1074 priorum
653 972 811 1046 fratrum
844 979 1067 1048 sanctorum.
1100 973 1191 1046 Dicit
1225 993 1334 1070 ergo:
1364 977 1428 1047 itta
1459 973 1624 1061 turdita,

452 1097 553 1190 idest,
580 1092 774 1190 vestigium
802 1099 893 1168 rotae
917 1091 1111 1188 Francisci‚
1143 1095 1203 1166 cue
1232 1097 1270 1166 la
1296 1100 1400 1185 parte
1426 1113 1564 1166 sommo
1588 1093 1625 1166 dt

451 1238 517 1292 suo
541 1219 806 1310 mrconsereuzo
828 1217 886 1308 ιε’,
907 1213 1008 1308 idest,
1027 1234 1139 1308 quam
1167 1213 1323 1288 orbitam
1345 1235 1430 1309 pars
1456 1220 1624 1288 extrema

452 1335 756 1414 circumferentia
774 1335 867 1410 iecit.
883 1335 943 1408 Est
957 1335 1053 1409 enim
1068 1315 1187 1410 orbita
1204 1335 1293 1408 ittod
1311 1334 1507 1431 vestigium
1525 1332 1625 1428 quod

397 1517 403 1528 .
453 1460 537 1533 iacit
563 1465 643 1532 rota
670 1456 706 1530 iu
733 1465 844 1550 terra,
870 1451 1083 1547 ddoretttta,
1109 1456 1195 1550 quia
1214 1455 1346 1532 iratres
1363 1456 1525 1532 minores
1551 1475 1626 1530 non

453 1578 628 1654 incedunt
651 1576 809 1673 amplius
833 1597 899 1671 per
924 1575 1022 1652 viam
1048 1576 1147 1651 illam
1173 1576 1382 1670 antiquam:
1409 1583 1446 1651 ει
1471 1582 1527 1650 εει
1544 1582 1626 1651 tan·

455 1704 536 1773 tum
569 1696 739 1772 derelicta
767 1696 825 1770 iila
851 1695 982 1791 orbita,
1016 1688 1047 1768 si
1078 1692 1163 1770 od'e'
1193 1699 1230 1769 ια
1259 1703 1369 1790 mulsa
1401 1699 1480 1770 doo'
1492 1718 1559 1771 ero
1590 1699 1627 1769 io

454 1839 628 1912 promma.
654 1818 698 1892 Et
723 1817 781 1891 hic
806 1824 893 1892 nota
918 1817 1180 1912 pulcerrimum
1203 1824 1241 1892 ει
1265 1817 1551 1912 propriissimam
1578 1815 1626 1890 si-

456 1938 715 2015 militudinem:
741 1957 914 2036 gromma
936 1936 1034 2011 enim
1060 1942 1116 2011 εει
1136 1937 1260 2032 solida,
1284 1937 1420 2033 sapida,
1442 1937 1625 2012 odorifera

454 2068 492 2138 ει
516 2061 624 2154 bona,
641 2059 690 2134 ita
708 2057 807 2153 quod
833 2063 1027 2133 conservat
1052 2057 1201 2152 vinum3
1229 2059 1345 2134 mutia
1371 2079 1460 2134 vero
1486 2066 1541 2134 est
1566 2060 1627 2132 tu·

455 2181 567 2276 brida,
584 2178 746 2274 insipida,
765 2177 900 2272 ioetida,
921 2177 1030 2273 mala,
1049 2183 1087 2251 et
1103 2177 1215 2252 intioit
1231 2199 1343 2253 omne
1360 2179 1486 2252 vinum
1506 2199 1627 2273 quan·

455 2308 700 2393 tumoumque
723 2297 770 2372 de
795 2317 837 2372 εε
861 2297 1013 2372 bonum.
1035 2298 1088 2372 lta
1113 2319 1136 2373 a
1162 2298 1286 2372 simili:
1304 2300 1341 2372 in
1360 2299 1485 2394 primis
1502 2299 1627 2373 iratri-

456 2422 525 2496 bus
551 2425 632 2494 orat
656 2418 772 2493 virtus
789 2438 874 2514 quae
892 2424 947 2492 est
964 2437 1053 2492 vere
1073 2417 1197 2513 solida,
1218 2418 1439 2494 delectabilis
1461 2427 1498 2493 ει
1518 2419 1626 2514 bona,

457 2561 541 2637 quae
566 2545 760 2616 conservat
784 2539 951 2612 animum
978 2544 1015 2613 et
1039 2539 1173 2634 satvat3
1192 2539 1229 2613 in
1255 2539 1440 2614 modernis
1466 2560 1556 2615 vero
1573 2548 1629 2615 est

457 2661 644 2756 vitiositas,
661 2679 745 2753 quae
770 2665 826 2733 est
850 2658 1002 2753 lubrica,
1020 2679 1159 2754 amara,
1178 2659 1322 2734 infamis
1347 2666 1385 2735 et
1410 2663 1518 2756 maia,
1544 2682 1628 2756 quae

458 2782 619 2856 infirmat
643 2785 681 2856 et
705 2778 882 2873 depravat
905 2798 1054 2854 omnem
1087 2779 1253 2854 animum
1285 2785 1630 2875 quantumcumque

458 2902 506 2977 de
530 2921 571 2975 se
595 2885 727 2974 sanum
745 2904 783 2974 ει
802 2898 962 2972 bonum:
989 2904 1186 2974 astantem
1212 2919 1382 2996 grommo
1400 2907 1524 2976 crusta
1546 2921 1631 2995 quae

460 3021 501 3096 tit
517 3022 555 3095 iu
572 3020 667 3096 vasis
683 3040 732 3095 ox
750 3019 846 3114 vino,
864 3039 949 3113 quae
966 3019 1038 3094 aiio
1056 3020 1205 3095 nomine
1224 3020 1357 3097 dicitur
1382 3027 1564 3096 tartarum
1580 3013 1629 3113 ι’).

459 3143 503 3216 Et
527 3141 649 3232 subdit
673 3160 860 3236 exponens
885 3146 922 3214 et
946 3140 1136 3216 declarans
1166 3140 1303 3216 dietum
1334 3161 1463 3216 suum:
1497 3146 1533 3216 lo
1565 3163 1632 3217 suo

456 3265 634 3360 fontalia,
662 3261 798 3336 seilicet
823 3259 980 3334 fratrum
1008 3259 1206 3355 minorum,
1233 3282 1394 3355 quorum
1422 3270 1477 3337 εει
1507 3264 1631 3338 mutti-

459 3383 548 3458 tudo
575 3381 736 3458 maxime
762 3381 1106 3474 numerosarum·
1130 3401 1243 3454 morse
1263 3383 1372 3455 dritta
1388 3385 1542 3476 oo'piedt
1565 3386 1633 3458 olle

459 3523 520 3577 suo
543 3523 657 3593 orrne,
682 3500 769 3595 quia
793 3519 818 3573 a
841 3498 1018 3595 principio
1044 3499 1092 3574 iili
1113 3507 1215 3576 recto
1231 3500 1361 3575 imitati
1378 3508 1465 3576 sunt
1482 3503 1633 3600 vestigia

459 3621 640 3700 Francisoi
656 3612 706 3717 (¹),
733 3616 754 3696 e*
777 3625 874 3694 tanto
899 3623 1005 3714 volta,
1034 3619 1124 3696 idest
1150 3628 1303 3718 mutata,
1324 3623 1412 3717 quia
1433 3623 1527 3698 sicut
1552 3644 1634 3700 cre-

461 3750 595 3822 verunt
620 3743 658 3818 iu
682 3761 853 3836 numero,
880 3741 930 3816 ita
960 3747 997 3816 ει
1024 3741 1061 3816 ιιι
1086 3742 1259 3837 novitate,
1291 3746 1351 3816 ote
1380 3747 1460 3836 quel
1488 3747 1635 3820 dinanzi

460 3869 547 3959 pitto
571 3885 597 3937 u
621 3865 701 3955 quel
722 3865 868 3955 diretro,
890 3861 992 3957 idest,
1011 3861 1141 3938 iratres
1158 3863 1298 3958 antiqui
1319 3863 1426 3960 primi
1451 3865 1635 3941 contradi-

462 3990 551 4060 cunt
577 3982 761 4058 modernis
786 3981 1043 4077 sequentibus3
1070 3981 1156 4076 quia
1182 3983 1231 4056 itii
1258 3983 1408 4059 inerunt
1441 4006 1633 4080 pauperes,

463 4105 520 4181 isti
546 4104 693 4198 divites3
719 4102 769 4177 iili
795 4103 961 4199 humiles,
988 4102 1045 4177 isti
1070 4104 1237 4200 superbi3
1264 4105 1312 4179 iili
1333 4106 1460 4200 macri,
1478 4106 1534 4180 isti
1555 4107 1635 4202 pin·

462 4245 567 4324 guas,
593 4229 631 4298 et
655 4221 705 4296 ita
729 4221 777 4296 do
801 4222 953 4308 aliis-
966 4228 999 4296 E
1021 4231 1118 4298 tosto.
1146 4223 1211 4298 Hic
1237 4225 1493 4301 Bonavontura
1517 4227 1636 4300 cousi-

463 4344 597 4421 derans
623 4341 735 4418 vitam
761 4362 917 4416 suorum
943 4342 1101 4417 fratrum
1129 4343 1393 4419 modernorum
1413 4348 1635 4441 praenuntiat

463 4462 716 4560 tempestivam
751 4461 1074 4538 deteriorationem
1108 4463 1273 4557 ipsorum
1306 4465 1375 4539 suh
1410 4487 1484 4540 una
1518 4473 1636 4543 meta-

463 4584 578 4681 phora
603 4583 730 4679 pulcra
756 4586 794 4655 et
818 4581 976 4677 propria,
994 4581 1136 4658 dicens:
1158 4588 1191 4656 E
1211 4590 1298 4657 tosto
1322 4577 1519 4660 doooedrd
1542 4590 1635 4661 dello

462 4707 601 4799 rivolta,
629 4702 731 4796 idest,
758 4702 805 4778 de
830 4701 951 4777 iruotu
978 4703 1116 4799 tuturo,
1137 4706 1230 4779 delta
1246 4709 1343 4780 mata
1364 4710 1513 4800 coldra,
1530 4708 1633 4804 idest,

510 4962 555 5048 Ι(·)
571 4961 603 5012 E.
618 4965 726 5014 tursum.
963 4963 991 5027 ι’)
1007 4963 1037 5014 Ε.
1054 4963 1121 5016 beati
1137 4965 1277 5017 Francisei.
