4842 6642
1008 759 1077 825 106
1411 769 1616 826 domnula
1641 772 1808 826 nlululsr

1004 914 1144 1008 cienda,
1170 917 1196 988 ti
1219 917 1274 988 sio
1293 915 1436 1008 pmmdo
1461 917 1499 988 ai
1516 918 1627 1008 plecti,
1644 915 1747 1008 idest,
1764 935 1914 1009 compes
1935 915 2051 1012 ligans
2068 917 2179 1012 pedes

1005 1040 1100 1128 tuos,
1126 1033 1231 1128 quasi
1256 1034 1374 1109 dicat:
1395 1035 1491 1110 istud
1507 1035 1646 1110 dictum
1669 1055 1796 1110 meum
1813 1035 1943 1110 lraenet
1957 1030 1995 1128 (¹)
2011 1037 2176 1114 allectio-

1004 1173 1089 1230 nem
1121 1161 1224 1228 tuam
1250 1161 1288 1228 el
1314 1157 1478 1230 relralrat
1503 1177 1550 1230 ne
1575 1156 1696 1232 statim
1728 1163 1857 1230 currat
1889 1157 1937 1231 ad
1971 1160 2177 1253 responsio-

1004 1295 1089 1350 nem
1105 1267 1162 1370 (¹l3
1182 1276 1280 1352 unde
1295 1275 1396 1350 dicit:
1409 1298 1480 1368 per
1497 1282 1586 1372 sorti
1605 1297 1749 1351 munuer
1768 1280 1874 1371 lento,
1894 1277 1997 1372 idest,
2017 1280 2175 1374 lardum,

1004 1399 1090 1470 com'
1103 1417 1184 1470 nom
1209 1399 1317 1490 uno,
1344 1397 1439 1470 sicut
1464 1417 1571 1472 senes
1595 1417 1729 1493 graves
1755 1398 1830 1471 lroc.
1849 1396 1987 1472 laciunt
2007 1398 2095 1472 nihil
2118 1406 2177 1473 te·

1005 1537 1108 1592 mere
1134 1517 1363 1592 affirmantes
1388 1537 1457 1592 nec
1482 1525 1669 1616 negantes,
1694 1526 1728 1592 et
1750 1522 1790 1592 al
1811 1512 1842 1590 oi
1865 1525 1899 1592 et
1921 1521 1962 1592 at
1982 1539 2044 1610 ao,
2073 1519 2176 1613 idest,

1002 1638 1050 1714 ad
1074 1637 1184 1712 dubia
1202 1643 1277 1712 tam
1295 1639 1522 1713 affirmativa
1537 1660 1650 1733 qnam
1669 1640 1851 1734 negativa,
1868 1642 1929 1712 cle
1945 1647 1980 1713 tu
1996 1660 2069 1713 noa
2086 1643 2176 1729 cedi,

1002 1759 1148 1854 scilicet,
1166 1779 1252 1833 cnm
1269 1761 1378 1833 oculo
1397 1760 1641 1834 intellectuali.
1653 1801 1702 1814 -
1715 1754 1783 1834 dle*
1797 1764 1920 1854 quepli.
1936 1760 2000 1834 llic
2017 1759 2175 1834 Thomas

1002 1879 1133 1974 probat
1158 1879 1296 1953 dictum
1322 1901 1435 1953 suum
1461 1899 1528 1973 per
1552 1879 1726 1954 ellectum
1745 1872 1989 1974 ostendensl³l
2012 1881 2111 1975 quod
2129 1901 2174 1955 ex

1003 2001 1063 2077 tali
1090 2000 1419 2075 inconsideratione
1435 2000 1629 2076 indiscreta
1645 2002 1764 2076 oritur
1784 2004 1916 2076 stultus
1935 2022 2053 2076 error.
2075 2001 2176 2075 Unde

1002 2121 1106 2195 dicit:
1137 2119 1204 2194 cre*
1227 2123 1340 2212 puepli
1363 2116 1385 2195 e*
1406 2121 1471 2194 dea
1496 2141 1520 2194 a
1545 2122 1648 2194 basso
1664 2125 1728 2214 fra
1743 2125 1795 2212 pli
1808 2125 1914 2211 stolii,
1940 2122 2045 2216 quasi
2068 2122 2176 2212 dicat,

1002 2249 1058 2316 est
1083 2241 1231 2315 iniimus
1255 2247 1293 2316 et
1318 2240 1514 2314 vilissimus
1539 2241 1750 2335 stultorum,
1775 2245 1836 2316 cte
1860 2248 2051 2334 ussernmo
2073 2246 2175 2335 rriepa

1000 2383 1109 2435 senza
1135 2365 1355 2452 distincione,
1381 2355 1452 2434 cosi
1476 2365 1611 2435 aelium
1635 2383 1732 2435 come
1756 2365 1936 2435 arellaltro
1957 2385 2081 2455 passo,
2106 2363 2176 2436 sci·

1001 2481 1085 2556 licet
1110 2480 1147 2555 in
1172 2481 1224 2556 sic
1249 2488 1286 2557 et
1310 2481 1347 2556 in
1374 2502 1462 2575 non;
1488 2482 1525 2556 in
1541 2471 1577 2575 (⁴)
1600 2490 1742 2576 partem
1760 2483 2020 2558 affirmativam
2047 2492 2085 2558 et
2110 2505 2176 2558 ne-

1000 2601 1174 2698 gativam.
1203 2603 1247 2675 El
1270 2603 1392 2678 subdit
1416 2604 1605 2699 assignans
1630 2624 1781 2678 causum
1808 2605 1918 2678 huius
1947 2606 2095 2698 erroris,
2120 2606 2175 2680 di·

1002 2741 1107 2797 cens:
1127 2726 1320 2814 parcd’eptt
1340 2727 1505 2798 incontra
1520 2727 1582 2796 cte
1600 2727 1637 2796 la
1654 2727 1817 2817 opinione
1837 2733 1996 2798 currente
2010 2720 2071 2817 piri
2088 2729 2176 2799 oolte

999 2847 1103 2934 piepa
1128 2846 1163 2916 ln
1187 2847 1284 2936 salsa
1314 2851 1441 2937 parte‚·
1475 2843 1572 2917 unde
1601 2850 1687 2918 nota
1716 2843 1816 2937 quod
1851 2843 1984 2918 verilas
2019 2851 2061 2917 nt
2092 2845 2175 2939 pln-

1003 2961 1140 3036 rimum
1167 2971 1223 3038 est
1247 2965 1364 3038 latens
1392 2963 1486 3038 adeo
1516 2963 1613 3057 quod
1644 2963 1861 3060 paucissima
1889 2971 2039 3058 possunt
2069 2964 2174 3057 sciri3

1003 3082 1085 3156 ideo
1110 3103 1195 3156 cum
1223 3085 1334 3156 lromo
1355 3083 1643 3178 inpraemeditale
1662 3083 1779 3156 currit
1799 3083 1845 3158 ad
1864 3083 2172 3178 respondendnm,

1002 3223 1099 3296 saepe
1125 3203 1259 3277 labitur
1284 3203 1320 3276 in
1346 3205 1499 3296 lalsum;
1526 3203 1607 3277 ideo
1633 3203 1896 3277 benedicebat
1926 3203 2175 3278 Damascenus

1003 3323 1039 3396 in
1057 3322 1293 3417 Aphorismo:
1319 3324 1347 3396 si
1374 3323 1622 3427 interrogatus
1641 3323 1818 3397 velociter
1836 3323 2053 3418 respoudeat
2077 3344 2175 3398 sem-

1002 3463 1067 3538 per
1091 3442 1334 3518 dubitandum
1361 3445 1451 3538 erit;
1476 3452 1513 3518 et
1539 3443 1727 3537 sequitur:
1753 3465 1773 3515 e
1792 3446 1857 3534 poi
1880 3445 1903 3515 l'
1916 3448 2045 3536 ussello,
2069 3443 2173 3534 idest,

1003 3563 1148 3638 allectio
1175 3584 1286 3659 quam
1319 3566 1432 3638 homo
1463 3564 1573 3638 habet
1597 3563 1644 3637 ad
1670 3564 1780 3638 talem
1814 3562 2022 3657 opinionem
2055 3585 2173 3656 snam,

1003 3686 1082 3775 lepa
1107 3687 1316 3778 tinorum,
1345 3685 1433 3779 quia
1457 3684 1594 3758 scilicet
1618 3684 1730 3757 homo
1755 3683 1839 3758 lacit
1858 3683 1926 3756 sibi
1947 3684 2111 3758 habitum
2128 3684 2174 3758 de
2317 3775 2319 3777 ¹

1002 3823 1131 3880 errore
1157 3804 1221 3899 qui
1248 3827 1321 3879 uon
1339 3812 1457 3899 potest
1482 3804 1587 3878 lacile
1612 3805 1718 3878 evelli
1739 3804 1786 3879 de
1810 3805 1928 3899 capite
1952 3803 2050 3898 eius;
2067 3811 2105 3880 et
2120 3805 2172 3879 sic

1003 3946 1140 4019 parvus
1165 3945 1272 4000 error
1292 3927 1327 3999 in
1349 3925 1536 4020 principio,
1559 3945 1716 4020 magnus
1735 3924 1842 3999 estin
1861 3923 2008 3998 line-
2029 3930 2083 3998 Via
2097 3919 2170 4017 piri.

1002 4045 1066 4120 llic
1096 4047 1255 4120 Thomas
1285 4046 1409 4143 arguit
1445 4045 1680 4120 temerariam
1712 4045 1934 4120 dementiam
1968 4047 2171 4120 multorum

1002 4168 1250 4264 ignorantium
1278 4168 1342 4261 qui
1366 4174 1548 4242 conantur
1574 4166 1763 4260 inquirere
1779 4166 1971 4241 veritatem
1999 4167 2035 4240 in
2062 4167 2173 4240 rebus

1001 4289 1078 4364 sine
1103 4295 1192 4364 arte
1222 4289 1325 4364 Unde
1349 4288 1455 4362 dicit:
1484 4289 1545 4360 cti
1566 4309 1671 4380 pesco
1691 4308 1761 4379 per
1794 4290 1829 4360 lo
1854 4309 1953 4375 vcro,
1979 4286 2081 4382 idest,
2107 4287 2170 4381 qui

1002 4409 1158 4484 rimatur
1178 4411 1371 4485 veritatem
1392 4429 1476 4503 quae
1499 4408 1586 4483 latet
1604 4408 1699 4482 sicut
1718 4406 1823 4502 piscis
1839 4406 1910 4481 sul)
1926 4429 2038 4502 aqua,
2057 4409 2171 4482 immo

1002 4536 1044 4603 ut
1067 4529 1238 4604 volebant
1262 4529 1378 4623 stoici,
1405 4527 1540 4603 veritas
1569 4528 1657 4602 latet
1690 4534 1865 4622 tanquam
1893 4528 1929 4600 in
1965 4529 2171 4622 prolnndis·

1001 4647 1095 4722 simo
1125 4656 1245 4743 puteo,
1271 4651 1429 4741 sipario
1460 4650 1511 4721 da
1540 4650 1635 4740 moa,
1673 4648 1775 4741 idest,
1810 4649 2006 4743 elongatur
2039 4655 2076 4722 et
2108 4669 2173 4722 va-

1910 4784 2174 4796 ——.—...

1063 4835 1090 4895 (¹)
1106 4835 1132 4886 S.
1148 4849 1163 4885 o
1179 4835 1210 4886 li.
1226 4836 1320 4887 llrmel.
1568 4833 1597 4895 (²)
1613 4835 1644 4884 E.
1661 4836 1877 4899 respondendum.

1064 4910 1092 4975 u
1108 4910 1133 4962 S·
1150 4911 1245 4962 arcena
1570 4911 1598 4974 rr
1614 4912 1645 4963 lt
1662 4913 1735 4975 uun,
1751 4914 1778 4964 a
1794 4919 1904 4978 parom.
