4842 6642
930 867 975 936 20
1323 875 1528 936 cannarum
1552 880 1719 937 anaaorsr

928 1021 1088 1096 efficitur
1113 1021 1294 1116 superior,
1319 1022 1407 1115 quia
1433 1024 1656 1100 assimilatur
1680 1023 1748 1100 sibi
1759 1039 1776 1117 ;·
1799 1045 1885 1100 nam
1918 1045 1984 1120 per
2012 1047 2107 1121 opus

927 1142 1100 1238 gignendi
1119 1142 1331 1218 mortalium
1351 1163 1479 1218 rerum
1499 1152 1725 1241 propagatur
1741 1143 1975 1241 diuturnitas,
1994 1153 2036 1221 ul
2054 1147 2107 1228 ull

928 1261 1095 1356 Boetius3
1121 1262 1234 1356 aliqui
1260 1268 1385 1338 tamen
1410 1270 1600 1358 exponunt
1624 1264 1699 1341 sice
1722 1260 1892 1357 perclud'l
1914 1267 2044 1344 mondo
2067 1269 2107 1345 dl

928 1405 984 1473 aa,
1009 1383 1112 1478 idest,
1138 1382 1328 1457 circularis
1353 1389 1485 1458 natura
1510 1384 1682 1477 coelastis5
1712 1391 1819 1458 torno
1851 1389 1930 1477 prrcl
1961 1388 2000 1462 di
2030 1381 2104 1478 pti,

928 1504 1032 1598 idest,
1051 1508 1173 1577 tornat
1197 1510 1236 1578 et
1260 1503 1391 1578 circuit
1417 1505 1596 1578 mundum
1618 1504 1850 1580 interiorem:
1869 1506 1933 1580 sed
1953 1505 2021 1582 isla
2038 1525 2105 1585 ex-

930 1624 1058 1720 positio
1074 1617 1110 1715 (¹)
1130 1644 1202 1698 non
1229 1623 1373 1706 videtur
1397 1623 1444 1698 ad
1468 1624 1716 1720 propositum3
1742 1624 1824 1700 ideo
1851 1626 1969 1720 prima
1987 1627 2104 1722 magis

930 1744 1074 1822 videtur
1090 1734 1126 1835 (¹)
1142 1744 1416 1818 consonantiam
1435 1745 1573 1821 babere
1589 1751 1627 1820 et
1643 1746 1725 1840 plus
1743 1745 1832 1820 mibi
1850 1747 1979 1842 placat,
1996 1748 2105 1841 qnasi

928 1863 1046 1943 dicat:
1074 1863 1300 1938 execrabiles
1325 1864 1483 1940 florenos
1508 1885 1574 1959 per
1599 1885 1694 1959 quos
1718 1863 1812 1944 fiunt
1835 1866 1971 1944 omnia.

1002 1987 1065 2058 dtu
1075 1980 1210 2076 perole‘.
1224 1983 1295 2056 ista
1313 1990 1367 2058 est
1385 1984 1492 2060 tertia
1510 1992 1548 2059 et
1565 1985 1694 2060 ultima
1711 2005 1796 2081 pars
1812 1987 1993 2083 generatis
2008 1977 2046 2080 (³)
2067 1986 2103 2068 itt

929 2127 1004 2200 qna
1029 2104 1124 2180 dicta
1149 2103 1293 2178 Cunilia
1320 2103 1484 2179 nominat
1508 2104 1618 2180 aliam
1644 2105 1807 2181 animam
1836 2107 2026 2200 antiquam
2057 2107 2104 2185 da

930 2231 1031 2300 sorte
1051 2225 1122 2320 illa,
1140 2229 1178 2298 et
1203 2224 1322 2319 primo
1346 2224 1564 2300 continuans
1589 2244 1630 2300 se
1653 2225 1700 2299 ad
1726 2225 1967 2319 procedentia
1990 2227 2105 2324 tangit

929 2345 1123 2422 materiam
1150 2344 1396 2438 sequentium,
1414 2344 1561 2420 dioens:
1587 2349 1650 2421 dle
1667 2348 1716 2418 nti
1736 2347 1899 2420 conamur
1912 2349 2106 2438 procedere

930 2487 1043 2542 curor
1077 2469 1177 2558 oltra,
1206 2465 1354 2559 scilicet,
1383 2465 1431 2540 ad
1461 2465 1655 2540 dicendum
1690 2467 1736 2542 de
1772 2467 1842 2542 alia
1880 2467 2004 2542 anima
2040 2489 2105 2544 ue·¹

929 2607 1053 2680 nerea,
1066 2583 1195 2679 percle
1209 2593 1266 2660 ten
1279 2590 1377 2679 porti
1392 2593 1473 2662 trrttc
1488 2590 1519 2660 le
1535 2594 1590 2660 tue
1605 2590 1718 2678 ooplle
1730 2591 1843 2680 piene
1857 2589 1960 2682 idest,
1980 2590 2105 2667 urnula

928 2713 994 2784 lua
1019 2705 1198 2782 desideria
1224 2706 1366 2800 satiata,
1391 2709 1451 2780 cle
1475 2727 1541 2780 son
1565 2715 1647 2780 nate
1669 2710 1707 2780 ln
1732 2715 1851 2798 pacato
1874 2729 1993 2802 spero,
2015 2708 2105 2785 idest

929 2851 1013 2926 quaa
1039 2834 1079 2901 tu
1106 2828 1300 2923 concepisti
1327 2829 1423 2903 scire
1447 2828 1485 2902 iu
1509 2829 1579 2903 ista
1603 2850 1711 2925 spera
1737 2829 1906 2922 l⁷eueris;
1922 2831 1970 2906 de
1986 2830 2104 2907 tribus

929 2950 1027 3026 enirn
1053 2949 1248 3023 animabus
1267 2949 1346 3044 jam
1373 2948 1517 3042 scivisti,
1551 2971 1649 3024 nunc
1683 2955 1797 3025 reslal
1826 2951 1921 3026 seire
1950 2952 1996 3024 de
2030 2970 2105 3027 una

849 3127 853 3136 .
930 3077 1072 3165 quarta.
1104 3069 1206 3144 Unde
1237 3069 1381 3143 subdit:
1408 3077 1442 3144 ta
1472 3074 1553 3145 vuol
1577 3093 1683 3164 super
1706 3074 1762 3145 clai
1792 3068 1814 3146 e'
1839 3076 1879 3146 in
1902 3079 2021 3164 mlo
2050 3074 2106 3147 ln·

929 3197 1055 3286 minu,
1074 3191 1176 3284 idest„
1195 3211 1281 3283 quae
1297 3197 1354 3265 est
1379 3189 1446 3265 ista
1472 3192 1699 3286 animaque
1723 3193 1833 3268 estin
1858 3193 1927 3268 isla
1944 3194 2029 3268 luce
2045 3193 2105 3268 lu·

930 3314 1082 3406 minosa,
1108 3315 1167 3386 cde
1191 3303 1264 3384 cosi
1281 3315 1441 3406 sustollo,
1459 3312 1562 3407 idest,
1581 3314 1833 3409 splendetque·
1851 3335 2021 3406 oppresso
2038 3333 2105 3404 me,

787 3459 788 3462 ‘
929 3456 952 3510 a
978 3433 1096 3525 simili,
1121 3453 1218 3505 coma
1234 3435 1363 3522 rapoto
1387 3436 1426 3507 dl
1448 3436 1521 3507 sole
1537 3437 1576 3506 in
1591 3453 1706 3525 ecquo
1730 3455 1844 3526 mma,
1870 3434 1973 3527 idest,
1999 3453 2105 3528 pura,

928 3555 1108 3631 scintillat.
1118 3595 1168 3608 -
1185 3557 1237 3628 Or
1252 3556 1364 3646 sappi.
1380 3553 1444 3628 llio
1457 3553 1601 3628 Canitia
1614 3554 1786 3650 exprimit
1800 3555 1916 3649 ipsam
1930 3555 2104 3630 animam.

929 3675 982 3752 dd
1003 3675 1108 3748 cuius
1126 3672 1398 3768 intelligentiam
1418 3679 1474 3748 est
1491 3673 1756 3768 praesciendum
1775 3676 1886 3768 quod,
1905 3675 1998 3748 sicul
2015 3675 2106 3749 scri-

929 3797 1029 3871 bitur
1046 3796 1156 3869 losue
1172 3793 1208 3867 in
1227 3793 1430 3888 primisset
1444 3793 1622 3888 capitulis,
1637 3815 1724 3868 cum
1742 3794 1854 3872 losue
1873 3799 2104 3890 expugnaret

929 3924 1047 3992 terras
1072 3912 1320 4010 promissionis
1345 3921 1414 3988 etc.
1441 3915 1546 3988 Nunc
1570 3914 1617 3990 ad
1644 3915 1787 3990 literam
1819 3914 1905 3988 dicit
1935 3913 2020 3990 ista:
2051 3917 2104 3987 Or

926 4040 1030 4129 suppl
1054 4037 1114 4108 cle
1140 4035 1297 4108 nautas·
1327 4036 1530 4128 naupultto,
1555 4033 1658 4127 idest,
1690 4033 1897 4127 requiescit,
1924 4023 1962 4111 td
1985 4040 2101 4123 endo,

927 4158 1031 4252 idest,
1057 4158 1151 4231 intra
1178 4157 1266 4230 illud
1292 4155 1486 4247 luminare,
1503 4177 1523 4228 e
1538 4158 1725 4245 complanta
1742 4175 1767 4228 o
1783 4155 1893 4228 trost*
1906 4155 2047 4244 orden,
2068 4152 2105 4226 in

927 4280 995 4354 ista
1019 4299 1125 4373 spera
1144 4297 1404 4369 venereorum,
1430 4279 1468 4350 di
1486 4277 1531 4349 lei
1553 4278 1585 4349 ai
1608 4277 1725 4366 sipillu
1741 4277 1800 4348 nel
1813 4295 1947 4353 sommo
1971 4277 2104 4384 prodo,

928 4401 1031 4492 idest,
1044 4399 1150 4473 cuius
1168 4399 1291 4495 imago
1308 4402 1462 4492 apparel
1477 4396 1513 4470 in
1532 4416 1706 4490 supremo
1723 4395 1841 4492 gradu
1856 4395 1959 4471 istius
1976 4415 2105 4491 sperae,

930 4519 1036 4596 cuirrs
1053 4518 1240 4593 influentia
1259 4518 1335 4613 ipsa
1354 4515 1530 4610 impressa
1548 4516 1627 4590 lull.
1641 4555 1690 4570 -
1702 4521 1762 4591 tto
1787 4522 1916 4606 pamla.
1942 4515 2005 4595 uio
2030 4515 2106 4590 Cu·

929 4640 1016 4718 nitia
1041 4640 1201 4735 assignat
1227 4646 1352 4713 mmen
1368 4625 1405 4730 (⁸)
1430 4656 1549 4730 parare
1562 4636 1643 4710 isla
1664 4635 1799 4709 mulier
1817 4641 1891 4711 mnu
1909 4635 2051 4713 lubrica
2069 4639 2107 4708 el

1147 4884 1157 4918 s
1189 4883 1300 4920 osecun
1350 4882 1412 4918 non.
1529 4867 1555 4928 (¹)
1572 4867 1603 4918 Ε.
1621 4867 1723 4918 ridetur
1740 4866 1823 4916 literar
1840 4879 1960 4926 consom,
1978 4865 2088 4929 utplus.
