4842 6642
835 810 905 877 220
1226 824 1433 879 couruuruu
1459 825 1625 879 nannum

833 966 1029 1064 Assyriam,
1056 967 1235 1043 Graeciam
1261 974 1343 1063 etc,
1367 972 1555 1043 illustranti
1577 972 1616 1043 di
1639 976 1683 1059 te,
1709 970 1811 1064 idest,
1838 970 2003 1046 illumina

832 1087 1054 1163 intellectum
1083 1108 1221 1181 meum,
1249 1094 1289 1161 ut
1315 1089 1449 1183 possim
1469 1089 1585 1164 dictas
1609 1089 1732 1165 literas
1749 1092 1951 1187 intelligere
1967 1098 2005 1167 et

831 1207 1030 1304 explicare3
1058 1208 1154 1282 unde
1179 1208 1283 1282 dicit:
1309 1202 1339 1281 si
1363 1212 1462 1283 cd’io
1486 1211 1598 1301 muci,
1623 1210 1713 1285 idest
1740 1218 2004 1307 repraesentare

832 1329 977 1423 possim,
1004 1332 1034 1401 le
1059 1331 1114 1401 lor
1128 1331 1255 1421 fipurc,
1272 1328 1419 1422 scilicet,
1437 1330 1620 1404 dictarum
1641 1330 1844 1423 literarum,
1866 1334 1953 1404 com'
1966 1334 2004 1404 t‘u

831 1452 911 1522 l'du
927 1456 1086 1539 concede,
1103 1448 1249 1542 scilicet,
1266 1448 1304 1522 in
1323 1456 1447 1525 mente
1474 1469 1567 1523 mea.
1587 1450 1629 1522 ut
1646 1449 1746 1524 dicit:
1768 1458 1864 1525 euru
1880 1472 2002 1543 possm

833 1568 935 1662 idest,
962 1578 1089 1665 polens
1116 1569 1244 1664 virtus,
1265 1574 1367 1663 poia,
1396 1571 1498 1665 idest,
1525 1577 1648 1665 pateat
1678 1576 1716 1646 et
1747 1584 1933 1668 appareat,
1964 1576 2003 1647 iu

831 1694 941 1779 questi
964 1693 1056 1763 uersi
1079 1690 1197 1783 drcut',·
1223 1690 1327 1785 quasi
1347 1690 1459 1765 dicat:
1488 1697 1617 1786 praesta
1645 1690 1731 1765 mihi
1757 1698 1897 1767 tantam
1916 1713 2002 1789 gra-

833 1810 934 1904 tiam,
961 1817 1002 1884 ut
1026 1810 1160 1905 possim
1187 1812 1381 1905 propalare
1406 1812 1671 1887 ordinationem
1702 1819 1740 1887 et
1769 1812 2002 1909 significatio-

832 1950 916 2005 nem
942 1930 1124 2005 dictarum
1150 1931 1342 2005 literarum
1369 1931 1406 2004 iu
1432 1931 1557 2025 paucis
1576 1932 1755 2028 rhythmis
1774 1932 1999 2029 vulgaribus.

830 2056 1089 2125 -lloslrorsi
1116 2052 1180 2126 llic
1205 2058 1316 2127 autor
1341 2052 1572 2128 invocatione
1599 2053 1691 2128 lacta
1709 2052 1881 2148 exprimit
1901 2052 2000 2127 ordi-

831 2172 1015 2247 nationem
1043 2171 1203 2267 ipsarum
1232 2171 1435 2265 literarum,
1456 2171 1602 2267 scilicet,
1622 2174 1826 2249 orationem
1855 2192 1940 2268 qua
1961 2170 2001 2245 fit
2148 2162 2152 2165 ’

829 2313 875 2367 ex
902 2292 968 2385 eis;
995 2299 1032 2366 et
1052 2291 1214 2366 breviter
1230 2291 1326 2384 dicit,
1344 2291 1443 2385 quod
1460 2292 1577 2366 oratio
1594 2292 1775 2367 dictorum
1804 2294 1998 2389 spirituum

828 2418 908 2486 erat
933 2416 1104 2485 contexta
1129 2431 1176 2485 cx
1207 2410 1352 2507 triginta
1384 2411 1549 2506 quinque
1583 2413 1697 2488 literis
1726 2413 1820 2488 inter
1855 2414 1999 2488 vocales

828 2540 864 2607 et
890 2536 1141 2607 consonantes.
1168 2530 1261 2605 Dicit
1285 2552 1394 2629 ergo:
1422 2537 1509 2607 Sella
1536 2537 1681 2609 turolte
1701 2538 1907 2609 ausonam
1922 2554 1999 2607 mo-

827 2654 957 2727 strurst'
981 2654 1118 2743 duraque
1142 2654 1180 2724 in
1204 2655 1325 2743 citaque
1351 2655 1451 2744 volte,
1469 2653 1556 2749 quia
1577 2654 1772 2749 quinquies
1796 2661 1948 2749 septem,
1967 2654 1997 2727 si

830 2793 889 2849 res
915 2772 961 2847 ad
986 2772 1168 2847 calculum
1194 2772 1412 2866 deducatur,
1433 2772 1570 2847 laciunt
1596 2773 1742 2870 triginta
1763 2774 1942 2867 quinque;
1961 2779 1998 2848 et

828 2900 881 2968 tot
905 2894 1020 2968 lilerae
1045 2892 1271 2968 constituunt
1295 2892 1402 2966 istam
1427 2893 1653 2968 orationem:
1680 2897 1808 2985 diliqt'le
1823 2896 1997 2984 justitium

828 3018 887 3105 qui
903 3016 1072 3105 judicalis
1097 3021 1253 3106 terrum;
1274 3034 1435 3107 quarum
1462 3013 1652 3088 literarum
1677 3014 1811 3107 aliquae
1827 3022 1913 3087 sunt
1931 3035 1996 3089 vo·

829 3135 937 3228 cales,
964 3126 1096 3227 aliael')
1124 3138 1374 3208 consonantes.
1402 3134 1534 3208 Literae
1566 3133 1709 3209 vocales
1739 3140 1825 3208 sunt
1852 3142 1995 3209 tantum

831 3256 1005 3350 quinque,
1032 3276 1116 3350 quae
1141 3254 1192 3329 sic
1223 3254 1463 3349 appellantur,
1493 3255 1580 3348 quia
1611 3276 1747 3350 perse
1778 3276 1908 3331 vocem
1943 3256 1996 3331 la·

826 3375 938 3469 ciunt,
966 3374 1068 3467 idest,
1095 3373 1311 3468 dictionem;
1338 3374 1489 3470 reliquae
1524 3395 1613 3450 vero
1645 3376 1874 3470 appellantur
1908 3397 1996 3451 con-

826 3503 1009 3589 sonantes,
1038 3494 1128 3569 idest
1141 3486 1193 3587 (²),
1219 3494 1328 3568 simul
1353 3515 1440 3568 curn
1466 3495 1544 3569 aliis
1569 3504 1751 3590 sonantes,
1769 3496 1854 3590 quia
1873 3518 1939 3592 per
1958 3518 1997 3572 se

826 3638 899 3693 non
924 3617 1062 3692 faciunt
1087 3636 1229 3709 vocem,
1255 3614 1318 3692 sed
1339 3616 1544 3691 coniuncta
1559 3638 1646 3692 cum
1666 3618 1852 3691 vocalibus
1871 3618 1934 3692 sic.
1953 3619 1997 3692 Et

823 3738 926 3813 dicit:
953 3744 986 3811 et
1013 3740 1049 3809 io
1084 3738 1180 3809 ructui
1205 3739 1365 3829 teperti,
1394 3736 1540 3829 scilicet,
1566 3736 1732 3811 distincte
1765 3737 1995 3813 consideravi

826 3878 1130 3953 unamquamque
1149 3856 1291 3931 literam
1312 3878 1375 3952 per
1392 3878 1444 3950 se,
1461 3851 1603 3930 sicema
1617 3879 1754 3950 poruer
1771 3860 1869 3951 datu,
1891 3858 1994 3951 idest,

822 3977 1025 4054 secundum
1052 3978 1150 4071 quud
1176 3978 1430 4052 formabantur
1452 3978 1487 4050 in
1504 3998 1572 4052 ore
1593 3978 1739 4053 illorum
1765 3978 1992 4071 canentium,

823 4105 861 4173 et
887 4097 1142 4194 figurabantur
1159 4097 1196 4171 ln
1215 4104 1317 4171 mutu
1329 4097 1480 4171 illarum
1497 4088 1535 4191 (³)
1556 4098 1768 4172 volantium.
1786 4098 1889 4172 Unde
1906 4097 1993 4171 sub-

822 4219 874 4294 dit
891 4219 1046 4292 lormam
1066 4218 1283 4313 supradicta
1305 4217 1479 4292 orationis
1497 4238 1563 4313 pcr
1579 4217 1753 4292 dictiones
1770 4217 1994 4292 constituen-

824 4349 878 4415 tes
895 4360 990 4432 eam,
1007 4337 1150 4413 dicens:
1178 4339 1510 4429 Ddipitejuslitiom,
1528 4341 1674 4430 primui,
1693 4336 1795 4429 idest,
1814 4336 1891 4410 istae
1910 4337 1993 4411 duae

821 4462 996 4537 dictiones
1028 4459 1168 4554 prima,
1200 4458 1336 4554 dlligite
1365 4458 1556 4554 justitiam,
1579 4461 1642 4551 sur
1672 4458 1778 4531 cerdo
1812 4464 1845 4529 et
1876 4478 1990 4551 uuum,

821 4579 927 4673 quasi
951 4580 1066 4653 dicat:
1094 4578 1193 4672 quod
1219 4577 1302 4651 duae
1327 4578 1456 4673 prlmae
1482 4586 1604 4673 partes
1635 4576 1809 4651 orationis
1844 4577 1995 4651 luerunt

824 4698 918 4773 istud
944 4698 1112 4791 verbum,
1138 4700 1281 4789 diripite,
1307 4697 1405 4792 quod
1432 4705 1488 4771 est
1512 4698 1691 4793 optimum
1710 4696 1866 4770 verbum
1894 4695 1992 4790 quod

885 4958 911 5016 Ji
926 4956 952 5007 S.
968 4957 1070 5021 aliquae.
1134 4954 1162 5019 (¹)
1177 4958 1203 5008 S.
1219 4959 1293 5021 qnasi
1308 4957 1396 5007 simul.
1459 4956 1486 5020 (⁸)
1503 4957 1534 5007 E.
1549 4956 1655 5007 illarum
1671 4956 1758 5004 arium
1775 4952 1926 5003 volanllum.
