4842 6642
804 807 877 880 att
1195 824 1399 882 ooueuauu
1425 823 1589 882 uramur

808 963 911 1042 Unde
946 966 1136 1042 saladinus
1170 974 1238 1044 ete
1270 967 1325 1044 dd
1357 968 1583 1065 propositum
1619 987 1710 1065 ergo
1743 967 1828 1044 licet
1861 969 1982 1044 omnis

807 1088 968 1162 annulus
992 1087 1181 1164 videretur
1198 1109 1310 1164 verus
1327 1095 1364 1165 et
1381 1089 1581 1165 haberetur
1597 1109 1723 1184 carus,
1741 1095 1867 1164 tamen
1885 1110 1983 1164 unus

805 1209 906 1286 solus
923 1214 1003 1284 erat
1020 1229 1131 1285 verus
1156 1216 1193 1284 et
1218 1209 1347 1284 bonus.
1362 1249 1411 1266 -
1428 1215 1531 1284 dome
1554 1213 1591 1284 il.
1608 1209 1673 1284 llio
1690 1216 1802 1286 autor
1829 1211 1982 1285 conclu-

802 1329 894 1404 dens
921 1329 1049 1404 ultimo
1074 1329 1246 1406 describit
1276 1331 1561 1427 gratulationem
1588 1331 1723 1426 loelam,
1750 1351 1862 1426 quam
1897 1330 1982 1406 iecit

805 1448 873 1527 sibi
897 1449 1028 1525 Petrus
1045 1470 1242 1546 peronam
1260 1449 1573 1546 comparationem
1591 1448 1833 1525 domesticam
1852 1457 1890 1525 et
1906 1451 1981 1525 cla-

806 1592 899 1647 ram.
916 1573 1096 1647 construe
1119 1571 1171 1646 sie
1196 1571 1361 1647 literam:
1387 1573 1623 1664 L'apmtolioo
1646 1573 1749 1662 tone,
1770 1570 1874 1666 idest,
1893 1591 1981 1646 san·

805 1699 887 1768 ctus
902 1692 1044 1786 Petrus,
1062 1695 1101 1765 ol
1114 1693 1170 1766 oui
1184 1691 1358 1766 romundo
1382 1694 1419 1764 io
1442 1711 1532 1765 uvea
1553 1694 1657 1782 dello,
1675 1689 1781 1784 idest,
1799 1690 1979 1785 loquutus

808 1814 951 1888 fueram
978 1812 1025 1888 de
1048 1812 1130 1907 tide,
1149 1816 1199 1887 nti
1217 1816 1309 1886 diue
1326 1821 1378 1886 tre
1395 1816 1496 1903 volte,
1517 1811 1662 1907 scilieet,
1683 1811 1980 1908 circumgirando

807 1953 848 2008 se
872 1934 969 2008 circa
994 1953 1066 2027 me,
1087 1935 1265 2008 castnedo
1284 1925 1314 2006 si
1331 1936 1418 2006 eom'
1430 1935 1466 2007 io
1482 1935 1608 2026 torqui
1626 1931 1732 2028 idest,
1753 1932 1874 2008 statim
1894 1952 1979 2007 oum

808 2054 876 2130 ieci
900 2054 1012 2130 finem
1046 2053 1280 2149 responsioni,
1312 2045 1342 2128 sl
1373 2058 1431 2128 nel
1458 2057 1518 2129 dir
1548 2057 1600 2146 uli
1626 2058 1782 2148 pannoni,
1808 2053 1914 2147 idest,
1943 2051 1981 2126 in

809 2182 952 2249 tantum
977 2173 1096 2270 placui
1121 2174 1188 2248 sibi
1214 2181 1383 2270 prompto
1409 2181 1447 2250 et
1471 2174 1570 2252 clare
1601 2173 1787 2269 loquendo
1816 2173 1862 2250 de
1887 2173 1980 2268 lide;

807 2301 846 2370 et
879 2295 950 2370 hoo
978 2293 1081 2369 lecit:
1117 2285 1189 2367 eost
1220 2313 1316 2368 conto
1344 2297 1372 2367 il
1401 2297 1525 2386 emtor
1555 2297 1606 2368 cll’
1619 2297 1756 2396 usumin
1779 2296 1859 2385 quel
1881 2295 1941 2366 ode
1969 2295 1984 2365 i

808 2417 923 2508 piace,
949 2412 1096 2508 quando
1120 2413 1223 2489 audit
1247 2413 1343 2489 bona
1369 2421 1408 2489 et
1432 2415 1515 2490 laeta
1541 2435 1648 2510 nova,
1665 2417 1717 2488 du
1733 2417 1808 2489 indi
1832 2415 1984 2488 αῠὺναο-

810 2539 866 2611 oia
889 2539 917 2611 il
937 2555 1053 2629 servo,
1081 2533 1227 2628 scilieet,
1254 2533 1425 2608 nuntium
1450 2535 1680 2632 gratulando,
1704 2536 1809 2630 idest,
1830 2535 1983 2630 applau-

812 2657 943 2752 dendo,
965 2679 1032 2751 ρον
1056 2658 1094 2730 la
1118 2657 1256 2730 novellu
1282 2661 1369 2729 tosto
1390 2658 1481 2731 olt'ei
1500 2660 1533 2731 ei
1549 2665 1636 2749 toea,
1654 2657 1759 2754 idest,
1779 2653 1983 2754 quamcito

817 2778 895 2853 linit
920 2777 1166 2856 narrationem
1195 2797 1316 2872 suam,
1341 2777 1418 2853 sive
1441 2778 1699 2854 ambassiatam
1727 2785 1795 2854 eto.
