4842 6642
938 765 984 832 76
1327 775 1533 831 mundaum
1558 775 1723 830 nnnlmsv

935 925 994 996 att
1006 925 1168 1014 insopita,
1189 921 1293 1013 idest,
1314 929 1395 1015 pnst
1419 921 1515 997 dona
1531 921 1686 1016 Spiritus
1704 922 1829 1017 sancti,
1848 943 1932 1017 quae
1950 929 2036 996 sunt
2052 920 2110 994 in-

934 1041 1049 1140 signia
1076 1050 1176 1117 reete
1201 1041 1372 1116 ducentia
1398 1041 1508 1115 istum
1534 1042 1751 1137 exereitum,
1777 1042 1872 1117 sicut
1903 1041 2109 1139 figuraliter

934 1169 1123 1237 ostensum
1143 1167 1197 1236 est
1218 1182 1329 1255 snpra
1347 1163 1552 1257 Purgatnrii
1571 1163 1740 1258 capitulo.
1758 1162 1803 1236 Et
1820 1163 1889 1236 bne
1913 1161 1995 1235 dico
2014 1166 2107 1254 erat,

935 1286 1078 1377 qnando
1103 1286 1126 1356 l’
1138 1285 1342 1374 imparatior
1374 1284 1436 1354 ebe
1464 1303 1601 1374 sempre
1628 1302 1755 1374 regna,
1788 1282 1825 1356 in
1858 1281 2018 1378 gloriosa
2048 1301 2109 1356 re-

936 1422 1021 1500 gno,
1043 1402 1177 1476 scilieet
1201 1402 1311 1494 Deus,
1331 1403 1503 1494 prevmde
1528 1404 1602 1476 atla
1627 1405 1758 1476 initiata
1782 1404 1833 1475 elt'
1846 1423 1910 1474 era
1934 1403 1971 1473 ia
1995 1405 2106 1495 surse,

937 1523 1039 1616 idest,
1066 1521 1229 1596 ecelesiae
1254 1521 1422 1596 militanti
1452 1517 1589 1617 quia(¹)
1617 1528 1698 1598 erat
1722 1523 1759 1595 in
1783 1521 1907 1617 dnbio,
1933 1543 2001 1614 per
2030 1525 2107 1595 sota

936 1647 1079 1737 pruzia,
1107 1665 1179 1716 nnn
1214 1644 1300 1737 quia
1335 1651 1556 1737 mereretur,
1589 1665 1662 1716 nnn
1689 1665 1758 1737 per
1789 1665 1883 1717 esser
1907 1645 2046 1736 dapum
2070 1647 2107 1716 et

938 1765 1059 1841 subdit
1084 1765 1270 1859 quomodo
1295 1765 1462 1860 previdit,
1488 1765 1629 1840 dicens:
1647 1787 1667 1838 e
1684 1767 1845 1838 abcnnrse
1862 1785 1886 1836 a
1902 1784 1968 1836 sun
1986 1784 2107 1854 spese,

936 1887 1070 1962 scilicet
1095 1885 1258 1960 ecclesiae
1281 1884 1424 1979 Christi,
1442 1906 1509 1959 con
1526 1888 1596 1959 dae
1612 1888 1800 1978 campiani,
1827 1883 1976 1975 scilieet,
1991 1881 2108 1956 Fran·

935 2007 1030 2082 cisen
1056 2011 1094 2080 el
1118 2006 1319 2100 Dominum,
1347 2009 1387 2080 al
1409 2009 1465 2080 eni
1485 2009 1580 2101 sare,
1597 2011 1638 2081 nl
1650 2012 1707 2082 rai
1722 2010 1812 2096 dire,
1830 2005 1932 2098 idest,
1949 2003 1996 2078 ad
2014 2024 2108 2098 qun·

937 2148 1021 2201 rum
1047 2126 1212 2222 pugilum
1240 2127 1334 2202 laeta
1360 2136 1397 2202 et
1421 2126 1529 2222 dieta,
1556 2131 1591 2200 lo
1610 2131 1722 2220 popel
1739 2130 1901 2216 dbviato,
1918 2125 2011 2199 idest
2042 2145 2108 2219 pn·

936 2250 1045 2346 pulus
1077 2249 1294 2322 christianus
1330 2248 1393 2342 qui
1425 2247 1639 2322 deviaverat
1669 2269 1692 2322 a
1724 2247 1861 2322 virtute
1893 2253 1930 2321 et
1964 2245 2046 2339 lide,
2077 2249 2110 2318 si

935 2391 1113 2460 raecerse,
1132 2368 1234 2462 idest,
1255 2367 1463 2444 emendavit
1487 2387 1528 2442 se
1553 2376 1591 2442 et
1616 2367 1746 2442 redivit
1771 2368 1817 2442 ad
1844 2376 1983 2443 rectam
2011 2369 2105 2442 viam

936 2489 1081 2564 virtutis
1107 2495 1143 2564 et
1168 2489 1263 2582 fidei,
1290 2489 1377 2582 quia
1404 2489 1510 2565 multi
1530 2488 1697 2562 conversi
1721 2495 1807 2561 sunt
1831 2489 2004 2563 mirantes
2021 2489 2108 2562 istos

936 2611 1092 2704 ordines,
1127 2617 1164 2685 et
1201 2610 1291 2684 alios
1329 2615 1602 2684 converterunt.
1638 2608 1682 2681 Et
1719 2608 1827 2682 dicit:
1854 2606 1974 2683 com'e'
2002 2613 2105 2700 deun,

936 2731 1068 2806 scilieet
1094 2731 1130 2804 in
1156 2730 1316 2824 capitulo
1347 2729 1516 2824 proxime
1546 2728 1776 2824 praeeedenti,
1809 2729 1872 2803 ubi
1907 2729 2022 2824 posita
2053 2737 2108 2803 est

936 2851 1064 2926 eadem
1090 2850 1280 2925 sententia.
1294 2853 1400 2922 -ln
1425 2853 1549 2940 puella.
1580 2848 1645 2922 llic
1679 2849 1938 2924 bonaventura
1968 2849 2108 2924 accedit

936 2973 981 3048 ad
1008 2971 1283 3046 describendam
1309 2970 1421 3044 vitam
1447 2970 1623 3044 llnminiei
1641 2961 1703 3062 (²):
1731 2977 1769 3045 et
1793 2970 1913 3066 primo
1937 2969 2108 3044 describit

805 3109 808 3115 ¹
935 3093 1058 3166 lacurn
1085 3111 1163 3164 suae
1185 3090 1334 3186 originis
1359 3111 1382 3164 a
1409 3111 1534 3186 regno,
1560 3111 1582 3164 a
1609 3109 1710 3186 rege,
1736 3112 1759 3164 a
1784 3090 1890 3184 mari,
1908 3112 1931 3165 a
1949 3091 2106 3186 plaga,a

923 3211 1057 3287 'vente
1085 3211 1138 3285 Ad
1163 3211 1270 3286 cuius
1295 3211 1512 3286 evidentiam
1540 3216 1596 3284 est
1620 3211 1899 3305 praesciendum,
1916 3212 2014 3305 qarnd
2040 3211 2108 3284 iste

935 3331 1146 3406 Dominieus
1173 3331 1241 3403 luit
1265 3331 1442 3405 oriundus
1459 3331 1505 3406 de
1521 3332 1702 3426 Hispania,
1724 3331 1771 3406 de
1792 3352 1908 3428 regno
1932 3332 2107 3425 Castellae,
2142 3317 2147 3324 ’

936 3450 982 3526 de
1007 3451 1152 3526 civitate
1177 3471 1263 3545 quae
1286 3451 1419 3525 dieitur
1443 3451 1604 3545 Ausima,
1630 3452 1677 3526 de
1703 3452 1786 3526 villa
1813 3451 1919 3545 illius,
1946 3472 2031 3546 quae
2054 3451 2110 3525 di·

937 3572 1033 3646 citnr
1061 3570 1241 3668 Calarnga
1273 3576 1342 3646 etn.
1373 3571 1466 3645 Dicit
1491 3590 1606 3668 ergo:
1640 3576 1692 3643 Le
1723 3576 1908 3665 fortunata
1944 3575 2109 3645 deltaru-

936 3712 999 3782 pa,
1024 3690 1107 3764 villa
1137 3690 1335 3765 Ausimana
1367 3711 1457 3766 vere
1488 3691 1686 3784 fortunata,
1711 3691 1798 3786 qnia
1830 3692 1970 3786 peperit
1997 3693 2106 3766 talem

936 3812 1142 3904 alumnum,
1168 3817 1244 3884 tarn
1270 3801 1404 3886 sortem
1436 3811 1622 3908 pugilem:
1654 3811 1831 3908 Calarnga
1864 3811 1962 3886 enim
1995 3812 2108 3885 inter-

935 3936 1102 4025 pretatur
1128 3931 1224 4004 bona
1258 3930 1468 4025 deprecatio
1482 3923 1532 4023 (³).
1567 3932 1659 4006 Nam
1693 3935 1796 4004 tales
1828 3951 1961 4028 graece,
1995 3931 2108 4006 latine

935 4041 1093 4144 benum3
1119 4071 1223 4144 rope,
1251 4050 1355 4145 idest,
1381 4072 1523 4146 precor.
1549 4053 1593 4126 llt
1611 4053 1669 4126 hic
1690 4059 1788 4148 nota,
1808 4052 1908 4147 quod
1928 4051 2106 4146 Calarega

935 4177 990 4247 esl
1014 4171 1139 4246 civitas
1166 4171 1201 4244 in
1227 4171 1396 4267 llispania
1430 4180 1499 4246 ete.
1533 4175 1646 4263 Sinde,
1676 4171 1779 4265 idest,
1813 4171 1946 4245 situata
1978 4177 2044 4263 est,
2069 4172 2107 4243 in

935 4296 1048 4383 quella
1069 4299 1185 4386 parte,
1215 4293 1317 4386 idest,
1343 4293 1449 4388 plaga
1483 4291 1709 4386 occidentali,
1743 4291 1805 4366 ubi
1837 4298 1892 4365 est
1925 4290 2106 4385 Hispania,

935 4434 998 4485 ove
1021 4416 1131 4502 zefir'n
1156 4415 1267 4503 delae,
1293 4412 1355 4505 qui
1382 4419 1438 4486 est
1463 4419 1595 4487 ventus
1621 4411 1715 4487 inter
1741 4413 1943 4486 Ponentem
1961 4417 1998 4484 et
2014 4409 2105 4484 Gar-

937 4533 1063 4606 binum
1090 4533 1179 4607 levis
1199 4540 1237 4607 et
1261 4532 1397 4626 suavis,
1421 4553 1528 4622 surge
1545 4536 1595 4606 nd
1614 4535 1737 4624 aprire
1761 4535 1793 4606 le
1816 4533 1949 4604 notate
1963 4532 2105 4626 fronde,

936 4652 1023 4746 quia
1049 4652 1132 4726 lacit
1156 4654 1309 4728 arbores
1333 4654 1545 4750 germinare
1570 4659 1737 4749 tempore
1762 4653 1860 4728 veris
1877 4653 1914 4726 in
1931 4654 2023 4728 orbe
2040 4673 2107 4726 nn-

998 4908 1028 4974 (¹)
1042 4909 1073 4960 Ε.
1090 4923 1149 4974 quo
1163 4915 1228 4961 erat.
1353 4910 1381 4972 Ρ)
1397 4910 1428 4960 li.
1444 4910 1513 4962 bauti
1527 4910 1665 4962 Dnmlnlel.
1789 4908 1818 4975 (¹)
1832 4910 1858 4962 S.
1875 4911 1997 4974 preosda.
