4842 6642
753 875 894 933 caurus
918 877 1112 933 ηιηηεηιηη
1135 878 1304 944 oumrus.
1544 864 1618 933 365

443 1022 569 1097 stallm
589 1021 805 1117 equivalens
828 1021 894 1096 soli
921 1021 958 1094 in
983 1021 1175 1116 splendore
1201 1022 1247 1097 sit
1272 1022 1309 1096 in
1334 1020 1510 1118 principio
1529 1042 1621 1097 caa-

442 1142 515 1235 cri3
542 1146 631 1219 tunc
657 1142 780 1217 statim
805 1162 892 1217 curn
913 1142 972 1217 sol
997 1141 1170 1219 ascendet
1194 1161 1306 1237 super
1330 1142 1508 1235 orizonte,
1533 1162 1620 1238 crp-
1725 1185 1731 1193 ·

443 1262 569 1337 stallm
594 1262 654 1337 illa
680 1262 875 1339 descendet
894 1262 929 1337 in
947 1263 1185 1356 occidentem,
1199 1263 1220 1307 *
1232 1270 1270 1337 et
1285 1282 1308 1337 e
1324 1283 1505 1338 converso
1529 1283 1620 1337 cun

442 1384 496 1457 sol
520 1382 718 1459 descendet
735 1382 771 1457 in
793 1383 1017 1459 occidentem
1032 1383 1051 1427 *
1065 1377 1102 1475 (¹)
1120 1383 1190 1459 sub
1207 1385 1382 1476 orizonta,
1400 1389 1438 1457 et
1456 1382 1515 1455 illa
1532 1403 1621 1477 crp-

444 1505 571 1581 stallus
597 1503 768 1579 ascendet
794 1503 829 1577 in
855 1503 1049 1597 orientem,
1070 1504 1156 1598 quia
1175 1504 1413 1600 capricornus
1429 1512 1466 1579 et
1482 1520 1616 1579 cancer

444 1631 530 1703 sunt
546 1625 651 1721 signa
668 1624 849 1719 opposita:
867 1631 903 1701 et
923 1630 1068 1719 oportet
1086 1644 1382 1721 praesupponere,
1403 1624 1503 1718 quod
1523 1623 1617 1698 sicut

447 1748 503 1823 sol
525 1744 704 1843 gradatim
732 1745 915 1841 percurrit
942 1752 1059 1821 totum
1086 1746 1356 1840 capricornum,
1373 1745 1422 1819 ita
1439 1746 1507 1821 ista
1532 1766 1618 1841 crp-

446 1867 571 1941 stallus
596 1871 790 1960 percurrat
817 1872 934 1939 toturn
961 1884 1151 1961 cancrum,
1178 1866 1229 1940 ita
1255 1866 1353 1959 quod
1378 1864 1516 1961 pariter
1537 1884 1618 1939 mo·

445 1994 576 2061 reatus
602 2006 687 2061 cum
715 1986 802 2061 sole.
829 1985 883 2059 Ad
908 1985 1050 2061 literam
1082 2006 1172 2081 ergo
1202 1985 1287 2059 dicit
1320 1993 1451 2059 autor:
1476 1988 1618 2077 Porcia,

444 2106 591 2199 scilicet,
609 2115 688 2201 post
705 2114 855 2181 cantum
876 2106 1110 2203 gaudiosum,
1127 2128 1175 2179 un
1194 2110 1296 2199 trinu,
1317 2106 1464 2199 scilicet,
1482 2106 1620 2181 luban·

445 2247 510 2301 nes
525 2226 760 2323 evangelista,
785 2230 817 2299 si
840 2219 982 2319 scirtari,
1003 2226 1107 2319 idest,
1124 2226 1296 2325 apparuit
1314 2226 1506 2322 splendens
1524 2233 1622 2302 tam-

444 2368 555 2441 quarn
583 2347 651 2441 sol,
675 2356 734 2421 tro
754 2368 839 2435 esse,
858 2348 960 2441 idest,
987 2347 1083 2423 inter
1105 2348 1223 2423 dictas
1237 2368 1364 2441 speras
1384 2348 1444 2422 vel
1462 2348 1618 2441 animas,

447 2461 489 2559 si,
518 2468 621 2562 idest,
648 2475 721 2542 tam
748 2470 982 2562 excellenter,
1009 2471 1068 2543 cla
1092 2490 1129 2543 ae
1154 2472 1179 2545 'l
1202 2490 1333 2543 coemo
1353 2490 1474 2543 coesse
1496 2490 1545 2541 un
1570 2472 1621 2545 tol

447 2590 617 2678 msultn,
642 2588 745 2683 idest,
770 2589 908 2681 lumen,
935 2591 958 2661 l’
970 2592 1132 2683 interno,
1158 2588 1305 2683 scilicet,
1322 2590 1471 2683 quando
1487 2591 1543 2665 sol
1562 2596 1617 2665 ecl

447 2709 484 2783 in
509 2709 734 2804 capricorno,
760 2711 909 2785 coralite
933 2730 981 2785 un
1006 2732 1097 2785 mese
1121 2712 1155 2783 d'
1169 2730 1216 2783 un
1239 2713 1296 2783 sol
1310 2702 1360 2801 di,
1377 2710 1465 2804 quia
1482 2710 1619 2785 scilicet

448 2836 542 2904 esset
567 2830 742 2905 continuo
767 2831 923 2925 claritas,
951 2832 1064 2909 etsie
1089 2838 1185 2907 esset
1208 2831 1286 2905 dias
1319 2830 1398 2906 siue
1429 2838 1548 2905 nocte
1575 2831 1619 2905 lit

448 2949 506 3025 liic
531 2954 615 3025 nota
642 2951 741 3044 quod
766 2958 876 3025 autor
893 2950 1107 3027 benedicit:
1125 2954 1323 3043 tinomao,
1339 2950 1426 3046 quia
1444 2950 1506 3025 dat
1523 2950 1618 3024 istud

447 3068 616 3145 accidens
640 3090 795 3146 cancro:
822 3072 850 3145 si
877 3071 973 3147 eninr
1006 3072 1110 3147 daret
1138 3072 1209 3147 tale
1240 3071 1367 3145 lumen
1392 3070 1619 3165 capricorno,

448 3195 536 3264 tnnc
562 3189 657 3267 idern
684 3191 852 3267 accidens
876 3192 1058 3267 accideret
1088 3192 1124 3267 in
1157 3197 1305 3285 aesmte3
1330 3198 1367 3266 et
1399 3191 1428 3265 si
1460 3180 1618 3281 dareti’)

451 3310 695 3389 daumerico
728 3311 910 3387 accideret
936 3311 972 3385 in
997 3319 1200 3405 autumno;
1231 3318 1268 3385 et
1299 3311 1329 3386 si
1362 3311 1468 3385 daret
1502 3330 1618 3385 arnum

450 3431 564 3524 libre,
581 3432 761 3509 accideret
779 3433 817 3507 in
834 3453 943 3527 vere3
962 3439 999 3509 et
1016 3433 1044 3507 si
1062 3432 1168 3509 daret
1184 3431 1336 3529 singulis
1360 3430 1471 3528 siguis
1496 3452 1620 3524 suum,

450 3556 538 3633 tunc
554 3559 648 3627 esset
666 3558 763 3628 totus
779 3555 956 3629 decursus
975 3554 1150 3649 temporis
1166 3574 1316 3648 semper
1330 3552 1407 3627 dies
1423 3551 1502 3627 siue
1515 3558 1622 3627 nocte
1638 3636 1642 3641 ,

450 3672 593 3766 aliqum
619 3681 656 3749 et
681 3673 843 3749 breviter
868 3682 905 3749 et
929 3676 1029 3751 clare
1045 3674 1197 3773 doceam
1218 3680 1255 3747 te
1270 3672 1619 3747 demonstrationem

451 3794 567 3869 istam
582 3793 672 3868 Volo
685 3793 785 3888 quod
798 3794 1009 3891 imagineris
1020 3785 1056 3887 (³)
1072 3800 1109 3869 et
1123 3794 1238 3891 lingas
1255 3794 1292 3868 in
1306 3799 1429 3868 mente
1446 3799 1511 3868 tua
1527 3792 1621 3867 duos

451 3916 547 3993 soles
570 3916 606 3990 in
632 3916 736 4011 eoelo,
762 3936 878 3991 unum
907 3916 943 3989 in
969 3916 1122 4009 oriente,
1148 3916 1264 3991 alium
1299 3916 1335 3988 in
1370 3913 1559 3991 occidente
1584 3912 1620 3986 in

451 4037 563 4133 signis
586 4036 776 4132 oppositis3
804 4043 891 4111 tunc
912 4036 1009 4111 enirn
1030 4056 1105 4110 uno
1121 4024 1322 4129 occidente,
1338 4034 1432 4109 alter
1447 4034 1622 4109 continuo

451 4157 626 4251 oriretur,
651 4164 689 4232 et
713 4157 764 4231 sic
791 4155 1068 4231 continuaretur
1093 4156 1238 4229 claritas
1255 4162 1293 4230 ct
1308 4155 1396 4230 dies.
1417 4154 1461 4227 lit
1480 4154 1532 4228 sio
1549 4174 1622 4229 uon

452 4284 596 4373 oportet
619 4278 811 4353 declarare
836 4298 963 4351 casum
991 4276 1100 4351 istum
1129 4298 1195 4373 per
1219 4276 1343 4351 literas
1375 4274 1557 4370 alphabeti
1582 4296 1619 4368 u,

399 4404 402 4410 “
454 4400 491 4492 d,
511 4421 543 4488 c,
569 4399 662 4474 sicut
687 4398 835 4492 qnidam
864 4398 985 4472 lacere
1011 4404 1192 4471 conantur
1217 4396 1445 4493 implicantes
1470 4397 1623 4492 phanta-

452 4641 650 4716 adventum
678 4639 850 4714 lobannis
878 4638 1109 4735 evangelistae
1134 4637 1181 4712 ad
1206 4638 1297 4712 alios
1316 4637 1409 4712 duos
1426 4658 1492 4734 per
1510 4658 1622 4712 unam

453 4761 763 4858 comparationem
792 4760 956 4855 pulcram
982 4766 1021 4833 et
1048 4758 1231 4854 propriam
1258 4778 1343 4852 qrrae
1367 4757 1414 4832 de
1442 4778 1482 4832 sc
1513 4762 1623 4852 patet.

513 5024 541 5088 i'l
561 5024 588 5073 li.
605 5024 678 5074 daret
696 5024 777 5075 aricii.
1128 5022 1155 5087 (a,
1171 5024 1201 5075 Β·
1220 5024 1292 5089 Μ
1307 5024 1438 5088 ΜΝ
