4842 6642
924 759 971 828 32
1315 773 1520 832 conserua
1544 779 1711 834 naanorsr

822 929 825 936 ’
919 919 1005 1008 otto,
1023 916 1126 1013 idest,
1144 939 1229 1014 quae
1246 928 1386 1014 quanto
1404 925 1485 1017 plus
1503 922 1665 1001 ascendit
1683 943 1813 999 versus
1830 925 1988 1021 primam
2006 947 2090 1005 cau·
2231 949 2236 956 ·

920 1057 1011 1130 sana,
1026 1044 1128 1114 tanto
1148 1041 1264 1137 magis
1280 1042 1444 1116 noscitur
1459 1035 1495 1136 (¹)
1514 1043 1714 1119 ascendere
1730 1044 1911 1140 gradatim
1934 1046 2096 1122 debono

919 1159 957 1233 in
984 1160 1115 1236 melius
1132 1163 1236 1236 valor
1255 1162 1351 1237 illius
1375 1163 1547 1257 scientiae,
1572 1164 1689 1240 donec
1709 1167 1920 1260 pervenerit
1936 1167 1984 1242 ad
2002 1167 2095 1243 lina·

922 1281 995 1356 lem
1021 1281 1220 1356 terminum
1234 1305 1246 1375 3
1263 1290 1300 1358 et
1316 1282 1424 1358 dicit:
1450 1278 1481 1358 sl
1495 1286 1719 1360 sotuaooenn
1733 1288 1794 1360 otc
1809 1289 1834 1362 l
1845 1293 1919 1362 otto
1934 1309 1999 1361 sno
2022 1309 2094 1362 nort

919 1405 1103 1496 sisporge
1123 1425 1191 1496 por
1216 1412 1342 1497 tempo,
1360 1405 1461 1500 idest,
1481 1426 1554 1480 non
1579 1406 1774 1481 deducitur
1788 1399 1825 1498 (²)
1853 1407 1888 1480 in
1913 1414 2094 1502 tempore,

920 1523 1007 1617 quia
1032 1531 1136 1598 actus
1161 1525 1242 1600 eius
1266 1533 1322 1600 est
1346 1525 1597 1602 instantaneus
1621 1535 1660 1602 ct
1676 1526 1987 1624 imperceptibilis;
2006 1549 2092 1605 nam

921 1651 963 1720 ut
981 1645 1059 1742 jam
1086 1646 1225 1720 dictum
1252 1653 1318 1740 est,
1336 1646 1373 1720 in
1390 1646 1537 1722 instanti
1555 1648 1632 1722 visa
1649 1647 1800 1724 estheri
1818 1649 2030 1724 clarissima.
2044 1689 2093 1704 --

920 1768 1040 1840 Porct'
1053 1769 1099 1838 to.
1136 1766 1199 1842 llic
1230 1773 1341 1841 autor
1371 1775 1525 1844 excusat
1554 1789 1596 1842 se
1626 1767 1672 1842 ad
1704 1768 1982 1864 descriptionem
2016 1777 2091 1846 tam

918 1885 1127 1961 excellentis
1144 1886 1397 1982 pulcritudinis
1413 1895 1451 1962 et
1469 1888 1662 1962 claritatis:
1679 1894 1717 1962 et
1733 1888 1935 1982 dicitquod
1954 1890 2003 1964 ad
2022 1891 2092 1964 hoc

918 2028 992 2081 non
1017 2007 1151 2082 sufficit
1175 2013 1275 2082 totus
1300 2018 1454 2085 conatus
1479 2008 1655 2101 hominis,
1674 2008 1773 2083 unde
1798 2008 1903 2083 dicit:
1924 2011 2093 2101 perct'r'o

918 2132 1043 2204 ottoni
1073 2131 1427 2222 cugmentare
1456 2151 1475 2204 e
1508 2133 1621 2219 ruso,
1647 2129 1750 2224 quasi
1777 2129 1895 2207 dicat:
1922 2128 2093 2224 quamvis

919 2269 989 2346 ago
1010 2249 1181 2344 experiar
1206 2248 1409 2346 ingenium,
1437 2256 1570 2341 artem,
1601 2256 1639 2323 et
1675 2269 1799 2342 usum,
1829 2270 1915 2343 quae
1940 2250 2010 2324 tria
2036 2247 2092 2325 vi·

917 2369 1052 2445 dentur
1078 2369 1256 2463 perficere
1280 2369 1455 2464 quicquid
1480 2370 1592 2444 horno
1616 2370 1843 2466 aggreditur,
1868 2362 1899 2444 sl
1923 2373 1986 2444 nol
1999 2372 2090 2442 dt‘rei

918 2492 978 2562 cte
1002 2493 1076 2562 moi
1098 2493 1397 2582 s‘immopinossc,
1415 2491 1516 2583 idest,
1535 2511 1609 2564 non
1633 2511 1779 2586 possem
1804 2490 2014 2586 exprimere
2040 2491 2092 2569 ita

918 2609 1017 2704 quod
1043 2611 1155 2684 homo
1180 2620 1303 2706 posset
1320 2610 1532 2684 humaniter
1548 2609 1758 2707 imaginari;
1775 2610 1840 2685 sed
1859 2611 1954 2684 hene
1971 2616 2090 2706 potest

917 2730 1016 2806 credi
1043 2736 1079 2804 et
1104 2729 1214 2805 debet
1237 2731 1374 2826 optari3
1401 2731 1499 2806 unde
1523 2731 1627 2806 dicit:
1658 2752 1718 2804 mo
1742 2734 1866 2806 credor
1877 2734 2000 2824 puossi
2015 2752 2034 2802 e
2051 2733 2090 2804 di

917 2854 1022 2926 aeder
1045 2853 1078 2924 si
1101 2851 1241 2946 hamt,
1266 2851 1370 2945 quasi
1395 2851 1510 2926 dicat:
1537 2857 1730 2948 postquam
1754 2851 1989 2947 imaginativa
2015 2873 2089 2926 non

918 2977 974 3046 est
990 2970 1185 3064 sufficiens,
1198 2970 1286 3046 fides
1299 2979 1338 3046 et
1349 2971 1546 3046 credulitas
1563 2976 1782 3046 succurrant
1793 2970 1839 3045 ad
1852 2971 2087 3067 cogitandum

917 3097 1059 3184 quanto
1081 3091 1228 3166 Beatrix
1254 3098 1335 3166 erat
1360 3092 1540 3166 lucentior
1565 3092 1661 3184 sole;
1688 3113 1772 3166 nam
1794 3092 1843 3177 de
1861 3092 1914 3168 rei
1934 3093 2089 3168 veritate

917 3211 1017 3306 tides,
1035 3231 1108 3286 non
1127 3211 1234 3305 ratio,
1246 3217 1302 3286 est
1319 3211 1380 3285 illa
1399 3232 1484 3305 quae
1502 3211 1586 3287 iacit
1603 3211 1729 3287 videre
1745 3212 1985 3288 excellentem
2005 3211 2089 3306 pul·
2173 3305 2184 3312 ἱ

916 3331 1132 3406 critudinem
1171 3331 1358 3426 Beatricis,
1385 3352 1497 3425 quarn
1529 3331 1735 3407 intellectus
1766 3333 1952 3406 humanus
1984 3352 2088 3406 com·

915 3454 1144 3550 prehendere
1169 3473 1243 3527 non
1269 3458 1397 3548 potest.
1411 3458 1506 3526 -Ε
1527 3475 1565 3526 sc
1589 3455 1620 3526 le
1644 3461 1772 3528 nostre.
1791 3453 1855 3526 llic
1871 3459 1981 3526 autor
1998 3472 2086 3548 pro·

914 3577 977 3651 hat
1013 3596 1080 3672 per
1118 3575 1241 3650 locum
1272 3596 1295 3648 a
1325 3573 1432 3648 simili
1471 3594 1589 3666 quare
1626 3573 1779 3649 incultas
1815 3573 1979 3646 humana
2014 3591 2088 3646 non

915 3695 1060 3788 sufficit,
1087 3696 1221 3770 scilicet
1245 3701 1395 3790 propter
1419 3694 1604 3770 delectum
1627 3693 1902 3789 phantasiarum
1922 3715 2007 3787 qnae
2025 3713 2088 3768 re·

914 3816 1100 3911 cipiuntur
1121 3837 1143 3890 a
1161 3815 1338 3908 sensibus,
1356 3821 1394 3889 et
1419 3835 1550 3890 sensus
1574 3814 1675 3888 risus
1700 3833 1774 3887 non
1798 3812 1961 3888 ascendit
1986 3813 2085 3889 ultra

914 3937 1117 4013 claritatem
1143 3936 1246 4029 solis3
1272 3943 1310 4009 ct
1333 3935 1386 4009 sic
1412 3955 1485 4008 non
1502 3941 1621 4029 potest
1640 3933 1700 4008 ille
1717 3955 1846 4008 sensus
1862 3933 1952 4007 dare
1969 3934 2086 4028 phan-

916 4058 1042 4132 tasiam
1079 4055 1274 4152 plusquam
1288 4046 1326 4147 (³)
1357 4054 1655 4149 comprehendat,
1689 4054 1753 4130 sed
1785 4055 1906 4148 potius
1939 4052 2087 4127 ratioci-

913 4179 1033 4253 nando
1059 4183 1177 4272 potest
1208 4177 1325 4272 magis
1349 4176 1460 4251 credi.
1479 4175 1582 4251 Unde
1606 4174 1710 4250 dicit:
1741 4181 1864 4248 Eoon
1888 4170 1910 4249 e*
1931 4177 2086 4248 meraci-

911 4303 985 4391 glia
1003 4321 1041 4373 se
1057 4301 1088 4372 le
1104 4305 1224 4372 nostre
1239 4301 1392 4390 sontoste
1407 4317 1474 4370 son
1493 4298 1595 4370 horse
1610 4318 1635 4368 o
1651 4303 1750 4370 tuoto
1775 4299 1927 4386 mezzo,
1948 4294 2086 4368 scilicet

912 4420 959 4494 ad
983 4417 1218 4515 cogitandum
1250 4416 1351 4512 quod
1378 4417 1525 4491 Beatrix
1552 4423 1649 4492 esset
1680 4416 1898 4512 splendidior
1924 4415 2021 4508 sole3
2048 4422 2086 4490 et

912 4559 1000 4615 ecce
1023 4538 1222 4612 rationem:
1241 4534 1303 4612 ote*
1316 4557 1429 4630 sopra
1440 4540 1466 4610 't
1480 4539 1553 4612 sote
1567 4557 1640 4610 non
1657 4538 1698 4630 su
1717 4538 1835 4611 occlto
1854 4536 2082 4626 ot’ondossc,

912 4657 1016 4753 quasi
1042 4657 1160 4731 dicat:
1186 4656 1317 4732 oculus
1338 4659 1525 4732 humanus
1542 4677 1616 4730 non
1632 4663 1752 4751 potest
1770 4655 1894 4730 videre
1911 4675 1989 4730 rem
2009 4655 2085 4731 cla-

974 4917 1002 4978 l')
1018 4913 1048 4963 Ε.
1066 4914 1175 4964 videtur.
1364 4914 1391 4975 (¹)
1406 4913 1431 4963 S.
1447 4912 1561 4962 ducitur.
1764 4909 1791 4973 (ὓ)
1807 4911 1839 4962 Ε.
1854 4911 1924 4962 nitra
1939 4925 2027 4975 qum,
