4842 6642
757 869 896 924 caurus
921 870 1137 924 rnrousruus
1161 869 1306 924 rmuus.
1543 851 1613 920 ibit

443 1015 619 1092 votando:
645 1022 683 1091 ot
708 1015 823 1113 tangit
847 1023 973 1091 actum
998 1015 1077 1091 avis
1103 1014 1275 1109 volantis3
1297 1033 1383 1088 uam
1404 1033 1489 1089 cum
1516 1012 1616 1088 volat

442 1134 592 1224 ventilat
615 1133 696 1229 iiia;
720 1140 758 1210 ot
784 1135 852 1210 boo
876 1134 1067 1229 iaciebant,
1085 1136 1229 1234 quondo
1248 1135 1421 1208 scandente
1445 1135 1503 1206 rut
1523 1135 1612 1225 fior,

443 1255 546 1350 idest,
571 1275 658 1331 cum
684 1255 953 1332 descendebant
977 1277 1000 1330 a
1026 1256 1104 1331 Deo
1128 1255 1175 1331 ad
1205 1275 1342 1349 rosam,
1366 1257 1405 1328 di
1428 1245 1553 1328 btuuro
1577 1255 1615 1326 io

444 1376 583 1468 manco,
609 1374 712 1469 idest,
737 1375 785 1450 de
808 1373 895 1451 tolio
923 1376 1008 1450 albo
1037 1375 1076 1450 in
1109 1374 1236 1450 ioiium
1267 1375 1406 1468 album,
1432 1373 1535 1466 idest,
1569 1371 1616 1447 de

445 1495 531 1571 sede
547 1495 585 1570 iu
608 1495 732 1571 sedem
751 1496 943 1593 gradatim.
957 1537 1008 1552 -
1020 1493 1075 1571 Ne*
1089 1499 1111 1570 t
1123 1499 1323 1589 tubrporsi.
1342 1495 1407 1569 Hic
1427 1500 1537 1568 autor
1554 1513 1615 1569 re·

444 1617 597 1713 spondet
621 1616 812 1712 quaestioni
838 1616 976 1711 tacit&
994 1625 1114 1712 posset
1138 1616 1238 1692 enim
1264 1615 1388 1690 obiici:
1408 1633 1529 1688 nonne
1552 1612 1614 1688 iila

445 1745 545 1814 tanta
571 1737 766 1812 multitudo
789 1737 1008 1834 angelorum
1034 1737 1250 1814 intermedia
1281 1733 1527 1832 impediebant
1559 1732 1615 1808 vi-

445 1859 584 1935 sionem
603 1866 705 1934 tuam
731 1864 769 1932 et
793 1857 1051 1953 splendorem?
1068 1855 1265 1953 respondet
1284 1863 1393 1931 autor
1409 1855 1509 1950 quod
1528 1873 1612 1929 non.

444 1979 546 2055 Unde
565 1977 669 2053 dicit:
685 1974 739 2052 Ne*
752 1980 983 2072 imterporsi,
1001 1977 1105 2071 idest,
1123 1997 1191 2053 neo
1208 1975 1445 2072 interpositio,
1462 1976 1501 2048 di
1518 1981 1616 2048 tantu

444 2102 655 2174 owtdtudine
678 2103 829 2190 ootuob,
847 2098 949 2193 idest,
962 2099 1182 2194 angelorum
1202 2096 1417 2190 volantium,
1438 2101 1497 2168 tro
1513 2097 1542 2168 il
1559 2095 1617 2168 di·

442 2239 552 2312 sopro
577 2221 637 2294 e’t
656 2221 760 2312 flore,
785 2218 888 2312 idest,
905 2218 1002 2294 inter
1021 2216 1110 2292 iilud
1128 2218 1266 2311 lumen,
1285 2216 1403 2292 Deum
1423 2220 1460 2290 et
1479 2234 1616 2307 rosam,

442 2343 616 2434 inpedias
641 2343 678 2414 to
702 2342 805 2430 outo,
829 2337 977 2432 scilieet,
994 2357 1116 2414 meam
1140 2357 1188 2412 ne
1213 2336 1390 2430 viderem,
1408 2358 1428 2409 e
1443 2338 1479 2408 to
1500 2337 1617 2428 splen·

443 2464 544 2555 dore,
560 2459 663 2555 idest,
681 2467 719 2535 et
744 2481 817 2534 non
842 2459 1062 2555 impediebat
1085 2457 1317 2554 splendorem
1339 2456 1435 2530 iilius
1455 2455 1547 2530 lucis
1569 2473 1617 2529 ue

446 2582 643 2658 videretur.
670 2581 715 2655 Et
738 2581 900 2677 assignat
924 2579 1103 2654 rationem
1129 2578 1187 2652 sui
1211 2577 1309 2672 dicti,
1335 2577 1477 2652 diceus:
1500 2571 1562 2650 ebe*
1581 2578 1617 2649 lu

446 2706 518 2778 tuce
541 2705 664 2777 dimna
689 2697 931 2795 dpoutrunte
949 2721 1017 2794 per
1041 2702 1065 2773 ἵ
1076 2702 1254 2790 universo,
1271 2699 1422 2772 secondo
1446 2693 1533 2770 et'd
1555 2699 1617 2770 de-

446 2843 531 2915 pno,
556 2821 661 2916 idest,
685 2821 888 2897 secundum
907 2818 1120 2916 dignitatem
1138 2824 1176 2894 et
1192 2818 1366 2895 virtutem
1387 2814 1615 2912 receptibilis.

447 2943 492 3018 Et
515 2942 619 3018 dicit:
633 2935 664 3017 si
679 2945 739 3017 cite
754 2945 852 3016 notia
869 2943 901 3014 te
915 2949 1020 3034 poote
1035 2945 1148 3014 msere
1162 2945 1307 3012 ostenta
1325 2936 1500 3013 Videmus
1517 2934 1616 3011 euim

449 3063 486 3138 in
501 3063 717 3159 corporibus
736 3061 1060 3155 colossinus-quod
1088 3080 1205 3134 uuum
1232 3079 1306 3134 uon
1331 3056 1481 3154 impedit
1506 3054 1616 3129 visio-

448 3181 709 3277 nemobonus,
722 3181 772 3256 ita
785 3179 985 3276 quodiuna
1002 3200 1075 3254 non
1093 3176 1241 3275 impedit
1255 3177 1432 3252 visionem
1446 3174 1614 3269 Saturui3

446 3322 537 3399 ergo
566 3303 685 3377 mutto
709 3301 826 3398 magis
857 3300 894 3374 in
924 3298 1134 3380 substantiis
1162 3297 1412 3395 spiritualibus
1443 3317 1518 3370 uua
1546 3314 1619 3368 nou

447 3421 597 3518 impedit
621 3422 797 3498 visionem
818 3421 980 3496 alterius.
994 3461 1044 3476 -
1060 3423 1193 3509 onusto.
1221 3419 1286 3493 Hie
1306 3425 1416 3492 autor
1436 3415 1622 3492 uoueiudit

447 3541 545 3636 quod
570 3541 754 3617 habebant
772 3540 1118 3636 contemptationem
1138 3539 1184 3614 ad
1206 3559 1323 3612 uuum
1344 3537 1464 3612 solum
1491 3535 1620 3610 termi-

447 3682 549 3757 num,
574 3661 722 3756 sciticet,
747 3662 878 3737 Deum.
905 3661 1007 3736 Unde
1034 3659 1136 3735 dicit:
1162 3664 1290 3749 -Questo
1320 3678 1446 3750 repno,
1472 3656 1619 3750 scilicet,

447 3783 607 3876 ooeieste,
639 3786 757 3856 moero
785 3804 805 3856 e
834 3783 1020 3875 poudiuso,
1047 3780 1095 3855 ad
1127 3778 1371 3854 differentiam
1408 3775 1620 3874 temporalis

448 3900 547 3995 quod
567 3909 624 3977 est
648 3903 798 3996 pienum
824 3902 957 3977 timore
981 3907 1019 3976 et
1044 3919 1226 3992 moerore;
1252 3902 1290 3974 et
1314 3895 1419 3973 dicit:
1442 3901 1621 3993 frequente

446 4025 486 4095 se
511 4029 613 4115 pente
640 4025 758 4096 unico
788 4029 822 4096 et
848 4026 886 4096 in
918 4022 1068 4114 nouella,
1099 4018 1203 4114 idest,
1229 4018 1324 4094 bene
1353 4017 1556 4092 habitatum
1584 4019 1621 4090 et

448 4143 666 4239 populosum
693 4162 717 4217 a
742 4141 858 4218 beatis
883 4141 1017 4218 veteris
1042 4148 1079 4217 et
1105 4141 1191 4215 novi
1216 4137 1454 4233 Testamenti;
1483 4138 1540 4214 vei
1564 4134 1621 4211 dio

447 4283 472 4338 a
499 4270 610 4361 gente
639 4264 804 4361 angelica
833 4268 871 4338 et
901 4265 1075 4356 bumana,
1104 4281 1195 4335 ovea
1220 4263 1294 4334 uiro
1318 4267 1351 4333 et
1374 4279 1491 4350 amor,
1517 4257 1620 4352 idest,

445 4383 790 4490 oontemplationem
825 4390 863 4460 et
894 4382 1125 4458 ditectionem
1142 4376 1195 4475 (¹),
1227 4387 1309 4456 ouo
1339 4383 1390 4456 od
1418 4401 1472 4456 ort
1498 4398 1620 4471 sepau,

444 4503 547 4600 idest,
580 4505 628 4579 ad
660 4504 749 4579 iilud
779 4510 957 4600 punctum
990 4501 1106 4576 fluum
1132 4502 1233 4597 quod
1253 4500 1320 4576 isti
1335 4491 1371 4594 (³)
1407 4499 1618 4596 sagittantes

445 4625 483 4699 in
509 4625 648 4700 mundo
674 4631 775 4700 reeta
801 4623 861 4702 via
887 4625 1105 4722 petiverunt.

525 4748 556 4819 0
580 4747 676 4819 tino
700 4747 783 4819 boe.
809 4745 879 4820 ista
904 4752 961 4820 est
984 4741 1146 4820 secunda
1169 4762 1254 4839 pars
1270 4740 1464 4839 generalis,
1486 4739 1523 4813 in
1544 4759 1619 4834 qua

797 4911 1063 4920 *ἑῇ-

510 5011 539 5074 (·)
554 5011 586 5062 lt.
602 5009 809 5062 detentionem
1122 4994 1156 5067 (η’
1168 5006 1199 5056 u.
1216 5005 1265 5057 uu.
