4842 6642
757 875 896 932 caurus
919 879 1112 935 vruusurus
1135 880 1329 938 munaus.
1555 869 1624 938 305

457 1039 543 1121 curu
556 1020 902 1116 populoBei,quem
917 1022 1137 1100 liberaverat
1158 1024 1205 1101 de
1228 1025 1398 1100 manibus
1416 1027 1625 1120 Pharaonis,

457 1139 683 1234 pervenisset
697 1139 745 1216 ad
761 1161 866 1216 mare
884 1142 1052 1238 rubrum,
1080 1164 1185 1220 mare
1199 1151 1370 1241 apertum
1390 1152 1456 1241 est,
1474 1155 1512 1222 et
1527 1166 1626 1242 aqua

455 1261 553 1338 stetit
578 1263 680 1336 velut
705 1282 837 1336 murus
865 1283 888 1336 a
918 1262 1058 1339 dextris
1087 1272 1125 1341 et
1155 1265 1317 1361 sinistris,
1350 1267 1398 1342 ita
1430 1267 1526 1362 quod
1561 1287 1627 1362 po-

455 1384 565 1478 pulus
582 1383 749 1458 transivit
773 1382 870 1458 sicco
895 1383 1005 1478 pede:
1032 1391 1069 1461 ct
1094 1386 1236 1461 Pharao
1257 1386 1518 1482 superveniens
1540 1407 1625 1461 cum

456 1502 621 1579 exercitu
660 1523 858 1579 numeroso
891 1505 1146 1602 egyptiorum,
1177 1499 1500 1600 interstruam
1538 1527 1624 1582 cum

456 1623 542 1719 suis,
568 1645 666 1718 aqua
692 1623 881 1700 relabente
905 1623 974 1699 luit
999 1646 1154 1720 mersus,
1180 1626 1380 1702 suffocatus
1399 1634 1436 1702 et
1461 1627 1626 1722 sepultus

455 1743 526 1818 sub
550 1742 667 1818 undis.
693 1743 798 1818 blodo
823 1743 871 1819 ad
895 1746 1121 1841 propositum
1148 1747 1228 1820 vult
1248 1746 1371 1821 dicere
1397 1744 1624 1840 Benedictus,

456 1863 555 1958 quod
589 1863 843 1939 miraculosius
879 1862 948 1938 luit
982 1864 1176 1940 Iordanem
1217 1865 1380 1941 converti
1420 1875 1623 1942 retrorsum

456 1989 494 2058 et
524 2003 629 2059 mare
659 1982 816 2058 rubrum
853 1983 988 2079 aperiri
1021 2005 1088 2080 per
1114 1985 1289 2079 medium,
1316 2005 1428 2079 quam
1464 1985 1494 2059 si
1526 1985 1625 2060 Deus

456 2110 690 2180 succurreret
714 2109 751 2178 et
775 2103 985 2200 provideret
1010 2104 1087 2178 istis
1112 2104 1236 2199 malis3
1262 2111 1299 2180 et
1325 2104 1418 2180 ratio
1444 2110 1509 2198 est,
1537 2105 1623 2200 quia

456 2231 659 2320 utrumque
687 2223 870 2300 dictorum
903 2224 1169 2300 miraculorum
1204 2225 1271 2300 luit
1301 2232 1429 2300 contra
1446 2216 1483 2318 (¹)
1514 2231 1624 2300 uatu-

456 2368 549 2440 ram,
573 2345 637 2421 sed
661 2344 794 2440 punire
819 2363 903 2420 reos
927 2352 965 2420 et
990 2353 1163 2421 nocentes
1188 2353 1244 2422 cst
1268 2347 1437 2421 naturale
1454 2352 1491 2422 et
1513 2345 1625 2420 usita-

455 2475 548 2562 tum,
569 2465 738 2561 quamvis
764 2465 863 2540 Deus
887 2465 1070 2561 puniverit
1083 2457 1120 2559 (³)
1138 2473 1350 2563 peccatores
1367 2467 1541 2565 aegypttos
1559 2487 1624 2562 per

456 2588 606 2663 modum
641 2586 856 2661 inusitatum
891 2587 1229 2682 supernaturaliter.
1264 2588 1369 2662 Nunc
1393 2587 1440 2662 ad
1466 2587 1620 2682 literam,

453 2707 537 2784 dicit
554 2705 790 2782 Benedictus:
807 2709 980 2801 Giordaa,
1000 2706 1052 2782 sic
1068 2706 1363 2782 denominatusa
1382 2705 1526 2781 duobus
1543 2706 1624 2781 lon·

454 2827 561 2923 tibus,
587 2849 749 2922 quorum
779 2847 875 2902 uuus
900 2834 1056 2902 vocatur
1087 2827 1175 2922 tor,
1194 2826 1287 2902 alius
1311 2814 1347 2919 θ)
1377 2826 1467 2922 Dan,
1498 2834 1540 2901 ut
1570 2826 1622 2902 alt

453 2949 698 3047 Hieronymus
716 2950 883 3023 locorum
901 2947 1133 3022 orientalium
1147 2946 1296 3023 sedulus
1313 2945 1515 3044 indagator,
1529 2949 1621 3020 volto

425 3063 434 3080 ‘
452 3078 624 3161 retrorso,
636 3069 788 3161 scilicet,
801 3087 932 3144 versus
948 3075 1072 3142 ortum
1090 3088 1214 3161 suum,
1228 3066 1288 3142 vel
1304 3073 1443 3161 contra,
1460 3087 1479 3139 e
1495 3070 1523 3140 it
1540 3088 1623 3141 mur

449 3194 587 3285 suppir,
612 3191 716 3283 idest,
742 3197 780 3264 et
804 3209 910 3265 mare
935 3188 1094 3263 rubrum
1115 3188 1245 3286 lugere
1262 3187 1345 3262 binc
1363 3185 1458 3282 inde,
1476 3187 1623 3282 quando

451 3313 536 3389 lecit
560 3312 657 3388 viam
683 3311 780 3386 dicto
805 3301 1007 3406 populot⁶),
1032 3309 1095 3404 qui
1123 3307 1287 3385 transivit
1312 3307 1408 3384 sicco
1434 3307 1527 3404 pede
1555 3329 1623 3405 per

450 3438 659 3508 contactum
686 3431 800 3527 virge
832 3429 958 3528 Moysi,
986 3433 1028 3524 [a
1058 3425 1119 3523 pto
1144 3428 1287 3504 meam
1317 3450 1342 3502 c
1373 3430 1493 3520 ceder,
1519 3428 1621 3523 idest,

451 3552 718 3645 miraculosius,
743 3552 1136 3644 conscensoque,
1162 3549 1264 3642 tuest,
1291 3569 1404 3643 quam
1430 3555 1527 3624 esset
1551 3549 1623 3622 mi-

451 3672 565 3749 rabile
589 3671 715 3747 videre
739 3689 958 3746 succursum
984 3669 1149 3744 divinum
1175 3669 1233 3743 bic
1258 3672 1459 3742 venturum
1486 3667 1533 3742 ad
1550 3688 1621 3763 pu·

451 3793 623 3870 nieudum
646 3812 841 3888 perversos
859 3790 1085 3884 claustrales,
1103 3789 1250 3882 scilicet,
1273 3788 1309 3862 in
1326 3787 1507 3883 praedictis
1532 3807 1622 3864 oon-

450 3913 618 3989 veutibua
642 3913 752 4008 Petri,
778 3911 959 3988 Benedicti
985 3915 1023 3986 et
1046 3901 1397 3985 Francisci.-Gosi.
1420 3907 1485 3983 llic
1510 3915 1621 3984 autor
1677 3913 1687 3932 ‘

342 4081 348 4090 ·
451 4033 604 4130 imponit
629 4033 739 4110 flncru
768 4031 967 4108 narrationi
992 4029 1187 4125 Benedicti,
1203 4035 1241 4104 et
1258 4028 1428 4105 describit
1453 4029 1534 4104 eius
1560 4049 1620 4104 re-

451 4173 609 4247 cessum,
633 4153 780 4229 diceus:
806 4157 844 4228 ct
873 4153 933 4228 ille
963 4151 1191 4244 Benedictus,
1223 4141 1294 4223 cosi
1324 4151 1373 4223 mi
1395 4151 1499 4240 dese,
1525 4148 1620 4224 sicut

450 4273 626 4370 scriptum
651 4279 720 4366 est,
745 4281 779 4346 et
799 4275 876 4346 tadi
897 4275 930 4346 si
952 4275 1077 4346 ricotu
1101 4274 1140 4345 ct
1162 4291 1227 4344 suo
1251 4273 1407 4366 callepio,
1431 4275 1469 4345 et
1488 4268 1620 4345 deiude

452 4393 597 4470 reduxit
620 4413 662 4468 se
686 4392 733 4468 ad
759 4393 906 4468 turbam
932 4412 1087 4466 suorum
1113 4390 1310 4484 sociorum,
1341 4410 1464 4484 aqua
1497 4408 1620 4464 reces-

449 4518 547 4589 serat
571 4512 717 4607 quaudo
736 4517 944 4588 accesserat
967 4510 1014 4586 ad
1040 4529 1122 4602 nie3
1147 4515 1184 4584 ot
1208 4508 1310 4584 dicit:
1337 4531 1356 4582 c
1380 4511 1406 4582 'l
1428 4511 1621 4600 collectori

508 4707 538 4770 (¹)
555 4706 586 4756 B.
600 4712 628 4758 el
643 4708 740 4757 tubam
756 4705 885 4770 perulam
902 4703 975 4755 lllam
990 4704 1070 4754 maris
1085 4717 1147 4755 cum
1169 4704 1231 4765 suls,
1248 4715 1314 4767 aqua
1335 4702 1467 4754 relabente
1483 4701 1515 4752 ad
1531 4701 1620 4752 locum

447 4781 685 4920 ...micatus
700 4858 815 4910 olllcium
832 4863 942 4909 nature.
1173 4857 1202 4921 Γ)
1218 4862 1242 4918 t,
1260 4857 1366 4921 puniret
1382 4861 1540 4920 peccatores.

509 4938 535 4994 (b
552 4935 583 4986 li.
599 4940 627 4986 el
642 4934 709 4986 alius
724 4938 833 4986 roulur
849 4934 913 4994 ban,
930 4933 991 4986 inde
1005 4933 1145 4993 toronum,
1161 4937 1192 4984 ut
1207 4933 1252 4984 ait.
1325 5003 1329 5011 .

510 5014 538 5071 ι’)
554 5011 586 5062 Β.
603 5011 700 5076 populo
716 5011 773 5069 Ilei,
788 5011 843 5075 qul.

581 5119 607 5163 V.
1456 5116 1484 5160 2⁰
