4842 6642
840 831 911 900 388
1233 840 1437 896 connurun
1462 840 1627 895 rmnnrsr

836 994 966 1085 padre,
994 992 1033 1063 ot
1052 990 1151 1082 plotio
1176 1008 1196 1061 c
1223 990 1296 1061 ello
1319 989 1443 1080 spirito
1472 994 1599 1080 εαπως
1629 992 1668 1061 et
1697 986 1802 1061 dicit:
1833 978 1865 1059 ai
1896 986 1958 1059 cltc
1988 986 2017 1057 il

839 1114 936 1185 dolce
960 1116 1063 1183 canto
1089 1110 1134 1181 m'
1147 1108 1352 1201 lectricem
1372 1106 1586 1181 ebriebatnr
1606 1106 1785 1202 siquidem
1811 1112 1921 1181 autor
1945 1124 2012 1201 per

840 1230 957 1307 visum
987 1236 1088 1305 tanto
1104 1228 1261 1321 clarore,
1278 1234 1317 1303 et
1336 1248 1403 1324 per
1422 1227 1590 1303 auditum
1610 1234 1711 1303 tanto
1728 1228 1898 1321 dulcore3
1916 1224 2014 1299 unde

838 1350 1010 1446 exprimit
1039 1370 1146 1425 suam
1176 1348 1359 1443 duplicem
1393 1347 1623 1442 ebrietatem,
1656 1348 1800 1423 dicem:
1830 1338 1885 1422 oiri
1914 1348 2013 1419 ct’io

839 1472 968 1545 codena
989 1471 1037 1543 mi
1051 1469 1240 1543 sembrooo
1258 1488 1309 1541 on
1327 1471 1403 1543 rico
1419 1470 1498 1541 dcll'
1510 1471 1697 1562 colomam
1713 1468 1773 1543 hic
1790 1468 1889 1543 enim
1906 1472 2012 1542 eraut

837 1589 1092 1688 aggregatim
1120 1608 1394 1663 unumomnee
1424 1586 1578 1663 effectus
1612 1609 1818 1684 sperarum,
1848 1589 2012 1684 planeta·

839 1732 936 1805 rum,
962 1710 1109 1803 scilicet,
1137 1709 1293 1785 virtutes
1323 1708 1489 1783 omnium
1520 1710 1715 1785 beatorum
1747 1708 2009 1785 continentium

838 1830 913 1924 hic;
941 1828 1039 1905 unde
1064 1828 1168 1904 dicit:
1191 1825 1320 1922 percle
1336 1833 1408 1903 mio
1425 1830 1598 1905 eblrczza
1617 1837 1768 1905 macco
1783 1849 1852 1923 per
1875 1830 2011 1903 tudere

837 1972 944 2045 oper
970 1954 1003 2023 lo
1028 1954 1116 2041 oleo,
1142 1951 1229 2044 quia
1255 1970 1329 2025 non
1354 1968 1460 2026 eram
1486 1968 1600 2045 capax
1629 1957 1740 2025 tantae
1769 1950 1945 2025 claritatis
1973 1956 2011 2025 et

838 2070 1052 2147 dulcedinis.
1066 2076 1168 2145 -0
1200 2074 1318 2164 mmo!
1347 2070 1412 2147 llic
1440 2078 1551 2147 autor
1583 2071 1762 2147 extollens
1793 2072 1892 2146 illam
1923 2072 2012 2147 ben·

840 2191 1032 2268 titudinem
1059 2188 1312 2268 desideranter
1336 2192 1530 2285 exclamat,
1554 2192 1697 2267 dicens:
1727 2196 1759 2266 0
1780 2194 1901 2285 pinio!
1920 2190 2011 2267 idest

836 2312 919 2388 dico
947 2333 1024 2387 rem
1049 2313 1248 2409 pretiosam
1273 2312 1319 2387 ad
1344 2310 1588 2388 differentiam
1609 2312 1788 2389 felicitatis
1815 2312 2011 2387 mundane

837 2454 922 2529 qnae
945 2433 1024 2508 vilis
1049 2440 1115 2528 est,
1134 2454 1156 2507 o
1181 2434 1355 2528 ineffabile
1370 2436 1594 2525 oltcprezzo.t
1610 2434 1713 2529 idest,
1731 2434 2010 2530 incompreheu—

838 2553 950 2629 sibilis
976 2554 1100 2630 laetitia
1125 2554 1173 2631 ad
1197 2554 1439 2630 differentiam
1467 2553 1675 2648 mundanae,
1699 2574 1785 2650 que
1808 2555 1931 2630 brevis
1954 2562 2009 2631 eet
2073 2616 2077 2623 .

838 2681 876 2750 et
902 2694 1035 2770 parva3
1061 2696 1084 2749 o
1115 2680 1187 2750 uilo
1220 2678 1335 2749 tolera
1359 2676 1529 2749 doum
1552 2696 1573 2748 e
1595 2676 1634 2748 di
1654 2681 1765 2769 poce!
1789 2672 1894 2768 idest,
1924 2694 2009 2770 per-

838 2794 932 2870 lecta
958 2814 1024 2890 per
1049 2814 1178 2871 omnes
1203 2814 1291 2870 enas
1317 2800 1440 2890 partee
1464 2794 1510 2869 ad
1534 2792 1778 2870 differentiam
1797 2794 1883 2869 ritae
1907 2814 2009 2869 monz

838 2914 930 3009 telis,
949 2934 1033 3009 qnae
1059 2922 1115 2991 est
1139 2915 1329 3008 defectiva,
1349 2912 1540 3008 diminuta,
1558 2914 1597 2987 in
1616 2913 1702 2989 odio
1725 2920 1764 2989 et
1788 2912 1901 3002 hello;
1917 2934 1941 2987 o
1956 2918 2009 2989 ai—

836 3054 924 3107 caro
949 3037 1132 3109 rtcclczzo
1155 3054 1265 3109 senza
1290 3035 1438 3109 orum!
1462 3034 1511 3109 ad
1541 3031 1786 3109 offerendam
1813 3034 2011 3111 mundanae

836 3154 1047 3250 opulentiae,
1074 3175 1158 3250 quae
1183 3160 1239 3231 eet
1263 3174 1350 3230 curn
1378 3154 1510 3230 timore
1539 3160 1578 3229 et
1605 3153 1814 3251 indigentia,
1845 3161 1888 3229 ut
1910 3174 2010 3252 sepe

835 3276 975 3351 dictum
1003 3282 1068 3352 cst.
1083 3316 1133 3331 -
1146 3279 1311 3350 Dircam
1339 3275 1404 3351 llio
1422 3282 1546 3369 autor,
1562 3275 1750 3370 praemisso
1768 3276 1860 3351 lecto
1880 3276 2010 3352 beato-

837 3418 934 3489 rum,
960 3397 1156 3473 introducit
1180 3400 1332 3473 Petrum
1349 3398 1512 3494 primum
1534 3398 1798 3492 apostolomm,
1815 3404 1853 3472 ct
1869 3396 2009 3472 deacri-

836 3518 888 3593 bit
925 3518 1005 3593 eius
1042 3518 1297 3593 alterationem
1327 3536 1395 3615 per
1423 3538 1538 3592 unam
1574 3516 1733 3592 nobilem
1762 3517 2011 3612 comparatio-

835 3658 933 3715 nem.
951 3635 1043 3714 Dicit
1057 3658 1148 3735 erpo
1164 3637 1383 3714 continuans
1399 3658 1440 3715 se
1455 3638 1503 3713 ad
1522 3638 1783 3733 praecedentia:
1802 3642 1849 3712 le
1865 3644 2010 3730 onum

832 3764 924 3855 socc,
953 3760 1057 3853 idest,
1084 3766 1248 3854 quatuor
1279 3758 1475 3834 luminaria
1499 3758 1678 3853 ardentia,
1702 3758 1840 3835 scilicet
1865 3760 2009 3851 norm,

835 3880 1003 3975 lacobus,
1029 3880 1213 3955 lohannes
1246 3885 1284 3954 et
1320 3878 1448 3972 Adam,
1485 3886 1635 3953 amoeno
1665 3899 1797 3971 nocere,
1828 3884 2010 3975 separate

835 4002 882 4076 ab
905 3998 996 4094 aliis,
1013 4001 1160 4073 manat
1183 4000 1258 4091 opti
1281 4002 1378 4072 nocti
1403 4001 1494 4089 miei,
1511 3998 1660 4093 scilicet,
1681 3997 2010 4089 intellectualibua3

836 4128 872 4197 et
896 4120 1000 4196 dicit:
1027 4142 1046 4193 c
1074 4124 1188 4215 puello
1217 4123 1279 4195 cte
1302 4122 1390 4214 pn'o
1421 4140 1543 4211 mnne,
1568 4120 1715 4215 scilicet,
1741 4120 1883 4213 Petrus,
1908 4122 2012 4193 ineo-

837 4242 962 4316 minoto
987 4262 1011 4314 o
1033 4244 1128 4337 sorni
1146 4236 1210 4334 piri
1235 4244 1367 4331 mcccc,
1388 4240 1491 4334 idest,
1508 4238 1619 4336 noepit
1644 4239 2013 4337 magiscampum

835 4360 957 4437 subdit
982 4362 1062 4436 eins
1088 4361 1381 4436 erubescentiam
1411 4380 1479 4455 per
1510 4362 1838 4455 comparationem,
1863 4360 2013 4435 dicens:

836 4506 855 4557 c
879 4485 1023 4557 diocorcc
1048 4484 1099 4556 tal
1116 4472 1215 4555 'neda
1238 4500 1305 4555 auo
1320 4480 1537 4572 mmliomo,
1554 4479 1659 4573 idest,
1676 4480 1829 4555 effectus
1848 4487 1906 4555 eet
1932 4486 2015 4555 tam

838 4603 1035 4678 rubescens
1062 4603 1099 4677 in
1124 4601 1349 4697 apparentia,
1376 4602 1461 4692 pud
1483 4582 1685 4674 docrrcdlc
1711 4603 1831 4691 mooe,
1855 4602 1968 4690 a'cpli
1993 4622 2016 4673 c

837 4726 953 4797 clare
966 4726 1104 4819 socsero
1117 4725 1246 4815 oopclti
1257 4744 1276 4795 c
1288 4723 1532 4799 ccmbiaeecrsi
1543 4742 1658 4813 penae
1664 4748 1680 4814 ;
1693 4742 1779 4796 nam
1793 4720 1897 4796 stella
1910 4720 2015 4795 lovis

836 4848 893 4918 est
917 4842 1049 4917 coloris
1074 4842 1230 4939 argenti,
1255 4848 1293 4917 et
1318 4840 1441 4917 llartis
1464 4840 1598 4916 coloris
1623 4840 1730 4939 ignei.
1763 4841 1806 4915 Et
1839 4839 1899 4915 lric
1924 4846 2016 4915 nota

837 4961 936 5058 quod
961 4969 1017 5037 est
1042 4964 1268 5059 comparatio
1288 4962 1435 5059 propria
1457 4962 1506 5036 ab
1527 4963 1692 5057 apostolo
1711 4958 1757 5035 ad
1774 4962 1917 5055 lovem,
1943 4962 2013 5056 qui
