4842 6642
761 895 899 950 caurus
924 895 1081 952 nucrnrus
1106 895 1300 952 sucunnus.
1570 883 1617 952 83

441 1044 574 1139 quibus
606 1041 813 1138 figuraliter
848 1042 986 1118 dietum
1018 1049 1073 1118 est
1102 1042 1310 1138 Purgatorii
1344 1043 1516 1138 capitulo,
1550 1044 1615 1119 ubi
1656 1101 1660 1108 .

439 1164 545 1239 dixit:
568 1165 799 1256 meminero
814 1165 962 1253 decom.
981 1162 1051 1238 Sed
1069 1163 1153 1236 licet
1169 1161 1237 1236 ista
1255 1161 1432 1255 expositio
1449 1163 1619 1238 videatur

439 1305 611 1378 consona,
638 1303 712 1358 non
737 1289 862 1358 tamen
888 1289 943 1358 est
967 1282 1014 1359 de
1039 1289 1163 1357 mente
1183 1282 1336 1374 autoris,
1361 1280 1392 1354 si
1418 1282 1501 1375 quis
1523 1283 1619 1358 bene

440 1404 645 1480 considerat
671 1411 890 1499 praesentem
917 1403 1111 1479 fictionem.
1139 1403 1225 1477 Ideo
1250 1409 1458 1498 exponatur
1482 1403 1617 1478 melius

443 1532 480 1601 et
502 1525 574 1600 sie:
596 1528 654 1600 del
672 1528 758 1617 quui
780 1527 805 1598 α’
826 1528 966 1619 [moon
988 1527 1219 1616 campaneo
1233 1527 1365 1616 pionte,
1391 1522 1494 1617 idest,
1511 1523 1620 1599 cuius

443 1646 592 1720 seminis
618 1645 712 1739 lidei,
739 1644 865 1740 viginti
884 1650 1045 1739 quatuor
1062 1644 1178 1719 lloridi
1195 1644 1366 1718 doctores
1382 1643 1535 1740 cingunt
1561 1650 1619 1739 tc,

445 1767 544 1861 quia,
571 1771 613 1838 ut
633 1766 711 1860 jam
739 1772 838 1860 patet
863 1787 907 1840 ex
935 1764 1038 1840 dictis
1064 1766 1100 1838 in
1126 1764 1301 1859 principio
1323 1765 1434 1839 huius
1458 1766 1621 1861 capituli,

447 1886 531 1960 dnae
556 1903 704 1960 corone
728 1885 921 1960 doctorum
949 1884 1286 1980 circumcingebant
1314 1891 1496 1980 autorem,
1528 1908 1622 1981 qua·

446 2026 529 2078 rum
558 2025 794 2100 unaquaeque
818 2006 1009 2079 constabat
1025 2026 1071 2078 ex
1090 2003 1284 2078 duodecim
1301 2004 1507 2099 animabus,
1525 2006 1621 2082 sicut

443 2131 553 2201 autor
587 2125 770 2222 sigillatim
810 2125 998 2220 descripsit
1033 2124 1190 2219 primam
1232 2124 1412 2220 superiori
1450 2125 1619 2221 capitulo,

446 2247 646 2322 secundam
674 2266 764 2322 vero
789 2246 960 2322 describit
986 2245 1022 2318 in
1049 2245 1218 2340 praesenti
1238 2245 1407 2340 capitulo,
1426 2253 1468 2320 ut
1483 2246 1621 2343 patebit

444 2368 568 2464 paullo
594 2367 700 2442 inira.
719 2367 762 2440 Et
779 2366 884 2442 dicit:
910 2372 1035 2440 conda
1051 2369 1077 2439 'l
1092 2369 1222 2440 moredo
1238 2374 1394 2458 mooe,
1411 2366 1514 2462 idest,
1531 2388 1621 2442 oon·

445 2495 503 2562 tra
529 2487 736 2562 mundanos
761 2493 928 2562 errantes
953 2486 991 2559 in
1017 2486 1098 2561 lide.
1112 2527 1162 2540 -
1175 2491 1242 2560 Poi
1265 2508 1332 2560 con
1363 2490 1528 2562 dominu.
1555 2487 1621 2562 llic

449 2609 709 2684 Beneventum
728 2606 899 2682 describit
915 2607 1166 2702 operationem
1184 2607 1386 2682 virtuosam
1411 2613 1449 2680 et
1467 2627 1620 2702 operam

448 2729 638 2804 efficacem
665 2728 761 2803 beati
786 2727 964 2802 Dominici
982 2737 1063 2822 post
1084 2727 1378 2822 impetrationem
1403 2727 1513 2802 officii
1534 2748 1622 2802 con·

448 2858 506 2923 tra
532 2848 736 2942 baeretieos,
763 2846 909 2922 diceus:
936 2853 973 2922 et
1004 2847 1228 2941 Dominicus,
1256 2851 1322 2920 Poi
1352 2851 1385 2921 si
1412 2869 1525 2921 morse
1554 2869 1621 2922 coo

447 2973 618 3063 domita,
646 2989 694 3043 ne
719 2974 890 3064 peccaret
909 2988 955 3042 ex
974 2968 1189 3064 ignorantia,
1207 2990 1227 3041 c
1242 2989 1309 3041 con
1325 2971 1442 3041 volere
1466 2971 1619 3062 indam,

447 3091 552 3186 idest,
579 3089 725 3185 propria
751 3095 788 3164 et
813 3094 1012 3183 spontanea
1038 3089 1238 3182 voluntate,
1265 3108 1339 3162 non
1366 3094 1557 3182 umquam
1574 3089 1622 3163 ab

444 3211 516 3285 alio
549 3211 684 3285 missus
708 3210 767 3284 vel
801 3205 947 3304 inritus,
980 3229 1046 3281 con
1071 3211 1217 3299 tuffido
1248 3212 1452 3303 apostolico,
1488 3231 1536 3286 ne
1567 3212 1623 3284 vi·

446 3330 602 3406 deretur
629 3328 851 3404 temerarius
876 3329 904 3402 si
931 3327 1151 3403 auctoritate
1176 3349 1243 3402 sua
1269 3330 1339 3403 boc
1363 3328 1552 3425 lacerata
1573 3331 1623 3404 si-

446 3451 534 3545 mili,
563 3454 665 3542 puesi
689 3456 843 3522 torrente
867 3451 918 3522 clt’
932 3453 1007 3523 alto
1032 3469 1123 3522 vena
1142 3470 1276 3543 preuw,
1305 3450 1410 3543 quasi
1438 3451 1544 3547 dicat,
1567 3452 1624 3526 vi·

446 3571 585 3646 vociter
605 3577 644 3648 et
661 3571 867 3665 impetuose
892 3568 938 3643 ad
966 3569 1117 3644 modum
1137 3569 1309 3643 torrentis
1323 3561 1373 3664 (⁴),
1392 3591 1505 3663 quem
1528 3592 1622 3648 vena
1687 3618 1690 3622 <

445 3690 637 3766 abundans
663 3689 811 3764 emittit:
839 3687 938 3764 unde
963 3688 1105 3762 subdit:
1141 3691 1344 3780 ctimpeto
1368 3710 1432 3763 suo
1457 3712 1623 3783 perosae

446 3813 539 3902 nepti
562 3812 670 3902 sterpi
694 3812 822 3900 metiri,
848 3808 950 3898 idest,
977 3808 1014 3880 in
1040 3807 1176 3903 stipites
1202 3827 1406 3884 venenosos
1432 3811 1625 3886 baeretico-

449 3947 548 4021 rum,
574 3946 669 4020 quos
694 3925 900 4020 extirpavit.
927 3925 972 3998 lit
995 3923 1103 3998 dicit:
1127 3918 1189 4016 ptd
1206 3927 1397 3999 uramenta
1413 3929 1520 4018 quivi,
1536 3947 1625 4020 sup·

346 4115 350 4123 ,
450 4047 520 4142 ple,
547 4045 736 4141 percussit,
764 4047 852 4118 dove
877 4048 908 4118 lc
931 4046 1118 4118 resisterem
1148 4065 1238 4116 mun
1265 4041 1328 4137 piri
1359 4067 1495 4138 prosse,
1521 4046 1625 4142 idest,

453 4165 517 4240 ubi
543 4170 649 4240 erant
675 4165 833 4240 maiores
859 4165 1032 4258 baeretici,
1059 4164 1118 4239 vel
1144 4165 1286 4240 ratione
1304 4166 1463 4242 scientia
1480 4167 1539 4240 rel
1558 4186 1626 4261 po·

449 4285 592 4360 tentiae:
620 4305 694 4360 non
719 4284 818 4359 enim
845 4284 930 4360 iecit
954 4285 1049 4358 sicut
1073 4285 1221 4379 quidam
1248 4285 1415 4361 moderni
1435 4285 1627 4380 inquisito·

449 4425 521 4499 res,
548 4404 612 4499 qui
637 4425 712 4480 non
737 4410 823 4479 sunt
839 4404 999 4480 audaces
1017 4424 1085 4479 nec
1102 4405 1267 4500 solertes,
1282 4405 1350 4479 nisi
1366 4411 1496 4480 contra
1512 4425 1627 4499 quos·

450 4525 535 4600 mm
561 4524 690 4601 divites
715 4525 885 4619 denariis,
912 4545 1092 4620 pauperes
1116 4526 1255 4621 amicis,
1281 4526 1344 4621 qui
1371 4546 1445 4603 non
1474 4535 1627 4623 possunt

452 4643 574 4722 lacere
600 4665 773 4743 magnam
792 4645 1048 4740 resistentiam,
1074 4652 1113 4722 et
1136 4653 1362 4742 extorquent
1378 4648 1426 4722 ab
1442 4648 1496 4723 eis
1512 4669 1627 4745 peen-

450 4766 539 4860 nias,
565 4763 702 4861 quibus
733 4773 857 4863 postea
890 4773 1020 4842 emunt
1052 4767 1439 4864 episcopatum-Di
1470 4774 1528 4844 lari.
1559 4771 1626 4845 llio

510 5025 542 5093 υ)
557 5027 589 5079 rs
606 5028 739 5090 umus
756 5029 810 5080 svo
825 5029 906 5080 nuru
