4842 6642
927 798 974 867 68
1317 809 1524 866 conandum
1547 811 1716 866 rsnsnrsr

925 955 1091 1030 sterium.
1110 997 1159 1010 -
1175 961 1251 1030 Bm
1278 976 1354 1029 son.
1385 955 1451 1030 iiic
1479 955 1638 1030 Thomas
1662 953 1821 1030 ostendit
1852 955 1952 1049 quod
1975 957 2097 1032 adhuc

924 1074 1038 1171 aliqui
1064 1082 1150 1150 sunt
1174 1075 1263 1150 boni
1288 1075 1421 1151 iratres
1447 1076 1484 1149 in
1508 1076 1636 1152 ordine
1660 1095 1741 1168 suo,
1767 1075 1831 1152 sed
1856 1076 1944 1152 satis
1968 1078 2095 1173 pauci3

925 1197 1025 1272 unde
1048 1197 1155 1271 dicit:
1186 1201 1257 1271 Bm
1280 1217 1347 1270 son
1371 1199 1409 1271 dt
1432 1199 1553 1294 quelle,
1581 1197 1716 1273 scilieet
1729 1189 1781 1291 (¹),
1806 1197 2020 1293 pecudibus,
2037 1201 2099 1272 cic

848 1339 852 1344 ’
926 1325 1063 1394 ummo
1086 1320 1113 1392 't
1135 1320 1269 1412 mono,
1297 1316 1385 1410 quia
1409 1317 1544 1392 scilicet
1570 1317 1700 1393 timent
1730 1317 1920 1413 insultum,
1952 1319 2011 1394 rei
2040 1319 2105 1395 in·,

926 1439 1034 1515 sidias
1058 1438 1246 1533 luporum,
1279 1439 1515 1528 esumgoost
1547 1441 1587 1510 ul
1612 1445 1760 1532 pastum
1791 1457 1865 1512 nou
1896 1436 2097 1531 deviantes,

925 1565 964 1634 et
989 1557 1127 1632 subdit:
1162 1579 1222 1630 mu
1246 1579 1313 1630 son
1340 1549 1371 1630 si
1396 1559 1518 1650 nocte,
1543 1558 1605 1630 cte
1634 1560 1799 1652 kcnppe
1820 1560 1977 1651 [orruisse
2003 1578 2097 1650 poco

919 1701 1054 1773 pauno.
1070 1719 1119 1732 -
1136 1683 1201 1770 Or,
1227 1698 1274 1751 se.
1301 1677 1367 1752 ilic
1388 1677 1548 1752 Thomas
1571 1676 1649 1751 tinit
1673 1697 1883 1752 sermonem
1916 1698 2028 1752 suum
2059 1684 2097 1753 et

924 1798 1108 1875 clauditur
1134 1797 1349 1894 capitulum,
1378 1797 1520 1872 dicens:
1551 1800 1605 1872 Or
1629 1800 1665 1870 tu
1690 1803 1750 1872 mo
1780 1799 1899 1889 voglio
1925 1800 1978 1890 flu
2010 1818 2096 1871 con-

925 1928 1018 1996 tente
1042 1923 1080 1994 in
1100 1927 1219 2013 parte,
1248 1918 1333 2014 quia
1359 1917 1496 1993 scilicet
1520 1917 1748 1994 deciaratum
1773 1924 1830 1994 est
1846 1919 2008 2014 primum
2025 1919 2095 1993 du·

925 2041 1041 2135 bium,
1067 2061 1104 2114 sc
1129 2043 1160 2113 le
1184 2041 1251 2112 mic
1269 2041 1399 2132 porote
1430 2060 1503 2112 noo
1530 2059 1597 2112 son
1624 2041 1747 2132 fincte,
1778 2039 1882 2134 idest,
1916 2059 2028 2116 rauca
2060 2049 2098 2115 et

926 2162 1096 2254 obscura,
1122 2159 1152 2234 si
1178 2178 1246 2254 pro
1271 2159 1371 2254 quia,
1396 2158 1483 2253 quia
1508 2158 1608 2234 clare
1636 2159 1782 2234 locutus
1812 2181 1909 2255 sum,
1934 2167 1968 2234 et
1993 2180 2031 2233 se
2061 2163 2098 2232 to

926 2287 987 2354 tato
1012 2282 1190 2354 eudemo
1215 2275 1235 2353 e*
1256 2287 1348 2354 emta
1365 2285 1508 2373 eundo,
1532 2278 1634 2373 idest,
1651 2279 1682 2354 si
1703 2285 1842 2355 attente
1862 2280 1995 2354 notasti
2011 2300 2096 2375 quae

926 2401 1011 2494 dixi,
1032 2408 1066 2474 et
1087 2423 1125 2474 sc
1149 2393 1203 2474 o'd
1223 2402 1282 2473 cte
1301 2403 1347 2472 do
1363 2403 1454 2474 detto
1469 2402 1544 2473 atla
1565 2407 1675 2474 metue
1689 2403 1842 2491 monete,
1858 2400 1962 2494 idest,
1980 2400 2010 2474 si
2036 2420 2098 2476 re·

924 2521 1027 2596 ducis
1053 2521 1100 2596 ad
1126 2521 1346 2596 memoriam
1372 2520 1546 2615 quicquid
1571 2520 1645 2595 dixi
1671 2528 1746 2597 tam
1776 2512 1875 2613 (Μ’)
1905 2520 2098 2597 Francisco

925 2664 1038 2738 quam
1065 2642 1111 2717 de
1136 2642 1311 2716 iratribus
1337 2642 1440 2716 meis,
1466 2642 1510 2715 Et
1533 2641 1694 2739 assignat
1717 2637 2097 2736 erumpentem

924 2766 1010 2838 drot
1033 2767 1069 2836 lo
1091 2765 1229 2856 pineto
1251 2762 1352 2856 idest,
1379 2762 1560 2858 originem
1587 2767 1625 2837 et
1648 2783 1813 2857 causam,
1837 2784 1901 2838 oue
1924 2765 1957 2836 si
1977 2764 2098 2854 sodeu-

925 2887 1000 2976 9io,
1027 2883 1129 2976 idest,
1154 2904 1176 2958 a
1203 2905 1278 2978 qun
1302 2882 1513 2976 absciditur,
1546 2888 1584 2956 et
1612 2882 1781 2958 aufertur
1811 2882 1900 2958 iliud
1931 2882 2095 2958 dictum:

931 3006 970 3078 U'
982 3005 1046 3078 deu
1062 3006 1339 3096 simmacum
1349 3025 1422 3076 noo
1437 3005 1470 3076 si
1484 3007 1672 3098 somogia,
1688 3025 1707 3077 c
1723 2994 1834 3078 oedrd
1849 3007 1878 3078 u
1891 3006 2096 3096 comcggtcr

927 3127 978 3198 ci'
991 3131 1213 3216 argomento,
1238 3123 1342 3217 idest,
1361 3123 1628 3199 distinctionem
1646 3144 1768 3199 meam
1787 3145 1873 3219 quae
1891 3127 2041 3224 corrigit
2058 3133 2097 3202 et

928 3244 1114 3340 restringit
1138 3243 1352 3338 praedictum
1378 3244 1517 3318 dictum
1544 3263 1671 3318 meum
1697 3250 1767 3319 etc.

987 3505 1016 3568 (¹)
1031 3505 1062 3554 E.
1078 3505 1185 3566 scilicet,
1202 3505 1235 3557 de
1251 3506 1403 3569 pecudibus,
1418 3507 1470 3558 troc
1485 3511 1524 3558 est
1540 3506 1573 3557 de
1588 3506 1648 3570 ipsis
1663 3505 1796 3570 struibus,
1813 3509 1857 3560 cire
1872 3513 1978 3560 mm,

988 3579 1016 3646 (¹)
1033 3582 1064 3632 E.
1080 3583 1113 3632 de
1128 3583 1204 3635 beato
1219 3583 1368 3635 Francisco.
