4842 6642
1010 766 1079 832 1lo
1397 777 1602 833 consensum
1625 781 1792 834 ransnrsv
1883 775 1889 791 ·

984 927 1118 1008 tuam.
1137 920 1182 994 Et
1201 921 1345 995 subdit:
1371 927 1409 996 et
1423 913 1460 1014 (⁴)
1480 923 1650 1016 quamvis
1667 943 1738 1018 ego
1755 924 1898 999 videam
1917 932 2023 999 tuum
2044 932 2174 1000 votum

1003 1042 1139 1137 etjam
1168 1042 1323 1117 habeam
1352 1044 1624 1137 responsionem
1656 1050 1823 1139 paratam
1857 1044 1904 1119 ad
1934 1045 2055 1140 ipsum
2085 1067 2176 1121 con-

1003 1163 1232 1256 tentandum,
1260 1162 1494 1238 nihilominus
1519 1165 1608 1250 volo·
1628 1165 1727 1258 quod
1744 1164 1893 1259 proprio
1910 1185 1977 1240 ore
1993 1171 2033 1239 tu
2052 1166 2175 1261 expri-

1006 1302 1097 1376 mas,
1116 1290 1157 1356 ut
1185 1282 1301 1378 magis
1325 1282 1571 1378 adimpleatur
1596 1285 1690 1360 velle
1715 1296 1834 1358 tuum.
1860 1285 1952 1359 Dicit
1977 1307 2086 1382 ergo:
2113 1307 2173 1360 ma

1004 1405 1042 1474 la
1066 1423 1149 1476 voce
1173 1409 1233 1474 luc
1256 1406 1388 1494 stcuru,
1413 1403 1516 1498 idest,
1542 1404 1621 1478 sine
1650 1404 1851 1498 timiditate,
1887 1405 1995 1478 baldo
2025 1429 2045 1479 e
2078 1410 2171 1500 lietu,
2267 1419 2273 1428 '

1004 1523 1172 1617 quamvis
1200 1543 1270 1597 non
1297 1543 1360 1598 me
1384 1543 1594 1622 cognoscas,
1619 1527 1722 1598 suoru·
1746 1528 1782 1597 lu
1806 1515 1961 1617 ooloatd,
1986 1524 2089 1620 idest,
2114 1547 2175 1600 so-

1004 1643 1123 1716 nando
1148 1643 1306 1738 detegat,
1331 1648 1434 1718 suooi
1455 1647 1484 1717 ll
1506 1648 1608 1736 doio,
1635 1643 1737 1738 idest,
1763 1645 1926 1719 sonando
1951 1646 2092 1741 aperiat
2108 1644 2174 1720 dc-

1001 1763 1175 1838 siderium
1201 1763 1297 1837 illius
1323 1765 1529 1859 voluntatis,
1553 1787 1576 1838 a
1595 1768 1656 1838 cte
1671 1769 1709 1838 lo
1725 1769 1797 1838 mlo
1813 1769 1966 1858 risposlu
1985 1756 2085 1856 spic
2109 1769 2172 1839 dc-

1002 1893 1109 1978 creta,
1136 1885 1239 1977 idest,
1264 1891 1469 1980 praeparata
1495 1892 1533 1961 et
1557 1886 1742 1981 deputata,
1768 1887 1856 1980 quia
1876 1888 1954 1982 Jam
1981 1887 2068 1979 scio,
2085 1885 2174 1980 quid

1003 2007 1093 2080 velis
1119 2006 1267 2098 etquid
1293 2005 1488 2080 dosideres.
1515 2007 1559 2079 El
1583 2007 1744 2103 assignat
1773 2027 1924 2082 causam
1958 2027 2087 2103 quare,
2119 2007 2175 2081 di-

1002 2147 1106 2202 eens:
1130 2123 1258 2218 percle*
1281 2130 1306 2199 'l
1327 2148 1434 2200 sucro
1458 2148 1593 2219 colore,
1619 2128 1766 2222 scilicet,
1797 2136 1883 2201 tuus
1915 2148 2026 2222 quem
2060 2129 2173 2202 habes

1003 2248 1049 2322 ad
1076 2269 1181 2321 sacra
1207 2254 1245 2321 et
1269 2248 1315 2322 ad
1341 2268 1403 2322 me
1427 2269 1575 2324 sacrum
1602 2256 1640 2323 et
1663 2257 1850 2324 sacratum
1876 2271 2021 2344 poema,
2039 2253 2079 2323 io
2100 2253 2173 2340 elle,

1003 2368 1105 2461 idest,
1124 2369 1159 2442 in
1185 2388 1261 2461 quo
1285 2389 1416 2442 amore
1436 2377 1512 2463 tuo,
1536 2373 1572 2442 io
1598 2372 1722 2463 ceptio,
1745 2369 1847 2464 idest,
1866 2371 1986 2466 vigilo,
2004 2392 2071 2444 con
2085 2393 2173 2464 per-

998 2497 1106 2581 petuo
1132 2493 1233 2582 visto,
1254 2490 1359 2582 quasi
1384 2490 1491 2583 dicat,
1517 2510 1603 2563 curn
1635 2488 1809 2564 continuo
1834 2497 1872 2566 et
1895 2512 2042 2587 semper
2067 2492 2173 2566 video

1002 2611 1039 2683 in
1065 2611 1213 2706 speculo
1237 2610 1316 2703 Dei,
1341 2617 1378 2684 et
1403 2610 1466 2684 diu
1493 2611 1638 2706 vigilavi
1668 2618 1864 2705 expectans
1896 2612 1990 2685 istud
2023 2611 2171 2705 testum,

1002 2731 1099 2806 unde
1125 2730 1229 2804 dicit:
1255 2752 1275 2803 e
1298 2731 1358 2802 cle
1382 2733 1553 2803 m’osselu
1577 2733 1615 2804 dl
1638 2733 1735 2803 dolce
1760 2733 1886 2821 disier,
1917 2729 2019 2824 idest,
2045 2737 2083 2806 et
2108 2730 2172 2824 qui

1001 2873 1108 2927 amor
1133 2850 1298 2926 accendit
1331 2850 1367 2923 in
1394 2871 1456 2924 me
1480 2849 1589 2925 dulce
1613 2850 1834 2926 desiderium
1871 2851 1935 2945 tui,
1970 2854 2174 2944 s’odempio

1003 2975 1140 3062 mepllo,
1166 2971 1268 3064 idest,
1295 2971 1437 3066 plenius
1462 2976 1499 3045 et
1525 2971 1719 3066 perfectius
1745 2971 1950 3069 quilletetur3
1977 2973 2035 3044 vel
2061 2970 2119 3044 dic
2135 2977 2173 3044 et

1003 3092 1150 3166 melius:
1169 3093 1196 3164 s’
1205 3093 1367 3182 adempta
1383 3093 1521 3183 meptio,
1539 3091 1685 3184 scilicet,
1706 3111 1813 3165 amor
1831 3111 1937 3164 meus
1954 3110 2070 3184 sacer,
2084 3090 2172 3184 quia

1001 3212 1099 3309 quod
1134 3211 1375 3306 praevideram
1402 3212 1438 3286 in
1463 3212 1540 3285 Deo
1574 3212 1756 3305 loturum,
1791 3233 1889 3286 nunc
1922 3211 2053 3286 videbo
2084 3218 2171 3285 actu

1000 3353 1171 3429 praesens,
1199 3340 1236 3407 et
1262 3332 1408 3406 audiam
1436 3340 1472 3406 te
1496 3331 1872 3406 desideratum—lo
1903 3335 1951 3404 ovi
1984 3335 2081 3406 ootsl.
2107 3332 2172 3407 llic

1000 3463 1109 3530 autor
1135 3454 1236 3549 ponit
1261 3454 1534 3548 responsionem
1565 3473 1671 3526 suam
1702 3453 1748 3526 ad
1778 3453 1872 3528 dicta
1898 3452 1981 3526 dicti
1995 3445 2042 3544 l²l
2067 3455 2172 3548 spiri-

1002 3582 1082 3669 tus;
1111 3581 1149 3649 et
1180 3574 1300 3670 primo
1334 3573 1490 3651 ostendit
1521 3573 1708 3667 quomodo
1738 3573 1908 3668 petiverit
1932 3573 2114 3648 licentiam
2148 3596 2170 3648 a

1002 3694 1177 3787 Beatrice‚
1204 3715 1289 3788 quae
1316 3694 1449 3768 melius
1475 3693 1650 3787 disposuit
1676 3713 1776 3787 cum,
1802 3693 1945 3768 dicens:
1962 3697 2069 3769 lomi
2085 3698 2174 3768 ootsi

1001 3819 1221 3905 creatrice,
1248 3816 1326 3890 sine
1343 3805 1456 3889 ¹cuius
1481 3833 1661 3889 consensu
1689 3813 1776 3887 nilril
1800 3815 1982 3909 agebam3
2008 3822 2046 3890 et
2080 3836 2170 3890 con·

1002 3937 1104 4010 tinuo
1130 3935 1288 4010 obtinuit
1313 3934 1413 4029 quod
1439 3935 1548 4009 tacite
1573 3934 1729 4028 petebat.
1755 3934 1859 4010 Unde
1883 3934 1985 4008 dicit:
2011 3957 2031 4008 e
2056 3941 2170 4028 puella
2197 4025 2203 4038 Ι

999 4060 1082 4132 udio
1103 4059 1188 4148 pria
1213 4059 1313 4129 cl’io
1332 4058 1505 4148 portussl,
1531 4054 1636 4148 qnasi
1661 4054 1773 4128 dieat:
1799 4055 1977 4149 praevenit
1998 4055 2171 4133 intentio·

999 4198 1086 4252 nam
1102 4167 1139 4270 (³)
1166 4197 1309 4270 meam3
1335 4175 1435 4252 unde
1459 4175 1560 4250 dicit:
1586 4177 1765 4268 arriserat,
1785 4174 1887 4269 idest,
1905 4175 2040 4251 addidit
2059 4178 2169 4274 milri3

999 4298 1111 4393 aliqui
1145 4305 1271 4373 tamen
1309 4304 1431 4372 textus
1465 4295 1617 4389 habent3
1642 4297 1810 4388 uricsimi,
1838 4294 1902 4369 sed
1937 4297 2006 4371 hoc
2039 4298 2170 4373 accidit

999 4423 1148 4512 propter
1174 4417 1418 4513 ignorantiam
1438 4416 1629 4509 idiomatis,
1651 4416 1744 4489 sicut
1764 4422 1801 4490 ot
1818 4415 1855 4489 in
1874 4417 1997 4490 multis
2022 4407 2110 4492 locis
2131 4428 2168 4494 et

999 4538 1185 4612 vocabulis
1211 4537 1314 4612 istius
1339 4537 1441 4631 libri;
1465 4557 1563 4631 nam,
1583 4539 1760 4626 arriserat,
1780 4542 1836 4612 est
1854 4537 2007 4632 vulgare
2032 4539 2168 4614 lloren-

1001 4657 1204 4750 tinomao
1236 4679 1358 4748 couno,
1385 4658 1488 4751 idest,
1520 4662 1595 4730 tarn
1627 4656 1747 4729 laetam
1777 4655 2046 4731 conniventiam
2077 4679 2169 4733 ocu-

1060 4844 1089 4907 (ll
1104 4845 1130 4896 S.
1146 4845 1216 4908 quod
1232 4848 1357 4908 quamvis.
1675 4841 1705 4905 (¹)
1721 4844 1751 4893 E.
1767 4843 1847 4906 ipsius
1862 4845 1976 4907 spiritur.

1061 4919 1087 4985 (¹)
1104 4921 1136 4973 E.
1151 4922 1301 4985 petitionem
1316 4935 1411 4980 meam,
1426 4922 1488 4986 qula
1503 4925 1666 4984 procurent
1679 4921 1849 4972 intentionem
1865 4935 1959 4972 meam.
