4842 6642
767 855 906 911 CANTUS
931 857 1088 914 bucinus
1113 858 1275 912 rabulus.
1497 939 1499 943 .
1540 816 1608 912 107

437 992 604 1093 riatur(⁴)
632 1021 654 1076 a
680 1000 876 1096 proposito,
903 1005 961 1078 oto
988 998 1049 1095 piri
1082 1004 1142 1074 cte
1166 1004 1334 1094 ’odam
1372 1003 1457 1096 quia
1493 1003 1610 1078 multo

435 1123 628 1218 plusquam
648 1141 743 1196 nave
758 1113 809 1214 (¹),
822 1118 953 1215 percle
972 1143 1046 1196 oon
1071 1129 1177 1196 tonna
1202 1125 1254 1194 tat
1278 1123 1363 1214 gaal
1387 1126 1419 1194 et
1442 1126 1474 1194 st
1497 1143 1610 1213 mooe,

435 1240 539 1335 quasi
556 1240 677 1316 dicat:
702 1241 815 1315 immo
832 1241 935 1336 peior
952 1242 1038 1336 quia
1058 1241 1185 1336 plenus
1206 1241 1329 1315 multis
1354 1242 1545 1318 erroribus
1570 1250 1607 1318 et

437 1361 662 1436 falsitatibus.
689 1361 734 1434 lit
759 1361 817 1434 bic
843 1369 928 1436 nota
955 1361 1054 1455 quod
1080 1361 1147 1434 ista
1172 1363 1351 1438 sententia
1383 1362 1524 1436 autoris
1556 1369 1612 1436 ert

436 1501 563 1575 aurea,
590 1487 626 1556 et
652 1486 727 1556 tota
760 1482 820 1556 die
854 1481 1065 1558 verificatur
1095 1482 1132 1557 in
1159 1482 1294 1576 multis,
1321 1483 1385 1577 qui
1420 1482 1505 1557 licet
1538 1483 1610 1556 sint

438 1601 658 1677 excellentes
683 1602 720 1676 in
748 1623 832 1696 una,
859 1603 1015 1696 duabus,
1042 1605 1100 1678 vel
1126 1603 1293 1697 pluribus
1318 1602 1487 1697 scientiis,
1505 1611 1548 1678 ut
1565 1603 1612 1678 de

437 1722 582 1818 penitus
599 1722 849 1819 ignorantibus
870 1724 957 1798 nihil
976 1724 1107 1818 dicam,
1130 1731 1359 1818 praesumunt
1376 1732 1518 1799 temere
1538 1725 1611 1798 im-

440 1843 586 1918 mittere
611 1842 739 1918 ialcem
771 1843 808 1917 in
838 1864 996 1920 messem
1021 1845 1193 1939 alienam,
1218 1844 1419 1920 scribentes
1444 1851 1481 1919 et
1511 1843 1610 1941 glos·
1682 1837 1685 1842 ’

438 1969 560 2038 santes
577 1963 614 2036 in
639 1963 718 2038 aliis
738 1964 906 2059 scientiis,
924 1965 970 2040 de
990 1965 1125 2059 quibus
1141 1985 1274 2060 parum
1293 1972 1496 2057 noverunt,
1515 1966 1612 2040 sicut

437 2083 586 2177 quidam
606 2074 645 2176 (³)
663 2105 820 2182 magnus
845 2085 1079 2181 philosophus
1097 2090 1133 2160 et
1150 2087 1359 2181 astrologus
1376 2085 1492 2160 voluit
1508 2105 1612 2160 com·

438 2209 606 2278 mentare
626 2204 811 2279 Valerium
836 2205 1049 2299 Maximum,
1070 2205 1162 2280 etin
1185 2205 1284 2278 mille
1301 2205 1389 2279 locis
1409 2205 1498 2298 quid
1515 2205 1611 2280 dicat

437 2322 600 2420 ignorat;
627 2325 737 2401 etita
764 2326 810 2400 de
837 2326 961 2400 multis
986 2326 1129 2423 magnis
1164 2325 1358 2421 magistris,
1385 2327 1449 2420 qui
1476 2327 1612 2401 multos

437 2443 553 2516 libros
577 2450 752 2519 autorum
784 2445 1095 2538 imbrataverunt3
1127 2465 1245 2540 quare
1277 2445 1464 2540 eleganter
1495 2446 1613 2540 inquit

385 2635 389 2644 ,
438 2563 703 2659 Hieronymus:
718 2564 851 2658 felices,
865 2565 981 2660 inquit
997 2563 1143 2656 Fabius,
1164 2571 1286 2639 essent
1305 2571 1404 2639 artes
1421 2573 1489 2639 etc.
1508 2565 1611 2640 Unde

438 2688 475 2756 et
501 2683 637 2758 Plinius
662 2685 808 2760 adducit
833 2687 1044 2781 exemplum
1063 2685 1110 2760 de
1127 2687 1265 2782 pictore
1284 2692 1353 2760 etc.
1368 2691 1462 2758 -Ε
1484 2688 1521 2759 dt
1544 2679 1607 2762 ctd.

438 2804 504 2878 llic
529 2804 687 2880 Thomas
712 2805 906 2881 confirmat
930 2807 1145 2882 sententiam
1172 2827 1278 2880 suam
1314 2806 1484 2900 exemplo
1516 2827 1610 2899 quo·

439 2924 610 2998 rumdam
630 2925 927 3021 pbilosopborum
949 2934 986 3000 et
1008 2927 1264 3022 theologorum
1282 2926 1534 3019 antiquorum,
1555 2925 1610 3000 di·

437 3065 545 3120 cens:
572 3049 656 3120 Edi
679 3041 732 3120 oid
756 3065 845 3120 sono
870 3050 909 3120 al
932 3050 1060 3121 mondo
1086 3055 1205 3140 operte
1226 3067 1339 3138 proce
1359 3048 1571 3122 Parnwnt'de
1591 3068 1611 3120 e

439 3169 590 3240 Matisco.
609 3166 652 3239 Et
669 3167 728 3240 bic
745 3173 829 3242 nota
849 3167 947 3260 quod
964 3166 1200 3242 Parmenides
1217 3174 1255 3242 et
1271 3155 1435 3241 Melissus
1460 3166 1611 3242 luerunt

439 3287 513 3362 duo
539 3287 750 3381 pbilosopbi,
770 3287 831 3380 qui
853 3294 1027 3362 conantes
1045 3287 1267 3383 investigare
1288 3287 1462 3382 principia
1481 3307 1610 3365 rerum

438 3406 662 3482 naturalium
677 3403 783 3480 nimis
797 3407 998 3482 enormiter
1012 3414 1251 3501 erraverunt3
1270 3427 1430 3501 quorum
1451 3407 1610 3482 rationes

438 3527 672 3621 philosophus
703 3527 884 3622 improbat
918 3528 1037 3622 primo
1069 3529 1305 3624 physicorum
1339 3527 1548 3622 saepissime,
1573 3535 1612 3602 et

437 3646 522 3724 alibi
547 3665 655 3742 saepe.
669 3653 864 3722 -nrosn
892 3648 956 3722 llic
991 3648 1101 3724 etiam
1135 3648 1370 3743 philosophus
1403 3647 1541 3722 erravit
1573 3647 1611 3721 in

440 3765 619 3861 principiis
641 3788 766 3841 rerum
790 3767 1030 3861 naturalium3
1048 3768 1115 3842 luit
1133 3775 1259 3843 autem
1278 3773 1393 3860 etc.,e
1409 3770 1517 3861 molti,
1538 3767 1610 3841 sci·

438 3887 522 3962 licet
542 3886 601 3962 alii
619 3887 829 3982 pbilosopbi,
856 3908 1016 3981 quorum
1038 3887 1227 3985 opiniones
1244 3887 1353 3962 etiam
1373 3887 1608 3982 pbilosopbus

441 4009 675 4103 reprobatio
701 4008 800 4083 libris
827 4009 1065 4103 naturalibus,
1091 4010 1184 4084 sicut
1209 4009 1459 4103 Anaxagoras,
1476 4007 1611 4082 Anaxi·

441 4129 605 4222 mandor,
631 4129 876 4204 Anaximenes
901 4135 982 4222 etc,
1009 4133 1034 4202 ti
1058 4132 1155 4221 puali
1179 4132 1362 4219 amanen,
1388 4128 1535 4222 scilicet,
1559 4127 1605 4202 ad

439 4249 727 4345 investigandam
759 4249 964 4344 veritatem,
991 4250 1054 4325 sed
1088 4250 1175 4324 caeci
1205 4248 1271 4344 ipsi
1302 4248 1486 4323 ducebant
1519 4248 1609 4324 alios

440 4371 477 4444 in
510 4370 681 4446 cecitatis
712 4391 890 4446 errorem.
918 4371 1020 4446 Unde
1055 4371 1162 4446 dicit:
1195 4392 1215 4443 c
1244 4391 1317 4444 noo
1340 4391 1473 4462 sapeco
1506 4373 1608 4460 door,

439 4492 523 4585 quia
546 4511 620 4566 non
639 4492 885 4588 intelligebant
906 4513 946 4568 se
967 4484 1178 4594 ipsos—Si
1192 4495 1249 4585 [θ’.
1267 4489 1430 4566 Ostendit
1454 4490 1549 4565 idem
1573 4491 1610 4566 in

439 4612 657 4705 quibusdam
676 4613 864 4710 theologis,
882 4613 1025 4688 dicens:
1044 4605 1082 4686 Sl
1095 4615 1141 4706 [θ’
1151 4612 1300 4686 Sabellio
1321 4618 1354 4684 ct
1374 4613 1497 4702 Arrio,
1518 4609 1610 4684 idest

438 4736 486 4809 ita
513 4741 743 4810 erraverunt.
771 4733 824 4808 bd
851 4733 948 4827 quod
966 4731 1154 4808 sciendum
1168 4720 1204 4824 (⁸)
1224 4731 1324 4826 quod
1342 4730 1520 4805 Sabellius
1544 4730 1611 4806 luit

501 4921 528 4984 (¹)
543 4920 569 4970 S.
586 4923 793 4973 moretum-E.
812 4923 900 4970 variat.
1260 4920 1286 4978 ξ’]
1303 4919 1335 4967 E.
1352 4917 1488 4980 plusquam
1504 4931 1577 4968 rane.

501 4995 528 5059 t‘)
545 4996 576 5048 E.
592 5009 608 5046 e
624 4997 650 5049 S.
666 4999 770 5062 quidam
787 4997 924 5061 Ilionysiur
940 4997 1002 5048 licet
1017 5009 1136 5060 magnus.
1261 4994 1288 5055 ζ’)
1303 4993 1336 5046 Ε.
1351 4997 1391 5044 est
1406 4992 1547 5044 mudum.
