4842 6642
792 814 863 881 nlo
1183 826 1388 915 compununt
1412 828 1581 881 nnnnnrsr

791 971 912 1047 Senna
937 971 1071 1046 lluvius
1096 971 1159 1065 qui
1187 971 1322 1046 labitur
1348 993 1412 1065 per
1438 973 1608 1067 Parisios,
1627 972 1690 1068 qui
1711 978 1780 1047 etc.
1799 970 1844 1043 ut
1860 967 1963 1043 dicit:

787 1095 1035 1185 subeppiuudo
1060 1096 1097 1165 la
1122 1101 1273 1185 moneto,
1300 1093 1386 1188 quia
1413 1094 1597 1189 Philippus
1615 1092 1769 1168 faciebat
1794 1089 1964 1164 fabricari

790 1221 976 1289 monetam
1002 1215 1141 1289 falsam.
1169 1217 1213 1290 nt
1239 1217 1296 1290 bic
1323 1222 1408 1291 nota
1434 1215 1532 1311 quod
1557 1214 1742 1309 Philippus
1769 1210 1964 1307 praedictus

790 1333 857 1407 luit
881 1334 1091 1410 interlectos
1115 1336 1163 1409 nb
1188 1355 1280 1430 apro
1296 1336 1333 1409 in
1351 1336 1566 1428 venatione3
1584 1333 1666 1409 ideo
1687 1332 1791 1407 dicit:
1810 1334 1848 1405 di
1863 1333 1964 1423 culpo

789 1456 827 1527 dl
851 1461 1011 1544 cormac,
1037 1454 1137 1547 idest,
1163 1454 1272 1530 dente
1296 1456 1387 1551 apri.
1413 1458 1506 1530 Nam
1533 1456 1570 1530 in
1596 1453 1740 1550 vulgari
1769 1452 1963 1527 llorentino

790 1580 945 1648 cotenon
966 1573 1084 1647 solum
1112 1575 1317 1668 appellatur
1342 1577 1436 1650 cutis
1460 1576 1559 1670 porci
1586 1595 1713 1672 grossa
1734 1580 1772 1649 et
1788 1572 1962 1663 setnlosa;

791 1701 828 1769 et
856 1715 923 1789 per
952 1695 1224 1771 similitudinem
1255 1697 1348 1771 cutis
1381 1697 1507 1793 capitis
1539 1696 1695 1771 bominis
1727 1695 1850 1787 etiam,
1877 1691 1964 1786 quia

790 1823 845 1891 est
868 1824 995 1913 gros'sa
1022 1823 1060 1891 et
1085 1816 1209 1913 pilosa.
1238 1818 1335 1915 Ergo
1358 1840 1423 1913 per
1439 1818 1553 1893 cutim
1572 1817 1633 1892 dat
1650 1814 1799 1911 intelligi
1817 1833 1964 1907 aprum,
2025 1905 2028 1911 ⁴

790 1938 853 2031 qui
878 1937 998 2033 ipsum
1016 1938 1220 2033 Philippum
1248 1938 1446 2033 interiecit3
1466 1946 1504 2013 et
1530 1938 1663 2013 merito
1687 1938 1735 2012 ab
1761 1955 1863 2031 apro,
1883 1933 1964 2008 ani-

791 2058 875 2133 mali
903 2057 1014 2133 lernci
1041 2066 1077 2132 et
1103 2059 1274 2154 superbo,
1300 2060 1442 2134 occisus
1472 2067 1528 2134 est
1557 2060 1669 2133 bomo
1695 2064 1771 2131 tam
1797 2056 1965 2131 lernxtet

789 2172 1095 2274 superbus-Li
1119 2183 1151 2253 si
1175 2170 1296 2253 cedro.
1323 2181 1389 2254 llic
1413 2180 1536 2274 aquila
1560 2177 1732 2255 describit
1758 2175 1962 2252 secundum

790 2319 929 2395 regem,
955 2300 1091 2375 scilicet
1116 2300 1267 2397 Angliae,
1286 2321 1411 2395 quem,
1430 2300 1516 2392 quia
1534 2298 1792 2393 magnanimus
1811 2304 1903 2389 erat,
1922 2304 1965 2368 ut

789 2419 905 2515 tetigit
930 2420 1135 2515 Purgatorii
1162 2420 1334 2515 capitulo,
1366 2440 1464 2493 nunc
1493 2419 1663 2493 describit
1693 2420 1813 2492 solum
1844 2438 1964 2490 asu-

789 2537 926 2632 perbia‚
952 2538 1095 2613 dicens:
1117 2531 1156 2611 nl
1171 2542 1203 2613 si
1224 2530 1346 2629 vemt,
1364 2540 1511 2632 scilicet,
1529 2539 1566 2612 in
1584 2538 1756 2633 praedicto
1775 2538 1869 2612 libro
1886 2536 1963 2629 Dei,

791 2659 828 2730 la
853 2658 1015 2751 superbia
1040 2661 1228 2753 oramen,
1249 2659 1353 2753 idest,
1370 2659 1594 2733 sitibundum
1614 2658 1714 2752 lacit;
1737 2658 1836 2733 unde
1860 2656 1962 2731 dicit:

790 2779 850 2849 cle
871 2780 913 2871 sa
938 2781 972 2851 lo
997 2783 1125 2869 Scotto,
1152 2780 1255 2872 idest,
1280 2800 1406 2876 regem
1429 2778 1571 2873 Scotiae,
1596 2800 1616 2851 e
1640 2780 1842 2868 l’lnplrilese
1863 2780 1961 2872 folle,

790 2898 892 2992 idest,
927 2920 1053 2995 regem
1089 2900 1229 2995 Angliae
1268 2900 1479 2975 Odoardum
1518 2899 1772 2992 temerarium,
1809 2898 1898 2992 quis
1924 2905 1965 2970 ut

790 3020 912 3113 credo,
938 3027 1019 3095 erat
1046 3041 1109 3095 rex
1137 3020 1332 3114 utriusque
1358 3021 1503 3114 insulae5
1521 3029 1576 3095 est
1592 3020 1690 3094 enim
1712 3020 1840 3117 Anglia
1864 3018 1965 3092 insu·

792 3141 910 3214 larum
930 3140 1091 3215 maxima
1109 3141 1146 3214 in
1163 3142 1310 3217 Oceano
1327 3142 1540 3216 occidentali
1558 3150 1626 3217 etc.
1645 3142 1766 3217 Scotia
1788 3162 1877 3217 vero
1894 3147 1963 3214 etc.

790 3262 833 3334 ut
857 3262 960 3335 dicit:
986 3254 1016 3334 sl
1040 3264 1100 3333 clre
1125 3282 1196 3335 noo
1215 3254 1289 3355 puri
1313 3266 1439 3355 soffrtr
1463 3265 1587 3337 denuo
1607 3285 1633 3336 a
1648 3284 1715 3337 sua
1735 3270 1840 3353 nuto,
1862 3261 1964 3352 idest,

790 3381 884 3454 intra
911 3381 1086 3455 terminos
1121 3388 1158 3455 et
1190 3381 1298 3456 litora
1323 3402 1402 3455 suae
1437 3382 1585 3474 insnlae;
1612 3383 1699 3477 quia
1730 3380 1867 3456 scilicet
1892 3399 1966 3452 non

790 3507 982 3575 contentus
1009 3502 1155 3597 proprio
1184 3523 1310 3599 regno,
1337 3501 1474 3577 invadit
1499 3504 1617 3579 aliena
1644 3524 1769 3601 regna.
1795 3504 1839 3577 Et
1864 3506 1966 3575 certe

790 3622 885 3695 istud
910 3622 1048 3697 dictum
1068 3630 1122 3697 est
1141 3624 1302 3698 maxime
1319 3623 1550 3698 verificatum
1567 3623 1695 3699 diebus
1716 3622 1859 3717 nostris,
1878 3620 1965 3716 quia

793 3762 856 3817 rex
883 3742 1021 3839 Angliae
1046 3743 1176 3820 invasit
1203 3764 1360 3840 regnum
1386 3744 1561 3838 Francia,
1587 3752 1625 3819 et
1656 3764 1744 3840 rege
1769 3750 1887 3837 capto,
1909 3749 1965 3815 to

793 3873 867 3939 tam
894 3864 971 3940 lere
997 3864 1183 3960 regionem
1213 3866 1377 3939 vastavit.
1393 3904 1442 3919 -
1463 3868 1635 3939 Vedrossi.
1661 3867 1727 3939 llic
1750 3864 1875 3958 aquila
1899 3861 1965 3936 de-

781 3984 914 4058 scribit
930 3982 1023 4057 duos
1040 3984 1129 4057 alios
1149 4004 1255 4079 reges
1273 3991 1439 4079 potentes
1451 3983 1575 4078 simul,
1588 3984 1674 4079 quia
1690 3985 1801 4059 ambo
1818 3984 1965 4057 labora-

791 4105 878 4179 bant
903 4104 1033 4179 eodem
1053 4105 1184 4178 morbo
1202 4104 1388 4199 vitiorum,
1405 4104 1541 4179 scilicet
1565 4106 1713 4180 luxuria
1738 4111 1776 4179 et
1801 4101 1965 4195 mollitie,
2030 4154 2033 4159 -

790 4231 827 4300 et
851 4224 961 4299 ambo
987 4231 1093 4298 erant
1118 4224 1196 4298 sine
1220 4223 1345 4316 aliqua
1372 4224 1518 4299 virtute.
1537 4224 1629 4297 llicit
1645 4245 1755 4321 ergo:
1789 4224 1965 4311 Vedrnsoi,

790 4344 936 4437 scilicet,
963 4343 999 4416 in
1026 4343 1155 4418 endem
1183 4343 1277 4417 libro
1302 4343 1378 4437 Dei,
1396 4345 1433 4416 ln
1459 4347 1611 4417 lussurin
1636 4368 1655 4419 e
1678 4346 1706 4417 il
1729 4346 1826 4417 cicer
1848 4344 1964 4434 molle,

791 4464 900 4556 idest·
920 4464 994 4538 vita
1020 4464 1250 4559 voluptuosa,
1279 4463 1377 4536 unde
1400 4463 1562 4538 otiositas
1577 4455 1614 4554 (⁴)
1633 4469 1672 4537 et
1691 4464 1858 4557 voluptas
1882 4467 1966 4551 etc,

789 4588 827 4659 dt
851 4588 930 4676 quel
953 4588 991 4657 di
1014 4589 1175 4677 Speque,
1201 4584 1348 4677 scilicet,
1375 4584 1473 4679 regis
1497 4584 1680 4678 Alpbnnsi,
1699 4584 1762 4678 qui
1790 4590 1878 4656 tnnc
1905 4600 1966 4655 re-

791 4705 937 4801 gnabat,
965 4704 1028 4798 qui
1054 4710 1135 4799 etc,
1161 4726 1179 4777 e
1208 4706 1246 4777 di
1278 4706 1357 4794 quet
1387 4706 1426 4776 di
1454 4708 1628 4795 Boemme,
1663 4703 1766 4797 idest,
1797 4700 1964 4777 Vincislai

854 4964 882 5026 (¹)
898 4965 930 5015 Ε.
946 4965 1103 5016 animositas.
