4842 6642
841 845 913 912 tel
1232 855 1436 916 counnrnrr
1462 858 1629 918 arnamar

840 1005 1035 1099 elabantur
1052 1004 1172 1080 Mum
1191 1003 1251 1078 illa
1270 1003 1462 1080 mediante.
1476 1043 1526 1058 -
1539 1009 1572 1078 Ε
1584 1006 1665 1078 s‘io.
1684 1003 1749 1078 liic
1768 1010 1878 1080 autor
1894 1023 2011 1080 exon·

839 1131 895 1198 sat
919 1143 960 1199 se
976 1123 1076 1218 quod
1094 1144 1167 1199 non
1189 1128 1306 1218 potem
1329 1123 1538 1218 exprimere
1554 1123 1810 1202 excellentiam
1829 1118 2014 1217 Mariael¹),

839 1251 876 1317 et
901 1243 989 1338 quia
1015 1245 1127 1319 homo
1153 1250 1272 1339 poten
1297 1244 1430 1320 melius
1455 1244 1648 1340 imaginari
1680 1265 1792 1339 quam
1818 1243 1919 1340 loqui
1944 1245 2014 1320 ista

838 1362 978 1458 divina3
1004 1363 1213 1458 dicitquod
1239 1364 1350 1440 etiam
1377 1364 1405 1438 sl
1434 1365 1586 1440 haberet
1610 1363 1800 1460 eloquium
1826 1385 1894 1460 par
1920 1364 2015 1440 ima·

838 1484 1012 1582 ginationi
1047 1482 1167 1560 adhuc
1193 1503 1267 1561 non
1300 1492 1543 1580 presumeret
1578 1483 1786 1562 describere
1815 1485 2011 1561 minimam

839 1605 1068 1700 particulam.
1086 1605 1179 1679 Dicit
1194 1624 1305 1701 ergo:
1332 1627 1350 1680 c
1374 1626 1447 1680 non
1468 1608 1604 1682 maeel
1620 1609 1658 1682 di
1674 1613 1787 1680 omar
1812 1609 1839 1680 tl
1862 1608 2007 1680 minimo

839 1726 878 1798 di
909 1745 975 1798 sua
1003 1724 1476 1819 determinationem
1511 1724 1743 1803 beatitudinis
1778 1726 1912 1820 llariae,
1937 1729 1966 1800 ε’
1979 1730 2016 1800 io

839 1848 954 1919 comer·
978 1852 1077 1920 tonia
1100 1848 1232 1920 divitia
1256 1847 1292 1920 ia
1319 1848 1390 1940 dtr,
1419 1845 1510 1921 idest
1534 1845 1564 1920 si
1589 1845 1764 1922 naborem
1783 1853 1921 1922 mntem
1953 1866 2018 1924 oo·

840 1963 938 2060 piam
966 1964 1223 2059 eloquotionis,
1250 1971 1383 2056 quanta
1406 1968 1444 2038 ln
1467 1967 1695 2056 maumam,
1713 1965 1816 2060 idest,
1833 1972 2013 2060 quantam

839 2085 983 2181 copiam
1003 2085 1122 2161 liabeo
1139 2085 1417 2183 imaginationis.
1432 2125 1482 2140 -
1495 2088 1694 2162 Bernordo
1711 2085 1777 2161 ilic
1795 2087 1925 2163 ultimo
1942 2107 2013 2164 au-

841 2213 899 2280 tor
924 2204 1098 2280 claudens
1122 2205 1323 2300 capitulum
1349 2205 1506 2282 ostendit
1526 2206 1713 2300 quomodo
1730 2206 2014 2286 Bernardusni-

839 2323 930 2400 dens
954 2331 1125 2400 autorem
1159 2325 1209 2401 ita
1244 2332 1425 2400 attentum
1457 2324 1504 2402 ad
1537 2346 1704 2404 amorem
1732 2327 1864 2420 Maria,
1891 2325 2011 2400 erexit

839 2465 947 2520 snam
972 2446 1318 2542 contemplationem
1344 2446 1391 2521 ad
1416 2467 1511 2540 eam,
1538 2467 1604 2542 per
1636 2467 1747 2541 quem
1774 2438 1901 2524 actum
1926 2447 2011 2522 iecit

837 2573 1008 2642 autorem
1043 2566 1160 2662 magis
1192 2572 1373 2642 attentum
1410 2573 1447 2643 et
1480 2565 1734 2642 affectuosum.
1770 2565 1872 2642 Unde
1903 2566 2010 2647 dicit:

837 2690 1039 2777 Bernordo,
1056 2709 1152 2762 conae
1168 2690 1259 2780 virle,
1279 2687 1383 2780 idest,
1400 2709 1512 2783 qnam
1535 2689 1607 2765 cito
1631 2689 1831 2784 perpendit,
1845 2691 1896 2781 oli
1912 2691 2007 2762 eccli

836 2811 926 2900 miei,
951 2808 1098 2903 scilicet,
1125 2809 1399 2903 intellectuales,
1425 2809 1548 2884 calore
1562 2800 1599 2902 (²)
1627 2809 1846 2888 inflammari
1879 2815 1917 2884 et
1946 2829 2009 2886 ar·

833 2927 933 3024 dere,
948 2932 1025 3023 fissi
1048 2933 1107 3004 nc!
1129 2933 1232 3005 caldo
1256 2951 1320 3004 ouo
1344 2933 1458 3024 color,
1481 2928 1586 3024 idest,
1612 2929 1647 3004 in
1673 2951 1802 3006 amore
1823 2929 1958 3024 llariae,
1973 2937 2008 3004 et

832 3053 964 3140 aomo,
981 3053 1075 3126 volsa
1095 3053 1120 3124 li
1143 3054 1233 3141 suoi,
1255 3049 1358 3144 idest,
1380 3049 1499 3126 erexit
1520 3070 1607 3126 suos
1626 3051 1766 3145 oculos,
1787 3053 1884 3141 alei,
1903 3050 2006 3143 idest,

831 3169 879 3244 ad
903 3171 1054 3247 Mariam
1071 3161 1120 3264 (³),
1146 3192 1213 3246 coa
1240 3179 1336 3246 lanto
1361 3177 1491 3264 affatio,
1518 3171 1620 3265 idest,
1640 3179 1740 3248 tanta
1760 3171 1953 3250 allectione
1969 3179 2007 3247 et

833 3291 1152 3386 contemplatione,
1169 3293 1231 3366 clre
1246 3296 1302 3386 sce
1322 3286 1384 3385 piri
1403 3293 1572 3368 ardentii
1590 3294 1681 3383 miei,
1700 3291 1846 3386 scillcet,
1863 3291 2002 3386 oeulos,

833 3410 873 3483 n·
894 3410 1078 3498 maerore,
1104 3407 1209 3502 idest,
1235 3409 1487 3505 contemplari.

893 3668 922 3732 l'l
937 3669 968 3720 n
985 3667 1215 3734 virginemne.
1233 3629 1241 3646 ⁵
1278 3676 1282 3684 ·
1435 3669 1463 3732 (n
1480 3669 1511 3720 e.
1530 3669 1623 3730 aaron,
1640 3669 1704 3722 nen
1720 3669 1882 3722 ineman.

894 3743 922 3806 l'l
937 3745 969 3798 Β.
986 3747 1119 3811 Virginem
1135 3745 1254 3798 Mariam.
