4842 6642
705 854 845 911 murus
867 855 1082 933 rnremmus
1106 855 1303 912 succuum.
1519 843 1590 913 497

418 999 518 1094 quod
542 999 572 1072 si
593 999 768 1074 innocens
786 1000 988 1096 baptizatus
1004 1001 1163 1079 moritur
1180 1001 1279 1077 vadit
1297 1002 1333 1076 in
1353 1001 1463 1077 vitam
1482 1009 1592 1077 aeter-

419 1141 516 1196 uam.
543 1120 588 1194 Et
612 1121 682 1194 lroe
706 1118 794 1194 luit:
817 1124 880 1214 poi
906 1123 1008 1198 clc'l
1038 1129 1152 1216 tempo
1183 1126 1277 1198 della
1305 1127 1437 1216 pruzia
1468 1143 1593 1214 venne,

418 1240 511 1316 idest
529 1246 611 1336 post
625 1237 826 1318 adrentum
843 1240 983 1336 Consti,
998 1242 1099 1336 quud
1115 1241 1319 1338 appellatur
1340 1249 1486 1339 tempus
1503 1265 1590 1341 gra·

420 1363 490 1456 tiae,
516 1362 603 1457 quia
633 1382 701 1458 per
725 1363 806 1438 eius
836 1370 993 1440 mortem
1019 1384 1151 1439 sumus
1174 1363 1288 1461 gratis
1322 1371 1361 1439 et
1390 1363 1590 1442 liberaliter

418 1483 562 1560 liberati
586 1505 609 1559 a
634 1491 784 1579 poenulo
808 1483 975 1582 originali
1002 1503 1068 1579 per
1093 1483 1326 1580 baptismum.

490 1607 687 1696 alcunrda
715 1605 785 1678 ista
810 1611 866 1680 eut
891 1604 998 1680 tertia
1023 1625 1109 1699 pars
1133 1605 1327 1702 generalis,
1348 1604 1384 1678 in
1403 1625 1477 1700 qua
1497 1605 1589 1680 Ber-

418 1726 556 1802 uardus
579 1731 725 1800 ostensa
761 1723 969 1820 particulari
993 1725 1112 1801 iorma
1141 1725 1310 1822 paradisi,
1341 1745 1440 1800 nunc
1465 1731 1591 1802 osteu-

416 1846 468 1922 dit
492 1846 530 1921 in
558 1845 703 1942 speciali
730 1845 896 1943 reginam
922 1846 1032 1920 huius
1057 1845 1196 1940 mnndi,
1209 1854 1248 1922 et
1268 1866 1386 1920 unum
1412 1848 1586 1944 angelum

417 1966 650 2064 singulariter
683 1967 875 2042 testantem
909 1987 1037 2043 coram
1063 1985 1128 2044 ea:
1163 1974 1201 2043 et
1233 1968 1353 2063 primo
1378 1967 1590 2044 Bernartius

417 2085 615 2183 persuadet
638 2085 758 2161 autori
784 2087 1044 2183 inspectionem
1067 2087 1178 2162 huius
1205 2087 1365 2162 domiuae
1397 2094 1589 2184 tamquam

417 2207 663 2284 necessariam
696 2207 744 2284 ad
774 2207 1019 2304 cognitionem
1060 2206 1178 2282 ultimi
1211 2206 1303 2282 linis.
1340 2207 1443 2284 Unde
1475 2208 1586 2284 dicit:

417 2321 608 2420 Ripucrdu
627 2332 723 2401 omni
745 2329 839 2404 nella
860 2330 990 2423 soccia
1017 2327 1155 2403 scilicet
1170 2328 1293 2403 llariae
1308 2321 1357 2422 (⁴),
1375 2329 1435 2402 cte
1448 2323 1510 2422 pil
1530 2351 1590 2404 so-

418 2451 538 2542 miplic
559 2469 584 2522 u
603 2453 729 2541 crisio,
750 2449 787 2522 in
804 2448 923 2523 iorma
940 2448 1115 2542 humana,
1134 2454 1325 2543 umquam
1343 2469 1431 2524 vera
1454 2455 1586 2544 mater,

413 2578 452 2646 et
477 2571 515 2645 in
542 2570 628 2645 luce
652 2576 692 2644 el
719 2567 958 2663 beatitudine,
983 2576 1020 2644 el
1046 2589 1158 2664 opere
1181 2570 1341 2665 prelium
1370 2576 1425 2646 est
1450 2570 1586 2645 intueri

417 2691 550 2768 faciem
575 2689 667 2784 eius,
692 2688 755 2766 cle*
776 2693 814 2764 lu
836 2709 903 2762 suu
927 2691 1128 2781 clicrczzo,
1145 2688 1248 2784 idest,
1274 2689 1339 2764 lux
1365 2695 1404 2764 et
1429 2690 1588 2772 lumino-

417 2811 503 2888 situs
523 2811 818 2908 superexcellens
842 2810 997 2903 ceteris,
1015 2817 1058 2884 ut
1076 2816 1264 2886 ostensum
1286 2817 1341 2886 est
1367 2811 1404 2886 in
1429 2810 1588 2907 capitulo

416 2933 647 3029 precedenti,
672 2935 751 3006 solu
774 2924 892 3024 tipud
916 2933 1081 3025 duporre
1104 2950 1130 3003 u
1154 2933 1259 3005 cedar
1282 2934 1408 3024 Grato,
1430 2937 1468 3006 el
1484 2933 1585 3006 nullu

413 3054 485 3131 alia
510 3053 622 3130 iacies
646 3054 754 3128 beata
778 3057 900 3147 posset
924 3051 1012 3127 hoc:
1030 3057 1069 3126 el
1092 3049 1144 3125 sic
1169 3055 1255 3124 nola
1278 3049 1452 3126 virtutem
1474 3057 1511 3127 et
1530 3049 1586 3126 ei-

415 3173 580 3250 licaciam
606 3173 687 3247 talis
711 3171 869 3266 visionis,
890 3190 974 3264 quc
990 3169 1147 3265 disponit
1162 3169 1337 3244 virlutem
1365 3169 1519 3245 visivam
1542 3169 1589 3245 ad

415 3315 521 3392 posse
545 3293 671 3370 videre
694 3290 855 3369 divinam
886 3291 1083 3367 essentiam
1113 3295 1296 3385 quantum
1331 3296 1387 3364 est
1417 3290 1590 3386 possibile

416 3421 599 3491 creatura
625 3413 749 3488 videre
773 3429 840 3507 por
863 3411 1033 3508 gratiam.
1046 3413 1151 3484 -lo
1176 3413 1257 3484 uadi.
1293 3409 1358 3485 llic
1390 3417 1500 3486 autur
1525 3409 1591 3486 de·

416 3535 541 3612 scribit
568 3530 934 3629 superexcellentiam
964 3531 1056 3605 lucis
1080 3535 1117 3606 et
1146 3529 1320 3606 claritatis
1349 3529 1445 3604 illius
1470 3528 1590 3604 domi-

418 3675 487 3749 ne,
511 3655 657 3730 dicem:
683 3656 725 3726 lo
753 3655 826 3726 uidi
849 3657 948 3726 uma
971 3653 1189 3743 alleprezza,
1221 3649 1313 3724 lucis
1326 3639 1364 3742 (¹)
1401 3654 1438 3724 et
1471 3647 1588 3724 heuli-

417 3775 563 3868 tndinis,
575 3778 700 3868 pioocr
718 3793 830 3866 sopra
853 3774 910 3863 lei,
926 3771 1029 3864 idest,
1050 3769 1144 3878 mitti
1168 3790 1192 3844 a
1218 3767 1291 3843 lilio
1316 3788 1398 3862 suo,
1423 3767 1587 3842 lavinum

417 3897 510 3990 dico,
532 3903 677 3989 portatu
700 3897 789 3968 neue
813 3896 918 3968 mena
939 3897 1051 3983 sunu,
1076 3889 1225 3984 scilicet,
1246 3888 1399 3986 augelis,
1425 3897 1539 3963 create
1564 3909 1589 3962 c

418 4020 622 4092 tmuwlnr
644 4017 833 4110 perducti
845 4016 998 4104 ullczzc,
1028 4012 1100 4105 vel,
1126 4009 1329 4086 secundum
1362 4009 1473 4086 aliam
1505 4009 1588 4086 lite·

391 4115 395 4124 ’
418 4159 511 4233 ram,
537 4137 562 4212 u
585 4139 805 4229 vmumdcr,
826 4135 913 4231 quia
929 4133 1049 4231 augeli
1071 4131 1185 4207 creati
1201 4137 1288 4205 suut
1307 4137 1498 4226 umquam
1519 4130 1589 4204 mi·

419 4259 520 4335 nutri
544 4259 609 4336 liei
634 4263 821 4354 portantes
844 4262 882 4330 el
906 4253 1167 4328 distribuentes
1187 4249 1343 4347 gloriam
1363 4249 1476 4343 illam,
1493 4249 1589 4325 sicut

418 4379 534 4476 putuit
558 4378 595 4453 in
620 4375 840 4475 precedenti
864 4373 1035 4470 capitulo.
1061 4372 1106 4446 lit
1129 4370 1235 4446 dicit:
1248 4417 1251 4426 ·
1264 4371 1325 4444 cite
1354 4377 1588 4462 puonmcpue,

418 4499 565 4594 scilicet,
577 4498 857 4596 gaudii,iocncc
869 4498 955 4569 uolo
968 4497 1217 4582 daummnon
1231 4491 1589 4582 nusospeseditantu

418 4618 804 4711 commonacum
829 4636 990 4712 presens
1015 4604 1223 4706 lenitaue*
1255 4612 1304 4683 nti
1334 4601 1468 4684 murtro
1491 4616 1589 4684 tanto
1741 4664 1745 4670 .

417 4741 603 4816 tcmbicnlc
625 4743 664 4814 di
687 4741 771 4828 Dio,
796 4737 899 4830 idest,
918 4741 1056 4810 mulam
1082 4728 1354 4806 similitudinem
1372 4727 1503 4803 divinae
1520 4728 1588 4804 bo·

482 5000 510 5061 l'l
525 4997 557 5048 B·
574 4997 687 5062 Virginis
702 4995 801 5048 llarim
1051 4989 1079 5052 (Ἴ
1094 4989 1126 5040 li.
1141 4989 1241 5040 sullioet
1256 4988 1331 5040 lucis.

551 5103 580 5152 V·
1428 5097 1456 5142 ⁸2
