4842 6642
735 851 875 908 crnrus
899 853 1113 907 rnrunsruus
1136 851 1331 908 munaus.
1548 840 1618 908 w3

447 995 557 1071 telem
582 995 613 1070 ll
638 995 892 1093 Pbysioomm,
910 1002 948 1072 et
971 997 1111 1072 bonum
1139 997 1176 1071 in
1201 1001 1342 1091 quanto
1367 1005 1422 1072 est
1444 1004 1526 1092 etc,
1545 1019 1616 1072 non

439 1123 545 1209 paote
560 1137 649 1190 ouer
664 1119 743 1211 atto,
759 1116 862 1213 idest,
877 1117 1013 1213 locum,
1029 1119 1155 1193 deutra
1172 1120 1233 1191 ull
1246 1120 1484 1210 ampiezzo‘di
1500 1127 1619 1210 questo

444 1258 576 1330 recme,
608 1238 710 1331 idest,
737 1238 832 1314 intra
864 1238 1103 1334 capacitatem
1138 1238 1289 1314 maximi
1321 1239 1403 1314 coeli
1430 1238 1615 1344 empyrei3

446 1357 544 1454 quod
562 1357 694 1454 probat
713 1377 735 1432 a
753 1356 873 1451 simili,
894 1357 1029 1453 dicens,
1040 1380 1078 1434 se
1093 1379 1165 1432 non
1181 1379 1279 1432 conse
1295 1361 1455 1452 baidziu,
1471 1379 1494 1432 o
1511 1365 1579 1432 sete
1598 1379 1621 1430 o

443 1482 552 1574 same,
579 1497 674 1573 qum,
699 1477 923 1571 scilicet„bic
943 1498 1017 1554 non
1043 1479 1178 1553 babent
1202 1479 1337 1554 locum.
1357 1481 1400 1554 Et
1419 1478 1541 1554 subdit
1559 1499 1620 1553 ra-

447 1599 597 1693 tionem,
622 1598 766 1674 diceus:
784 1595 846 1672 cdd
868 1606 1091 1692 quantunque
1107 1602 1197 1690 oedi,
1219 1599 1321 1695 idest,
1340 1600 1427 1694 quia
1445 1599 1619 1695 quicquid

447 1719 546 1795 vides
571 1720 609 1794 in
634 1720 702 1794 isto
726 1719 950 1815 amplissimo
977 1739 1103 1816 regno,
1127 1716 1148 1794 c'
1170 1721 1334 1814 stabilito,
1360 1721 1463 1816 idest,
1490 1720 1618 1796 firma·

446 1846 525 1914 tum
544 1839 793 1934 immobiliter,
807 1861 874 1933 per
893 1847 1015 1914 amaa
1031 1841 1142 1933 appe,
1158 1861 1243 1934 quae
1260 1846 1315 1916 est
1331 1846 1456 1916 sancta
1477 1841 1617 1916 sanctio

443 1961 519 2067 Dei.
547 1960 591 2034 Et
614 1959 773 2035 ostendit
797 1958 985 2054 quomodo
1011 1979 1077 2054 per
1102 1981 1215 2034 unam
1250 1961 1503 2056 metaphoram
1530 1981 1618 2057 pro-

443 2081 573 2176 priam,
594 2080 735 2155 dicens:
753 2073 784 2154 sl
804 2082 873 2154 elie·
885 2083 1113 2176 piustamentc
1128 2083 1161 2154 a·
1175 2084 1208 2153 si
1227 2083 1392 2174 ra‘sponde
1409 2084 1493 2155 doit
1503 2085 1617 2155 ancile

441 2205 481 2275 ut
501 2203 587 2294 dito,
612 2199 718 2296 quasi
742 2199 859 2274 dicat:
884 2219 971 2274 cum
998 2205 1099 2274 tanta
1116 2199 1325 2294 provisione
1342 2207 1379 2274 et
1391 2201 1492 2296 Justa
1518 2200 1619 2276 ordi-

441 2321 589 2398 natione
617 2319 716 2416 quod
746 2319 933 2395 beatitudo
961 2320 1144 2415 cuiusque
1172 2319 1427 2396 conformatur
1457 2321 1523 2396 sibi
1556 2341 1616 2396 se-

441 2441 605 2518 cundum
630 2440 869 2537 capacitatem
895 2439 965 2534 sui,
990 2439 1085 2514 sicut
1108 2440 1269 2514 annulus
1288 2439 1542 2516 conformatur
1559 2440 1616 2514 di-

442 2562 518 2659 gito
548 2561 752 2638 secundum
784 2559 991 2657 grossitiem
1021 2567 1060 2636 et
1087 2560 1324 2636 subtilitatem
1356 2561 1445 2642 eius.
1480 2563 1523 2636 lit
1558 2561 1616 2636 bic

445 2689 529 2758 nota
557 2683 828 2778 metaphoram:
855 2681 1008 2758 Creator
1039 2681 1137 2757 enim
1169 2681 1272 2756 dotat
1303 2682 1463 2758 animam
1490 2683 1615 2779 ‚gratia

444 2823 523 2895 sua,
549 2821 635 2896 quae
659 2801 784 2876 anima
809 2807 865 2876 est
890 2808 1080 2895 umquam
1106 2821 1251 2897 sponsa,
1271 2802 1431 2876 annulus
1456 2807 1511 2878 est
1538 2802 1614 2898 ipsa
1708 2889 1709 2894 q

443 2920 578 3019 gratia3
604 2921 699 2997 sicut
724 2922 824 2998 enirn
840 2922 1002 2997 annulus
1018 2927 1074 2996 est
1088 2922 1234 3016 amplus
1251 2922 1309 2997 vel
1329 2928 1455 2998 arctus
1480 2944 1614 2999 secun-

443 3042 531 3117 dum
546 3041 753 3139 grossitiem
772 3043 830 3119 vel
847 3041 1084 3118 subtilitatem
1098 3041 1212 3139 digiti,
1225 3041 1275 3117 ita
1288 3043 1406 3140 gratia
1421 3050 1477 3120 est
1494 3045 1614 3120 maior
1678 3058 1683 3076 ·

444 3163 502 3240 vel
526 3163 648 3238 minor
673 3163 876 3240 secondum
897 3162 1075 3239 maiorem
1095 3163 1153 3238 vel
1170 3163 1353 3238 minorem
1372 3165 1611 3260 capacitatem

441 3285 575 3360 animae
593 3283 807 3380 recipientis.
818 3289 909 3358 -Ε
918 3277 1018 3376 perd.
1036 3283 1102 3358 ilic
1118 3284 1330 3360 Bernartius
1349 3291 1497 3360 ostenso
1515 3285 1612 3381 quod

441 3404 525 3478 nibil
551 3404 700 3480 casuale
726 3403 909 3499 reperitur
926 3403 963 3476 in
986 3423 1101 3501 regno
1117 3404 1196 3498 Dei,
1214 3404 1277 3478 ubi
1302 3410 1388 3478 sunt
1413 3405 1615 3502 omniaju-

440 3525 597 3600 stissime
620 3524 789 3600 ordinata
814 3545 900 3600 cum
926 3524 1085 3618 ratione3
1105 3545 1206 3598 nunc
1225 3524 1412 3620 praemissa
1433 3525 1528 3600 dicta
1546 3547 1612 3622 po

439 3645 569 3721 sitione
592 3644 716 3742 arguit
740 3665 851 3720 suurn
879 3643 1106 3740 propositum
1124 3644 1320 3738 intentum,
1337 3644 1485 3739 scilicet,
1511 3645 1610 3740 quod

439 3765 496 3840 isti
521 3765 665 3862 parvuli
692 3786 765 3841 non
791 3773 879 3840 sunt
902 3763 1030 3840 salvati
1055 3763 1114 3838 bic
1136 3764 1216 3839 sine
1235 3784 1358 3840 causa.
1377 3765 1481 3840 Unde
1505 3764 1609 3840 dicit:

441 3880 594 3981 Epcrd,
617 3887 722 3981 quasi
748 3885 864 3962 dicat:
882 3905 929 3960 ex
954 3884 1058 3959 dictis
1081 3885 1254 3982 arguitur
1279 3886 1337 3961 vel
1367 3886 1610 3981 concluditur,

438 4015 559 4100 questa
584 4010 748 4102 sestiamtu
779 4013 892 4099 pena,
923 4006 1026 4098 idest,
1058 4011 1207 4082 mortua
1233 4006 1340 4081 nimis
1371 4008 1611 4103 tempestive;

439 4128 496 4204 rel
523 4127 726 4204 secundum
752 4127 863 4202 aliam
889 4127 1048 4221 literam,
1066 4129 1239 4200 destante
1258 4135 1359 4218 pente
1377 4149 1402 4199 a
1419 4115 1515 4202 vero
1527 4133 1611 4222 nitu,

437 4248 584 4342 scilicet,
607 4255 760 4343 aetcrnn,
785 4269 859 4322 non
884 4246 905 4322 ὀ
926 4247 1312 4338 meserecordiae
1336 4251 1524 4342 accedente,
1542 4252 1611 4326 sci-

438 4369 522 4447 licet
546 4370 583 4444 in
607 4369 737 4467 gloria,
760 4366 823 4464 piri
845 4391 866 4443 e
890 4391 992 4444 meno
1016 4371 1089 4464 qui,
1104 4367 1208 4462 idest,
1227 4367 1263 4444 in
1284 4369 1353 4444 isto
1371 4389 1498 4467 regno,
1515 4373 1613 4446 brba

435 4510 485 4582 se,
502 4489 594 4566 idest
620 4491 716 4567 inter
741 4511 816 4568 eos.
843 4492 915 4566 Per
940 4491 1011 4566 boc
1035 4495 1137 4564 notat
1161 4490 1261 4584 quod
1291 4491 1388 4566 Deus
1414 4511 1485 4566 non
1512 4511 1608 4587 prae-

436 4609 630 4686 destinavit
645 4632 775 4688 omnes
796 4610 929 4708 inpari
950 4618 1062 4701 sorte,
1074 4609 1160 4703 quia
1178 4609 1288 4703 aliqui
1307 4630 1353 4686 ex
1375 4609 1451 4686 istis
1472 4631 1611 4706 parru-

433 4730 478 4805 lis
503 4731 641 4807 babent
665 4733 747 4828 plus
771 4731 910 4828 gloriae,
931 4731 1043 4826 aliqui
1066 4730 1200 4823 minus,
1221 4729 1315 4806 sicut
1338 4737 1376 4808 et
1401 4731 1612 4827 superiores

435 4851 500 4946 qui
527 4859 749 4928 meruerunt
772 4850 1003 4948 precedente
1033 4850 1163 4947 gratia.
1196 4851 1241 4926 Et
1274 4850 1395 4928 subdit
1429 4849 1608 4928 rationem

435 4971 556 5066 buius,
583 4978 621 5046 et
647 4971 810 5048 breviter
833 4971 931 5064 dicit,
957 4970 1056 5065 quod
1082 4971 1149 5044 ista
1173 4969 1353 5046 distinctio
1385 4971 1512 5068 gloriae
1540 4971 1611 5046 dil-
