<?xml version="1.0" encoding="UTF-8"?>
<!DOCTYPE html PUBLIC "-//W3C//DTD XHTML 1.0 Transitional//EN"
    "http://www.w3.org/TR/xhtml1/DTD/xhtml1-transitional.dtd">
<html xmlns="http://www.w3.org/1999/xhtml" xml:lang="en" lang="en">
 <head>
  <title>
</title>
<meta http-equiv="Content-Type" content="text/html;charset=utf-8" />
  <meta name='ocr-system' content='tesseract 3.04.00' />
  <meta name='ocr-capabilities' content='ocr_page ocr_carea ocr_par ocr_line ocrx_word'/>
</head>
<body>
  <div class='ocr_page' id='page_1' title='image "./comentumsuperda02benvgoog_0453.png"; bbox 0 0 4842 6642; ppageno 0'>
   <div class='ocr_carea' id='block_1_1' title="bbox 826 876 1793 946">
    <p class='ocr_par' dir='ltr' id='par_1_1' title="bbox 826 876 1793 946">
     <span class='ocr_line' id='line_1_1' title="bbox 826 876 1793 946; baseline 0.006 -7"><span class='ocrx_word' id='word_1_1' title='bbox 826 883 964 941; x_wconf 77' lang='lat' dir='ltr'><strong>murus</strong></span> <span class='ocrx_word' id='word_1_2' title='bbox 990 886 1183 941; x_wconf 85' lang='lat' dir='ltr'><strong>vrunsruns</strong></span> <span class='ocrx_word' id='word_1_3' title='bbox 1206 886 1337 943; x_wconf 80' lang='lat' dir='ltr'><strong>nouus.</strong></span> <span class='ocrx_word' id='word_1_4' title='bbox 1601 876 1673 946; x_wconf 82' lang='lat' dir='ltr'><strong>t37</strong></span> <span class='ocrx_word' id='word_1_5' title='bbox 1787 880 1793 898; x_wconf 69' lang='lat'><strong>⁴</strong></span> 
     </span>
    </p>
   </div>
   <div class='ocr_carea' id='block_1_2' title="bbox 434 1031 1673 5105">
    <p class='ocr_par' dir='ltr' id='par_1_2' title="bbox 434 1031 1673 5105">
     <span class='ocr_line' id='line_1_2' title="bbox 494 1031 1673 1129; baseline 0.001 -22"><span class='ocrx_word' id='word_1_6' title='bbox 494 1032 619 1129; x_wconf 81' lang='lat' dir='ltr'>aliqui,</span> <span class='ocrx_word' id='word_1_7' title='bbox 647 1032 711 1126; x_wconf 88' lang='lat' dir='ltr'><strong>qui</strong></span> <span class='ocrx_word' id='word_1_8' title='bbox 737 1036 920 1106; x_wconf 91' lang='lat' dir='ltr'><strong>conantur</strong></span> <span class='ocrx_word' id='word_1_9' title='bbox 945 1031 1127 1106; x_wconf 79' lang='lat' dir='ltr'><strong>subtiliter</strong></span> <span class='ocrx_word' id='word_1_10' title='bbox 1147 1050 1346 1127; x_wconf 83' lang='lat' dir='ltr'><strong>exponere,</strong></span> <span class='ocrx_word' id='word_1_11' title='bbox 1363 1032 1464 1127; x_wconf 82' lang='lat' dir='ltr'><strong>quod</strong></span> <span class='ocrx_word' id='word_1_12' title='bbox 1482 1033 1570 1109; x_wconf 88' lang='lat' dir='ltr'><strong>luna</strong></span> <span class='ocrx_word' id='word_1_13' title='bbox 1588 1053 1673 1127; x_wconf 83' lang='lat' dir='ltr'><strong>quae</strong></span> 
     </span>
     <span class='ocr_line' id='line_1_3' title="bbox 494 1150 1672 1250; baseline -0.002 -21"><span class='ocrx_word' id='word_1_14' title='bbox 494 1160 575 1230; x_wconf 88' lang='lat' dir='ltr'><strong>erat</strong></span> <span class='ocrx_word' id='word_1_15' title='bbox 599 1161 689 1228; x_wconf 90' lang='lat' dir='ltr'><strong>tunc</strong></span> <span class='ocrx_word' id='word_1_16' title='bbox 715 1151 842 1247; x_wconf 87' lang='lat' dir='ltr'><strong>quinta</strong></span> <span class='ocrx_word' id='word_1_17' title='bbox 867 1150 1009 1227; x_wconf 87' lang='lat' dir='ltr'><strong>decima</strong></span> <span class='ocrx_word' id='word_1_18' title='bbox 1037 1151 1245 1227; x_wconf 83' lang='lat' dir='ltr'><strong>recucurrit</strong></span> <span class='ocrx_word' id='word_1_19' title='bbox 1262 1172 1330 1247; x_wconf 90' lang='lat' dir='ltr'><strong>per</strong></span> <span class='ocrx_word' id='word_1_20' title='bbox 1354 1172 1418 1227; x_wconf 85' lang='lat' dir='ltr'><strong>ser</strong></span> <span class='ocrx_word' id='word_1_21' title='bbox 1436 1151 1541 1250; x_wconf 80' lang='lat' dir='ltr'><strong>signa</strong></span> <span class='ocrx_word' id='word_1_22' title='bbox 1559 1160 1597 1229; x_wconf 89' lang='lat' dir='ltr'><strong>et</strong></span> <span class='ocrx_word' id='word_1_23' title='bbox 1614 1153 1672 1228; x_wconf 93' lang='lat' dir='ltr'><strong>in·</strong></span> 
     </span>
     <span class='ocr_line' id='line_1_4' title="bbox 495 1262 1672 1370; baseline -0.001 -20"><span class='ocrx_word' id='word_1_24' title='bbox 495 1262 674 1370; x_wconf 83' lang='lat' dir='ltr'><strong>terposuit</strong></span> <span class='ocrx_word' id='word_1_25' title='bbox 692 1294 732 1349; x_wconf 91' lang='lat' dir='ltr'><strong>se</strong></span> <span class='ocrx_word' id='word_1_26' title='bbox 749 1271 928 1347; x_wconf 75' lang='lat' dir='ltr'><strong>linealiter</strong></span> <span class='ocrx_word' id='word_1_27' title='bbox 954 1270 1021 1347; x_wconf 89' lang='lat' dir='ltr'><strong>soli</strong></span> <span class='ocrx_word' id='word_1_28' title='bbox 1046 1272 1188 1366; x_wconf 89' lang='lat' dir='ltr'><strong>subito;</strong></span> <span class='ocrx_word' id='word_1_29' title='bbox 1206 1292 1273 1367; x_wconf 91' lang='lat' dir='ltr'><strong>per</strong></span> <span class='ocrx_word' id='word_1_30' title='bbox 1291 1293 1404 1367; x_wconf 89' lang='lat' dir='ltr'><strong>quam</strong></span> <span class='ocrx_word' id='word_1_31' title='bbox 1422 1272 1672 1370; x_wconf 89' lang='lat' dir='ltr'><strong>interpositio·</strong></span> 
     </span>
     <span class='ocr_line' id='line_1_5' title="bbox 494 1382 1671 1488; baseline 0 -19"><span class='ocrx_word' id='word_1_32' title='bbox 494 1382 579 1470; x_wconf 88' lang='lat' dir='ltr'><strong>nem</strong></span> <span class='ocrx_word' id='word_1_33' title='bbox 606 1396 734 1469; x_wconf 90' lang='lat' dir='ltr'><strong>lumen</strong></span> <span class='ocrx_word' id='word_1_34' title='bbox 761 1393 846 1469; x_wconf 87' lang='lat' dir='ltr'><strong>solis</strong></span> <span class='ocrx_word' id='word_1_35' title='bbox 871 1414 945 1468; x_wconf 91' lang='lat' dir='ltr'><strong>nou</strong></span> <span class='ocrx_word' id='word_1_36' title='bbox 971 1393 1138 1488; x_wconf 89' lang='lat' dir='ltr'><strong>pervenit</strong></span> <span class='ocrx_word' id='word_1_37' title='bbox 1158 1392 1345 1486; x_wconf 89' lang='lat' dir='ltr'><strong>deorsum,</strong></span> <span class='ocrx_word' id='word_1_38' title='bbox 1363 1398 1400 1467; x_wconf 92' lang='lat' dir='ltr'><strong>et</strong></span> <span class='ocrx_word' id='word_1_39' title='bbox 1425 1394 1477 1469; x_wconf 92' lang='lat' dir='ltr'><strong>sic</strong></span> <span class='ocrx_word' id='word_1_40' title='bbox 1502 1394 1597 1469; x_wconf 86' lang='lat' dir='ltr'><strong>iacta</strong></span> <span class='ocrx_word' id='word_1_41' title='bbox 1614 1402 1671 1469; x_wconf 89' lang='lat' dir='ltr'><strong>est</strong></span> 
     </span>
     <span class='ocr_line' id='line_1_6' title="bbox 493 1512 1670 1611; baseline 0.001 -22"><span class='ocrx_word' id='word_1_42' title='bbox 493 1515 645 1610; x_wconf 86' lang='lat' dir='ltr'><strong>eclipsis.</strong></span> <span class='ocrx_word' id='word_1_43' title='bbox 673 1513 765 1589; x_wconf 85' lang='lat' dir='ltr'><strong>llicit</strong></span> <span class='ocrx_word' id='word_1_44' title='bbox 790 1534 902 1611; x_wconf 80' lang='lat' dir='ltr'><strong>orgo:</strong></span> <span class='ocrx_word' id='word_1_45' title='bbox 932 1518 997 1608; x_wconf 82' lang='lat' dir='ltr'><strong>llo,</strong></span> <span class='ocrx_word' id='word_1_46' title='bbox 1027 1512 1130 1609; x_wconf 83' lang='lat' dir='ltr'><strong>idest,</strong></span> <span class='ocrx_word' id='word_1_47' title='bbox 1155 1513 1288 1607; x_wconf 86' lang='lat' dir='ltr'><strong>aliquis</strong></span> <span class='ocrx_word' id='word_1_48' title='bbox 1307 1512 1448 1608; x_wconf 88' lang='lat' dir='ltr'><strong>doctor,</strong></span> <span class='ocrx_word' id='word_1_49' title='bbox 1466 1516 1541 1587; x_wconf 80' lang='lat' dir='ltr'><strong>dice</strong></span> <span class='ocrx_word' id='word_1_50' title='bbox 1556 1517 1616 1589; x_wconf 85' lang='lat' dir='ltr'><strong>cte</strong></span> <span class='ocrx_word' id='word_1_51' title='bbox 1633 1518 1670 1589; x_wconf 86' lang='lat' dir='ltr'><strong>tc</strong></span> 
     </span>
     <span class='ocr_line' id='line_1_7' title="bbox 493 1634 1670 1731; baseline 0 -22"><span class='ocrx_word' id='word_1_52' title='bbox 493 1638 591 1729; x_wconf 81' lang='lat' dir='ltr'><strong>tuna,</strong></span> <span class='ocrx_word' id='word_1_53' title='bbox 618 1656 703 1730; x_wconf 85' lang='lat' dir='ltr'><strong>quae</strong></span> <span class='ocrx_word' id='word_1_54' title='bbox 727 1641 810 1711; x_wconf 89' lang='lat' dir='ltr'><strong>erat</strong></span> <span class='ocrx_word' id='word_1_55' title='bbox 834 1636 952 1731; x_wconf 92' lang='lat' dir='ltr'><strong>plena,</strong></span> <span class='ocrx_word' id='word_1_56' title='bbox 978 1637 1010 1709; x_wconf 84' lang='lat' dir='ltr'><strong>si</strong></span> <span class='ocrx_word' id='word_1_57' title='bbox 1033 1639 1174 1729; x_wconf 67' lang='lat' dir='ltr'><strong>ritorsc</strong></span> <span class='ocrx_word' id='word_1_58' title='bbox 1201 1634 1348 1728; x_wconf 89' lang='lat' dir='ltr'><strong>scilicet,</strong></span> <span class='ocrx_word' id='word_1_59' title='bbox 1370 1655 1492 1729; x_wconf 91' lang='lat' dir='ltr'><strong>usque</strong></span> <span class='ocrx_word' id='word_1_60' title='bbox 1516 1634 1563 1709; x_wconf 90' lang='lat' dir='ltr'><strong>ad</strong></span> <span class='ocrx_word' id='word_1_61' title='bbox 1591 1654 1670 1710; x_wconf 90' lang='lat' dir='ltr'><strong>me-</strong></span> 
     </span>
     <span class='ocr_line' id='line_1_8' title="bbox 493 1756 1669 1851; baseline 0.001 -22"><span class='ocrx_word' id='word_1_62' title='bbox 493 1756 708 1832; x_wconf 90' lang='lat' dir='ltr'><strong>ridionalem</strong></span> <span class='ocrx_word' id='word_1_63' title='bbox 735 1756 930 1851; x_wconf 89' lang='lat' dir='ltr'><strong>circulum,</strong></span> <span class='ocrx_word' id='word_1_64' title='bbox 947 1759 1040 1831; x_wconf 72' lang='lat' dir='ltr'><strong>netu</strong></span> <span class='ocrx_word' id='word_1_65' title='bbox 1060 1759 1208 1849; x_wconf 76' lang='lat' dir='ltr'><strong>passion</strong></span> <span class='ocrx_word' id='word_1_66' title='bbox 1228 1758 1266 1829; x_wconf 87' lang='lat' dir='ltr'><strong>di</strong></span> <span class='ocrx_word' id='word_1_67' title='bbox 1286 1759 1411 1851; x_wconf 64' lang='lat' dir='ltr'><strong>meto,</strong></span> <span class='ocrx_word' id='word_1_68' title='bbox 1432 1777 1518 1851; x_wconf 77' lang='lat' dir='ltr'><strong>qua</strong></span> <span class='ocrx_word' id='word_1_69' title='bbox 1544 1756 1611 1830; x_wconf 84' lang='lat' dir='ltr'><strong>init</strong></span> <span class='ocrx_word' id='word_1_70' title='bbox 1631 1756 1669 1831; x_wconf 95' lang='lat' dir='ltr'><strong>in</strong></span> 
     </span>
     <span class='ocr_line' id='line_1_9' title="bbox 492 1876 1667 1971; baseline 0 -21"><span class='ocrx_word' id='word_1_71' title='bbox 492 1878 582 1951; x_wconf 86' lang='lat' dir='ltr'><strong>hora</strong></span> <span class='ocrx_word' id='word_1_72' title='bbox 609 1898 727 1971; x_wconf 83' lang='lat' dir='ltr'><strong>uonae,</strong></span> <span class='ocrx_word' id='word_1_73' title='bbox 754 1879 1024 1970; x_wconf 80' lang='lat' dir='ltr'><strong>cs’totcrpose,</strong></span> <span class='ocrx_word' id='word_1_74' title='bbox 1053 1876 1199 1969; x_wconf 86' lang='lat' dir='ltr'><strong>scilieet,</strong></span> <span class='ocrx_word' id='word_1_75' title='bbox 1227 1877 1323 1950; x_wconf 89' lang='lat' dir='ltr'><strong>inter</strong></span> <span class='ocrx_word' id='word_1_76' title='bbox 1349 1876 1470 1950; x_wconf 87' lang='lat' dir='ltr'><strong>visum</strong></span> <span class='ocrx_word' id='word_1_77' title='bbox 1497 1884 1667 1951; x_wconf 88' lang='lat' dir='ltr'><strong>nostrum</strong></span> 
     </span>
     <span class='ocr_line' id='line_1_10' title="bbox 491 1992 1667 2093; baseline 0.003 -23"><span class='ocrx_word' id='word_1_78' title='bbox 491 2001 528 2070; x_wconf 92' lang='lat' dir='ltr'><strong>et</strong></span> <span class='ocrx_word' id='word_1_79' title='bbox 552 1997 681 2092; x_wconf 90' lang='lat' dir='ltr'><strong>solem,</strong></span> <span class='ocrx_word' id='word_1_80' title='bbox 702 1994 833 2092; x_wconf 67' lang='lat' dir='ltr'><strong>percle</strong></span> <span class='ocrx_word' id='word_1_81' title='bbox 846 2000 872 2071; x_wconf 84' lang='lat' dir='ltr'><strong>&#39;t</strong></span> <span class='ocrx_word' id='word_1_82' title='bbox 895 1999 986 2071; x_wconf 79' lang='lat' dir='ltr'><strong>lucre</strong></span> <span class='ocrx_word' id='word_1_83' title='bbox 1009 2000 1067 2071; x_wconf 85' lang='lat' dir='ltr'><strong>dcl</strong></span> <span class='ocrx_word' id='word_1_84' title='bbox 1088 1998 1162 2071; x_wconf 83' lang='lat' dir='ltr'><strong>rote</strong></span> <span class='ocrx_word' id='word_1_85' title='bbox 1186 1992 1247 2087; x_wconf 79' lang='lat' dir='ltr'><strong>piri</strong></span> <span class='ocrx_word' id='word_1_86' title='bbox 1271 2016 1342 2069; x_wconf 82' lang='lat' dir='ltr'><strong>ooo</strong></span> <span class='ocrx_word' id='word_1_87' title='bbox 1368 1998 1401 2070; x_wconf 82' lang='lat' dir='ltr'><strong>si</strong></span> <span class='ocrx_word' id='word_1_88' title='bbox 1419 2017 1542 2089; x_wconf 85' lang='lat' dir='ltr'><strong>porse,</strong></span> <span class='ocrx_word' id='word_1_89' title='bbox 1562 1996 1667 2093; x_wconf 87' lang='lat' dir='ltr'><strong>idest,</strong></span> 
     </span>
     <span class='ocr_line' id='line_1_11' title="bbox 491 2115 1667 2212; baseline 0.002 -23"><span class='ocrx_word' id='word_1_90' title='bbox 491 2136 564 2190; x_wconf 90' lang='lat' dir='ltr'><strong>non</strong></span> <span class='ocrx_word' id='word_1_91' title='bbox 589 2118 752 2193; x_wconf 86' lang='lat' dir='ltr'><strong>extendit</strong></span> <span class='ocrx_word' id='word_1_92' title='bbox 776 2138 816 2193; x_wconf 90' lang='lat' dir='ltr'><strong>se</strong></span> <span class='ocrx_word' id='word_1_93' title='bbox 840 2116 888 2192; x_wconf 86' lang='lat' dir='ltr'><strong>ad</strong></span> <span class='ocrx_word' id='word_1_94' title='bbox 917 2123 1071 2212; x_wconf 91' lang='lat' dir='ltr'><strong>terram,</strong></span> <span class='ocrx_word' id='word_1_95' title='bbox 1107 2115 1210 2210; x_wconf 91' lang='lat' dir='ltr'><strong>quasi</strong></span> <span class='ocrx_word' id='word_1_96' title='bbox 1245 2116 1353 2210; x_wconf 83' lang='lat' dir='ltr'><strong>dicat,</strong></span> <span class='ocrx_word' id='word_1_97' title='bbox 1388 2124 1538 2212; x_wconf 92' lang='lat' dir='ltr'><strong>propter</strong></span> <span class='ocrx_word' id='word_1_98' title='bbox 1568 2117 1667 2210; x_wconf 87' lang='lat' dir='ltr'><strong>quod</strong></span> 
     </span>
     <span class='ocr_line' id='line_1_12' title="bbox 491 2237 1668 2335; baseline 0 -21"><span class='ocrx_word' id='word_1_99' title='bbox 491 2237 586 2314; x_wconf 84' lang='lat' dir='ltr'><strong>taeta</strong></span> <span class='ocrx_word' id='word_1_100' title='bbox 611 2245 667 2315; x_wconf 89' lang='lat' dir='ltr'><strong>est</strong></span> <span class='ocrx_word' id='word_1_101' title='bbox 692 2238 843 2335; x_wconf 81' lang='lat' dir='ltr'><strong>eclipsis.</strong></span> <span class='ocrx_word' id='word_1_102' title='bbox 858 2244 954 2313; x_wconf 85' lang='lat' dir='ltr'><strong>-E</strong></span> <span class='ocrx_word' id='word_1_103' title='bbox 981 2246 1102 2312; x_wconf 67' lang='lat' dir='ltr'><strong>mene.</strong></span> <span class='ocrx_word' id='word_1_104' title='bbox 1134 2238 1200 2313; x_wconf 86' lang='lat' dir='ltr'><strong>llic</strong></span> <span class='ocrx_word' id='word_1_105' title='bbox 1232 2237 1379 2312; x_wconf 86' lang='lat' dir='ltr'><strong>Beatrir</strong></span> <span class='ocrx_word' id='word_1_106' title='bbox 1413 2237 1605 2334; x_wconf 84' lang='lat' dir='ltr'><strong>impugnat</strong></span> <span class='ocrx_word' id='word_1_107' title='bbox 1630 2246 1668 2314; x_wconf 90' lang='lat' dir='ltr'><strong>et</strong></span> 
     </span>
     <span class='ocr_line' id='line_1_13' title="bbox 490 2356 1666 2454; baseline -0.001 -22"><span class='ocrx_word' id='word_1_108' title='bbox 490 2358 618 2433; x_wconf 86' lang='lat' dir='ltr'><strong>irridet</strong></span> <span class='ocrx_word' id='word_1_109' title='bbox 642 2359 776 2435; x_wconf 87' lang='lat' dir='ltr'><strong>dictam</strong></span> <span class='ocrx_word' id='word_1_110' title='bbox 802 2358 1010 2454; x_wconf 88' lang='lat' dir='ltr'><strong>opinionem</strong></span> <span class='ocrx_word' id='word_1_111' title='bbox 1039 2366 1231 2453; x_wconf 89' lang='lat' dir='ltr'><strong>tamquam</strong></span> <span class='ocrx_word' id='word_1_112' title='bbox 1259 2358 1386 2431; x_wconf 79' lang='lat' dir='ltr'><strong>tanam</strong></span> <span class='ocrx_word' id='word_1_113' title='bbox 1406 2364 1445 2431; x_wconf 89' lang='lat' dir='ltr'><strong>et</strong></span> <span class='ocrx_word' id='word_1_114' title='bbox 1461 2356 1666 2453; x_wconf 90' lang='lat' dir='ltr'><strong>impossibi-</strong></span> 
     </span>
     <span class='ocr_line' id='line_1_14' title="bbox 491 2478 1666 2576; baseline -0.002 -22"><span class='ocrx_word' id='word_1_115' title='bbox 491 2481 578 2574; x_wconf 87' lang='lat' dir='ltr'><strong>lem,</strong></span> <span class='ocrx_word' id='word_1_116' title='bbox 603 2480 690 2576; x_wconf 86' lang='lat' dir='ltr'><strong>quia</strong></span> <span class='ocrx_word' id='word_1_117' title='bbox 716 2479 942 2576; x_wconf 84' lang='lat' dir='ltr'><strong>interpositio</strong></span> <span class='ocrx_word' id='word_1_118' title='bbox 967 2481 1067 2553; x_wconf 85' lang='lat' dir='ltr'><strong>lunae</strong></span> <span class='ocrx_word' id='word_1_119' title='bbox 1092 2500 1167 2553; x_wconf 91' lang='lat' dir='ltr'><strong>nnn</strong></span> <span class='ocrx_word' id='word_1_120' title='bbox 1202 2478 1271 2554; x_wconf 87' lang='lat' dir='ltr'><strong>luit</strong></span> <span class='ocrx_word' id='word_1_121' title='bbox 1303 2498 1414 2553; x_wconf 88' lang='lat' dir='ltr'><strong>causa</strong></span> <span class='ocrx_word' id='word_1_122' title='bbox 1445 2478 1548 2553; x_wconf 87' lang='lat' dir='ltr'><strong>istius</strong></span> <span class='ocrx_word' id='word_1_123' title='bbox 1580 2478 1666 2553; x_wconf 91' lang='lat' dir='ltr'><strong>ecli-</strong></span> 
     </span>
     <span class='ocr_line' id='line_1_15' title="bbox 491 2597 1664 2695; baseline -0.001 -23"><span class='ocrx_word' id='word_1_124' title='bbox 491 2598 573 2694; x_wconf 90' lang='lat' dir='ltr'><strong>psis,</strong></span> <span class='ocrx_word' id='word_1_125' title='bbox 600 2598 687 2694; x_wconf 85' lang='lat' dir='ltr'><strong>quia</strong></span> <span class='ocrx_word' id='word_1_126' title='bbox 721 2601 775 2674; x_wconf 87' lang='lat' dir='ltr'><strong>sol</strong></span> <span class='ocrx_word' id='word_1_127' title='bbox 810 2598 1027 2677; x_wconf 80' lang='lat' dir='ltr'><strong>naturaliter</strong></span> <span class='ocrx_word' id='word_1_128' title='bbox 1061 2598 1246 2695; x_wconf 89' lang='lat' dir='ltr'><strong>loquendo</strong></span> <span class='ocrx_word' id='word_1_129' title='bbox 1277 2618 1468 2691; x_wconf 86' lang='lat' dir='ltr'><strong>uunquam</strong></span> <span class='ocrx_word' id='word_1_130' title='bbox 1498 2597 1664 2694; x_wconf 88' lang='lat' dir='ltr'><strong>eclipsari</strong></span> 
     </span>
     <span class='ocr_line' id='line_1_16' title="bbox 491 2717 1662 2816; baseline -0.003 -21"><span class='ocrx_word' id='word_1_131' title='bbox 491 2726 609 2815; x_wconf 80' lang='lat' dir='ltr'><strong>potest</strong></span> <span class='ocrx_word' id='word_1_132' title='bbox 633 2720 744 2793; x_wconf 90' lang='lat' dir='ltr'><strong>simul</strong></span> <span class='ocrx_word' id='word_1_133' title='bbox 769 2727 806 2796; x_wconf 90' lang='lat' dir='ltr'><strong>et</strong></span> <span class='ocrx_word' id='word_1_134' title='bbox 830 2720 946 2796; x_wconf 88' lang='lat' dir='ltr'><strong>semel</strong></span> <span class='ocrx_word' id='word_1_135' title='bbox 970 2720 1143 2794; x_wconf 91' lang='lat' dir='ltr'><strong>omnibns</strong></span> <span class='ocrx_word' id='word_1_136' title='bbox 1166 2717 1358 2816; x_wconf 78' lang='lat' dir='ltr'><strong>gentibus3</strong></span> <span class='ocrx_word' id='word_1_137' title='bbox 1379 2718 1467 2793; x_wconf 89' lang='lat' dir='ltr'><strong>luna</strong></span> <span class='ocrx_word' id='word_1_138' title='bbox 1486 2738 1576 2793; x_wconf 91' lang='lat' dir='ltr'><strong>vern</strong></span> <span class='ocrx_word' id='word_1_139' title='bbox 1599 2718 1662 2793; x_wconf 90' lang='lat' dir='ltr'><strong>sic.</strong></span> 
     </span>
     <span class='ocr_line' id='line_1_17' title="bbox 489 2839 1664 2938; baseline -0.003 -23"><span class='ocrx_word' id='word_1_140' title='bbox 489 2843 529 2916; x_wconf 93' lang='lat' dir='ltr'><strong>ln</strong></span> <span class='ocrx_word' id='word_1_141' title='bbox 553 2842 725 2938; x_wconf 81' lang='lat' dir='ltr'><strong>passione</strong></span> <span class='ocrx_word' id='word_1_142' title='bbox 748 2848 875 2915; x_wconf 88' lang='lat' dir='ltr'><strong>autem</strong></span> <span class='ocrx_word' id='word_1_143' title='bbox 902 2840 1046 2915; x_wconf 88' lang='lat' dir='ltr'><strong>Domini</strong></span> <span class='ocrx_word' id='word_1_144' title='bbox 1072 2840 1166 2916; x_wconf 88' lang='lat' dir='ltr'><strong>tacta</strong></span> <span class='ocrx_word' id='word_1_145' title='bbox 1195 2847 1252 2915; x_wconf 91' lang='lat' dir='ltr'><strong>est</strong></span> <span class='ocrx_word' id='word_1_146' title='bbox 1276 2839 1418 2934; x_wconf 88' lang='lat' dir='ltr'><strong>eclipsis</strong></span> <span class='ocrx_word' id='word_1_147' title='bbox 1448 2839 1664 2915; x_wconf 88' lang='lat' dir='ltr'><strong>universalis</strong></span> 
     </span>
     <span class='ocr_line' id='line_1_18' title="bbox 489 2958 1665 3058; baseline -0.002 -23"><span class='ocrx_word' id='word_1_148' title='bbox 489 2962 552 3035; x_wconf 86' lang='lat' dir='ltr'><strong>toti</strong></span> <span class='ocrx_word' id='word_1_149' title='bbox 579 2962 682 3057; x_wconf 84' lang='lat' dir='ltr'><strong>orbi3</strong></span> <span class='ocrx_word' id='word_1_150' title='bbox 708 2980 799 3058; x_wconf 84' lang='lat' dir='ltr'><strong>ergo</strong></span> <span class='ocrx_word' id='word_1_151' title='bbox 825 2960 1155 3057; x_wconf 88' lang='lat' dir='ltr'><strong>supernaturaliter</strong></span> <span class='ocrx_word' id='word_1_152' title='bbox 1180 2960 1275 3036; x_wconf 89' lang='lat' dir='ltr'><strong>lacta</strong></span> <span class='ocrx_word' id='word_1_153' title='bbox 1300 2965 1366 3035; x_wconf 88' lang='lat' dir='ltr'><strong>est.</strong></span> <span class='ocrx_word' id='word_1_154' title='bbox 1393 2958 1484 3034; x_wconf 87' lang='lat' dir='ltr'><strong>Dicit</strong></span> <span class='ocrx_word' id='word_1_155' title='bbox 1509 2980 1619 3056; x_wconf 87' lang='lat' dir='ltr'><strong>ergo:</strong></span> <span class='ocrx_word' id='word_1_156' title='bbox 1645 2982 1665 3033; x_wconf 87' lang='lat' dir='ltr'><strong>e</strong></span> 
     </span>
     <span class='ocr_line' id='line_1_19' title="bbox 489 3080 1664 3177; baseline 0.001 -22"><span class='ocrx_word' id='word_1_157' title='bbox 489 3089 615 3173; x_wconf 77' lang='lat' dir='ltr'><strong>mmtc,</strong></span> <span class='ocrx_word' id='word_1_158' title='bbox 633 3081 736 3177; x_wconf 86' lang='lat' dir='ltr'><strong>idest,</strong></span> <span class='ocrx_word' id='word_1_159' title='bbox 757 3080 818 3156; x_wconf 92' lang='lat' dir='ltr'><strong>ille</strong></span> <span class='ocrx_word' id='word_1_160' title='bbox 844 3081 922 3156; x_wconf 88' lang='lat' dir='ltr'><strong>talis</strong></span> <span class='ocrx_word' id='word_1_161' title='bbox 943 3080 994 3156; x_wconf 91' lang='lat' dir='ltr'><strong>sic</strong></span> <span class='ocrx_word' id='word_1_162' title='bbox 1014 3080 1136 3156; x_wconf 86' lang='lat' dir='ltr'><strong>dicens</strong></span> <span class='ocrx_word' id='word_1_163' title='bbox 1156 3080 1332 3156; x_wconf 87' lang='lat' dir='ltr'><strong>mentitur</strong></span> <span class='ocrx_word' id='word_1_164' title='bbox 1350 3081 1572 3177; x_wconf 83' lang='lat' dir='ltr'><strong>pergulam,</strong></span> <span class='ocrx_word' id='word_1_165' title='bbox 1595 3100 1664 3156; x_wconf 90' lang='lat' dir='ltr'><strong>nec</strong></span> 
     </span>
     <span class='ocr_line' id='line_1_20' title="bbox 487 3200 1663 3298; baseline -0.002 -21"><span class='ocrx_word' id='word_1_166' title='bbox 487 3202 555 3277; x_wconf 89' lang='lat' dir='ltr'><strong>scit</strong></span> <span class='ocrx_word' id='word_1_167' title='bbox 585 3201 672 3297; x_wconf 90' lang='lat' dir='ltr'><strong>quid</strong></span> <span class='ocrx_word' id='word_1_168' title='bbox 706 3201 821 3298; x_wconf 80' lang='lat' dir='ltr'><strong>dicat3</strong></span> <span class='ocrx_word' id='word_1_169' title='bbox 849 3222 916 3277; x_wconf 87' lang='lat' dir='ltr'><strong>uec</strong></span> <span class='ocrx_word' id='word_1_170' title='bbox 949 3200 1060 3295; x_wconf 84' lang='lat' dir='ltr'><strong>dicas,</strong></span> <span class='ocrx_word' id='word_1_171' title='bbox 1094 3208 1237 3292; x_wconf 82' lang='lat' dir='ltr'><strong>mentre,</strong></span> <span class='ocrx_word' id='word_1_172' title='bbox 1271 3202 1368 3275; x_wconf 88' lang='lat' dir='ltr'><strong>sicus</strong></span> <span class='ocrx_word' id='word_1_173' title='bbox 1403 3208 1526 3276; x_wconf 85' lang='lat' dir='ltr'><strong>textus</strong></span> <span class='ocrx_word' id='word_1_174' title='bbox 1560 3200 1663 3293; x_wconf 87' lang='lat' dir='ltr'><strong>multi</strong></span> 
     </span>
     <span class='ocr_line' id='line_1_21' title="bbox 460 3300 1664 3419; baseline -0.002 -22"><span class='ocrx_word' id='word_1_175' title='bbox 460 3300 637 3415; x_wconf 67' lang='lat' dir='ltr'><strong>&#39;habent</strong></span> <span class='ocrx_word' id='word_1_176' title='bbox 658 3322 746 3417; x_wconf 89' lang='lat' dir='ltr'><strong>quia</strong></span> <span class='ocrx_word' id='word_1_177' title='bbox 772 3328 860 3397; x_wconf 92' lang='lat' dir='ltr'><strong>tunc</strong></span> <span class='ocrx_word' id='word_1_178' title='bbox 885 3327 982 3397; x_wconf 89' lang='lat' dir='ltr'><strong>esset</strong></span> <span class='ocrx_word' id='word_1_179' title='bbox 1006 3321 1111 3396; x_wconf 91' lang='lat' dir='ltr'><strong>litera</strong></span> <span class='ocrx_word' id='word_1_180' title='bbox 1129 3320 1273 3418; x_wconf 90' lang='lat' dir='ltr'><strong>penitus</strong></span> <span class='ocrx_word' id='word_1_181' title='bbox 1293 3323 1505 3419; x_wconf 88' lang='lat' dir='ltr'><strong>suspensiva</strong></span> <span class='ocrx_word' id='word_1_182' title='bbox 1531 3329 1568 3396; x_wconf 90' lang='lat' dir='ltr'><strong>et</strong></span> <span class='ocrx_word' id='word_1_183' title='bbox 1593 3322 1664 3395; x_wconf 91' lang='lat' dir='ltr'><strong>im-</strong></span> 
     </span>
     <span class='ocr_line' id='line_1_22' title="bbox 487 3442 1663 3537; baseline 0.001 -20"><span class='ocrx_word' id='word_1_184' title='bbox 487 3442 661 3537; x_wconf 81' lang='lat' dir='ltr'><strong>perfecta.</strong></span> <span class='ocrx_word' id='word_1_185' title='bbox 688 3443 731 3516; x_wconf 87' lang='lat' dir='ltr'><strong>Et</strong></span> <span class='ocrx_word' id='word_1_186' title='bbox 757 3460 843 3517; x_wconf 89' lang='lat' dir='ltr'><strong>ecce</strong></span> <span class='ocrx_word' id='word_1_187' title='bbox 864 3442 1051 3535; x_wconf 86' lang='lat' dir='ltr'><strong>quomodo</strong></span> <span class='ocrx_word' id='word_1_188' title='bbox 1070 3442 1266 3517; x_wconf 86' lang='lat' dir='ltr'><strong>mentitur:</strong></span> <span class='ocrx_word' id='word_1_189' title='bbox 1283 3444 1344 3517; x_wconf 79' lang='lat' dir='ltr'><strong>cle</strong></span> <span class='ocrx_word' id='word_1_190' title='bbox 1359 3446 1395 3516; x_wconf 86' lang='lat' dir='ltr'><strong>to</strong></span> <span class='ocrx_word' id='word_1_191' title='bbox 1413 3444 1499 3533; x_wconf 84' lang='lat' dir='ltr'><strong>tuce,</strong></span> <span class='ocrx_word' id='word_1_192' title='bbox 1516 3442 1663 3535; x_wconf 76' lang='lat' dir='ltr'><strong>scilicet,</strong></span> 
     </span>
     <span class='ocr_line' id='line_1_23' title="bbox 482 3558 1665 3657; baseline 0.002 -22"><span class='ocrx_word' id='word_1_193' title='bbox 482 3560 629 3655; x_wconf 87' lang='lat' dir='ltr'><strong>solaris,</strong></span> <span class='ocrx_word' id='word_1_194' title='bbox 647 3564 678 3635; x_wconf 83' lang='lat' dir='ltr'><strong>si</strong></span> <span class='ocrx_word' id='word_1_195' title='bbox 695 3582 840 3636; x_wconf 83' lang='lat' dir='ltr'><strong>nusccse</strong></span> <span class='ocrx_word' id='word_1_196' title='bbox 856 3565 904 3636; x_wconf 85' lang='lat' dir='ltr'><strong>du</strong></span> <span class='ocrx_word' id='word_1_197' title='bbox 920 3558 971 3655; x_wconf 79' lang='lat' dir='ltr'><strong>se&#39;,</strong></span> <span class='ocrx_word' id='word_1_198' title='bbox 989 3562 1136 3657; x_wconf 90' lang='lat' dir='ltr'><strong>scilicet,</strong></span> <span class='ocrx_word' id='word_1_199' title='bbox 1153 3564 1294 3657; x_wconf 86' lang='lat' dir='ltr'><strong>absque</strong></span> <span class='ocrx_word' id='word_1_200' title='bbox 1309 3563 1433 3657; x_wconf 88' lang='lat' dir='ltr'><strong>aliqua</strong></span> <span class='ocrx_word' id='word_1_201' title='bbox 1451 3562 1665 3657; x_wconf 88' lang='lat' dir='ltr'><strong>operatione</strong></span> 
     </span>
     <span class='ocr_line' id='line_1_24' title="bbox 488 3680 1662 3779; baseline 0 -24"><span class='ocrx_word' id='word_1_202' title='bbox 488 3681 663 3775; x_wconf 88' lang='lat' dir='ltr'><strong>naturali,</strong></span> <span class='ocrx_word' id='word_1_203' title='bbox 698 3680 785 3775; x_wconf 91' lang='lat' dir='ltr'><strong>quia</strong></span> <span class='ocrx_word' id='word_1_204' title='bbox 819 3682 873 3756; x_wconf 90' lang='lat' dir='ltr'><strong>sol</strong></span> <span class='ocrx_word' id='word_1_205' title='bbox 902 3682 1055 3779; x_wconf 72' lang='lat' dir='ltr'><strong>justitiae</strong></span> <span class='ocrx_word' id='word_1_206' title='bbox 1092 3682 1319 3777; x_wconf 80' lang='lat' dir='ltr'><strong>patiebatur3</strong></span> <span class='ocrx_word' id='word_1_207' title='bbox 1352 3681 1434 3757; x_wconf 89' lang='lat' dir='ltr'><strong>ideo</strong></span> <span class='ocrx_word' id='word_1_208' title='bbox 1469 3681 1662 3778; x_wconf 87' lang='lat' dir='ltr'><strong>Dionysius</strong></span> 
     </span>
     <span class='ocr_line' id='line_1_25' title="bbox 487 3801 1663 3899; baseline 0.001 -23"><span class='ocrx_word' id='word_1_209' title='bbox 487 3802 708 3898; x_wconf 78' lang='lat' dir='ltr'><strong>areopagita</strong></span> <span class='ocrx_word' id='word_1_210' title='bbox 734 3801 798 3897; x_wconf 91' lang='lat' dir='ltr'><strong>qui</strong></span> <span class='ocrx_word' id='word_1_211' title='bbox 823 3807 912 3879; x_wconf 89' lang='lat' dir='ltr'><strong>tuno</strong></span> <span class='ocrx_word' id='word_1_212' title='bbox 939 3810 1019 3879; x_wconf 87' lang='lat' dir='ltr'><strong>erat</strong></span> <span class='ocrx_word' id='word_1_213' title='bbox 1037 3822 1196 3899; x_wconf 84' lang='lat' dir='ltr'><strong>magnus</strong></span> <span class='ocrx_word' id='word_1_214' title='bbox 1219 3803 1454 3899; x_wconf 88' lang='lat' dir='ltr'><strong>philosophus</strong></span> <span class='ocrx_word' id='word_1_215' title='bbox 1479 3809 1516 3879; x_wconf 90' lang='lat' dir='ltr'><strong>et</strong></span> <span class='ocrx_word' id='word_1_216' title='bbox 1540 3809 1663 3877; x_wconf 89' lang='lat' dir='ltr'><strong>astro-</strong></span> 
     </span>
     <span class='ocr_line' id='line_1_26' title="bbox 489 3922 1662 4019; baseline 0 -22"><span class='ocrx_word' id='word_1_217' title='bbox 489 3922 607 4019; x_wconf 78' lang='lat' dir='ltr'><strong>logus,</strong></span> <span class='ocrx_word' id='word_1_218' title='bbox 634 3922 760 3999; x_wconf 86' lang='lat' dir='ltr'><strong>videns</strong></span> <span class='ocrx_word' id='word_1_219' title='bbox 785 3923 891 3998; x_wconf 88' lang='lat' dir='ltr'><strong>istam</strong></span> <span class='ocrx_word' id='word_1_220' title='bbox 918 3922 1078 4018; x_wconf 91' lang='lat' dir='ltr'><strong>eclipsim</strong></span> <span class='ocrx_word' id='word_1_221' title='bbox 1106 3942 1180 3997; x_wconf 94' lang='lat' dir='ltr'><strong>non</strong></span> <span class='ocrx_word' id='word_1_222' title='bbox 1206 3923 1427 4017; x_wconf 91' lang='lat' dir='ltr'><strong>naturalem,</strong></span> <span class='ocrx_word' id='word_1_223' title='bbox 1453 3944 1499 3999; x_wconf 85' lang='lat' dir='ltr'><strong>er</strong></span> <span class='ocrx_word' id='word_1_224' title='bbox 1527 3943 1662 4019; x_wconf 83' lang='lat' dir='ltr'><strong>magna</strong></span> 
     </span>
     <span class='ocr_line' id='line_1_27' title="bbox 434 4028 1665 4139; baseline 0 -22"><span class='ocrx_word' id='word_1_225' title='bbox 434 4028 440 4045; x_wconf 65' lang='lat'>⁸</span> <span class='ocrx_word' id='word_1_226' title='bbox 486 4040 729 4118; x_wconf 88' lang='lat' dir='ltr'><strong>admiratione</strong></span> <span class='ocrx_word' id='word_1_227' title='bbox 753 4042 921 4139; x_wconf 89' lang='lat' dir='ltr'><strong>prorupit</strong></span> <span class='ocrx_word' id='word_1_228' title='bbox 946 4043 983 4116; x_wconf 92' lang='lat' dir='ltr'><strong>in</strong></span> <span class='ocrx_word' id='word_1_229' title='bbox 1008 4042 1319 4117; x_wconf 82' lang='lat' dir='ltr'><strong>exclamationem</strong></span> <span class='ocrx_word' id='word_1_230' title='bbox 1350 4042 1401 4117; x_wconf 91' lang='lat' dir='ltr'><strong>sic</strong></span> <span class='ocrx_word' id='word_1_231' title='bbox 1431 4042 1575 4118; x_wconf 89' lang='lat' dir='ltr'><strong>dicens:</strong></span> <span class='ocrx_word' id='word_1_232' title='bbox 1601 4050 1665 4117; x_wconf 81' lang='lat' dir='ltr'><strong>cut</strong></span> 
     </span>
     <span class='ocr_line' id='line_1_28' title="bbox 486 4165 1664 4259; baseline 0.003 -22"><span class='ocrx_word' id='word_1_233' title='bbox 486 4167 580 4237; x_wconf 83' lang='lat' dir='ltr'><strong>Dens</strong></span> <span class='ocrx_word' id='word_1_234' title='bbox 603 4171 742 4239; x_wconf 73' lang='lat' dir='ltr'><strong>namra</strong></span> <span class='ocrx_word' id='word_1_235' title='bbox 763 4168 911 4257; x_wconf 83' lang='lat' dir='ltr'><strong>patitur,</strong></span> <span class='ocrx_word' id='word_1_236' title='bbox 937 4170 999 4237; x_wconf 84' lang='lat' dir='ltr'><strong>ont</strong></span> <span class='ocrx_word' id='word_1_237' title='bbox 1026 4165 1148 4237; x_wconf 84' lang='lat' dir='ltr'><strong>mnndi</strong></span> <span class='ocrx_word' id='word_1_238' title='bbox 1177 4165 1340 4237; x_wconf 71' lang='lat' dir='ltr'><strong>marona</strong></span> <span class='ocrx_word' id='word_1_239' title='bbox 1373 4165 1574 4239; x_wconf 80' lang='lat' dir='ltr'><strong>dissolvitur</strong></span> <span class='ocrx_word' id='word_1_240' title='bbox 1584 4190 1600 4259; x_wconf 90' lang='lat'><strong>,·</strong></span> <span class='ocrx_word' id='word_1_241' title='bbox 1625 4171 1664 4240; x_wconf 92' lang='lat' dir='ltr'><strong>et</strong></span> 
     </span>
     <span class='ocr_line' id='line_1_29' title="bbox 486 4282 1664 4381; baseline 0.001 -22"><span class='ocrx_word' id='word_1_242' title='bbox 486 4290 610 4359; x_wconf 86' lang='lat' dir='ltr'><strong>tamen</strong></span> <span class='ocrx_word' id='word_1_243' title='bbox 636 4292 723 4360; x_wconf 91' lang='lat' dir='ltr'><strong>aute</strong></span> <span class='ocrx_word' id='word_1_244' title='bbox 747 4282 1027 4361; x_wconf 83' lang='lat' dir='ltr'><strong>conversionem</strong></span> <span class='ocrx_word' id='word_1_245' title='bbox 1045 4304 1152 4358; x_wconf 88' lang='lat' dir='ltr'><strong>suam</strong></span> <span class='ocrx_word' id='word_1_246' title='bbox 1169 4284 1248 4379; x_wconf 91' lang='lat' dir='ltr'><strong>ipse</strong></span> <span class='ocrx_word' id='word_1_247' title='bbox 1267 4283 1450 4360; x_wconf 84' lang='lat' dir='ltr'><strong>habuerat</strong></span> <span class='ocrx_word' id='word_1_248' title='bbox 1465 4284 1564 4359; x_wconf 88' lang='lat' dir='ltr'><strong>illam</strong></span> <span class='ocrx_word' id='word_1_249' title='bbox 1584 4284 1664 4381; x_wconf 92' lang='lat' dir='ltr'><strong>opi·</strong></span> 
     </span>
     <span class='ocr_line' id='line_1_30' title="bbox 486 4403 1662 4505; baseline 0 -26"><span class='ocrx_word' id='word_1_250' title='bbox 486 4405 633 4481; x_wconf 87' lang='lat' dir='ltr'><strong>aionem</strong></span> <span class='ocrx_word' id='word_1_251' title='bbox 656 4407 735 4503; x_wconf 88' lang='lat' dir='ltr'><strong>jam</strong></span> <span class='ocrx_word' id='word_1_252' title='bbox 763 4406 1028 4505; x_wconf 79' lang='lat' dir='ltr'><strong>impugnatam,</strong></span> <span class='ocrx_word' id='word_1_253' title='bbox 1055 4404 1150 4479; x_wconf 89' lang='lat' dir='ltr'><strong>sicut</strong></span> <span class='ocrx_word' id='word_1_254' title='bbox 1184 4405 1262 4500; x_wconf 92' lang='lat' dir='ltr'><strong>ipse</strong></span> <span class='ocrx_word' id='word_1_255' title='bbox 1293 4404 1418 4480; x_wconf 85' lang='lat' dir='ltr'><strong>scribit</strong></span> <span class='ocrx_word' id='word_1_256' title='bbox 1442 4405 1480 4479; x_wconf 91' lang='lat' dir='ltr'><strong>in</strong></span> <span class='ocrx_word' id='word_1_257' title='bbox 1510 4403 1662 4501; x_wconf 89' lang='lat' dir='ltr'><strong>epistola</strong></span> 
     </span>
     <span class='ocr_line' id='line_1_31' title="bbox 486 4525 1660 4623; baseline -0.001 -21"><span class='ocrx_word' id='word_1_258' title='bbox 486 4525 534 4602; x_wconf 86' lang='lat' dir='ltr'><strong>ad</strong></span> <span class='ocrx_word' id='word_1_259' title='bbox 559 4525 817 4623; x_wconf 88' lang='lat' dir='ltr'><strong>Polycarpum,</strong></span> <span class='ocrx_word' id='word_1_260' title='bbox 838 4526 924 4623; x_wconf 89' lang='lat' dir='ltr'><strong>quia</strong></span> <span class='ocrx_word' id='word_1_261' title='bbox 944 4525 1092 4621; x_wconf 86' lang='lat' dir='ltr'><strong>quando</strong></span> <span class='ocrx_word' id='word_1_262' title='bbox 1118 4525 1261 4601; x_wconf 88' lang='lat' dir='ltr'><strong>viderat</strong></span> <span class='ocrx_word' id='word_1_263' title='bbox 1285 4526 1383 4600; x_wconf 89' lang='lat' dir='ltr'><strong>illam</strong></span> <span class='ocrx_word' id='word_1_264' title='bbox 1401 4525 1564 4622; x_wconf 90' lang='lat' dir='ltr'><strong>eclipsim</strong></span> <span class='ocrx_word' id='word_1_265' title='bbox 1585 4546 1660 4601; x_wconf 91' lang='lat' dir='ltr'><strong>non</strong></span> 
     </span>
     <span class='ocr_line' id='line_1_32' title="bbox 485 4644 1660 4745; baseline 0.001 -25"><span class='ocrx_word' id='word_1_266' title='bbox 485 4644 693 4722; x_wconf 90' lang='lat' dir='ltr'><strong>naturalem</strong></span> <span class='ocrx_word' id='word_1_267' title='bbox 722 4666 795 4722; x_wconf 92' lang='lat' dir='ltr'><strong>nou</strong></span> <span class='ocrx_word' id='word_1_268' title='bbox 821 4651 1016 4745; x_wconf 78' lang='lat' dir='ltr'><strong>putaverat</strong></span> <span class='ocrx_word' id='word_1_269' title='bbox 1041 4646 1155 4742; x_wconf 89' lang='lat' dir='ltr'><strong>ipsam</strong></span> <span class='ocrx_word' id='word_1_270' title='bbox 1182 4647 1395 4744; x_wconf 78' lang='lat' dir='ltr'><strong>generalem</strong></span> <span class='ocrx_word' id='word_1_271' title='bbox 1421 4646 1486 4722; x_wconf 90' lang='lat' dir='ltr'><strong>toti</strong></span> <span class='ocrx_word' id='word_1_272' title='bbox 1509 4646 1660 4723; x_wconf 87' lang='lat' dir='ltr'><strong>mundo.</strong></span> 
     </span>
     <span class='ocr_line' id='line_1_33' title="bbox 488 4760 1664 4865; baseline 0.003 -24"><span class='ocrx_word' id='word_1_273' title='bbox 488 4768 533 4841; x_wconf 87' lang='lat' dir='ltr'><strong>Et</strong></span> <span class='ocrx_word' id='word_1_274' title='bbox 555 4766 716 4865; x_wconf 80' lang='lat' dir='ltr'><strong>assignat</strong></span> <span class='ocrx_word' id='word_1_275' title='bbox 742 4769 922 4845; x_wconf 88' lang='lat' dir='ltr'><strong>rationem</strong></span> <span class='ocrx_word' id='word_1_276' title='bbox 952 4768 1009 4841; x_wconf 92' lang='lat' dir='ltr'><strong>sui</strong></span> <span class='ocrx_word' id='word_1_277' title='bbox 1040 4766 1136 4861; x_wconf 86' lang='lat' dir='ltr'><strong>dicti,</strong></span> <span class='ocrx_word' id='word_1_278' title='bbox 1161 4766 1306 4843; x_wconf 88' lang='lat' dir='ltr'><strong>diceus:</strong></span> <span class='ocrx_word' id='word_1_279' title='bbox 1334 4760 1423 4861; x_wconf 79' lang='lat' dir='ltr'><strong>perri</strong></span> <span class='ocrx_word' id='word_1_280' title='bbox 1440 4771 1522 4843; x_wconf 83' lang='lat' dir='ltr'><strong>&#39;tute</strong></span> <span class='ocrx_word' id='word_1_281' title='bbox 1551 4771 1664 4845; x_wconf 79' lang='lat' dir='ltr'><strong>ectissi</strong></span> 
     </span>
     <span class='ocr_line' id='line_1_34' title="bbox 485 4886 1661 4984; baseline 0.003 -23"><span class='ocrx_word' id='word_1_282' title='bbox 485 4889 633 4980; x_wconf 80' lang='lat' dir='ltr'><strong>m&#39;sporc,</strong></span> <span class='ocrx_word' id='word_1_283' title='bbox 663 4888 868 4984; x_wconf 72' lang='lat' dir='ltr'><strong>equaliter,</strong></span> <span class='ocrx_word' id='word_1_284' title='bbox 897 4890 972 4981; x_wconf 78' lang='lat' dir='ltr'><strong>apti</strong></span> <span class='ocrx_word' id='word_1_285' title='bbox 1003 4890 1138 4980; x_wconf 81' lang='lat' dir='ltr'><strong>ispani,</strong></span> <span class='ocrx_word' id='word_1_286' title='bbox 1163 4887 1310 4982; x_wconf 87' lang='lat' dir='ltr'><strong>scilicet,</strong></span> <span class='ocrx_word' id='word_1_287' title='bbox 1343 4888 1382 4964; x_wconf 91' lang='lat' dir='ltr'><strong>in</strong></span> <span class='ocrx_word' id='word_1_288' title='bbox 1415 4886 1614 4984; x_wconf 88' lang='lat' dir='ltr'><strong>occidente,</strong></span> <span class='ocrx_word' id='word_1_289' title='bbox 1642 4911 1661 4964; x_wconf 84' lang='lat' dir='ltr'><strong>e</strong></span> 
     </span>
     <span class='ocr_line' id='line_1_35' title="bbox 487 5008 1661 5105; baseline 0.004 -25"><span class='ocrx_word' id='word_1_290' title='bbox 487 5010 559 5099; x_wconf 81' lang='lat' dir='ltr'><strong>apt</strong></span> <span class='ocrx_word' id='word_1_291' title='bbox 572 5009 664 5102; x_wconf 83' lang='lat' dir='ltr'><strong>Indi,</strong></span> <span class='ocrx_word' id='word_1_292' title='bbox 693 5008 840 5105; x_wconf 79' lang='lat' dir='ltr'><strong>scilicet,</strong></span> <span class='ocrx_word' id='word_1_293' title='bbox 866 5008 903 5084; x_wconf 93' lang='lat' dir='ltr'><strong>in</strong></span> <span class='ocrx_word' id='word_1_294' title='bbox 929 5008 1084 5103; x_wconf 90' lang='lat' dir='ltr'><strong>oriente,</strong></span> <span class='ocrx_word' id='word_1_295' title='bbox 1109 5029 1206 5082; x_wconf 77' lang='lat' dir='ltr'><strong>conte</strong></span> <span class='ocrx_word' id='word_1_296' title='bbox 1235 5011 1270 5082; x_wconf 67' lang='lat' dir='ltr'><strong>ct</strong></span> <span class='ocrx_word' id='word_1_297' title='bbox 1290 5011 1424 5102; x_wconf 78' lang='lat' dir='ltr'><strong>Giudci,</strong></span> <span class='ocrx_word' id='word_1_298' title='bbox 1451 5008 1598 5105; x_wconf 83' lang='lat' dir='ltr'><strong>scilicet,</strong></span> <span class='ocrx_word' id='word_1_299' title='bbox 1623 5011 1661 5085; x_wconf 92' lang='lat' dir='ltr'><strong>in</strong></span> 
     </span>
    </p>
   </div>
   <div class='ocr_carea' id='block_1_3' title="bbox 0 0 2426 6642">
    <p class='ocr_par' dir='ltr' id='par_1_3' title="bbox 0 0 2426 6642">
     <span class='ocr_line' id='line_1_36' title="bbox 0 0 2426 6642; baseline 0 5"><span class='ocrx_word' id='word_1_300' title='bbox 0 0 2426 6642; x_wconf 95' lang='lat' dir='ltr'><strong> </strong></span> 
     </span>
    </p>
   </div>
  </div>
 </body>
</html>
