4842 6642
806 830 944 885 CANTUS
969 831 1126 887 DECIMUS
1152 832 1335 888 seruulus.
1584 823 1653 890 2⁰1

482 973 595 1049 etsie
620 974 816 1069 praemium
841 974 1012 1050 laborum
1040 996 1223 1053 meorum.
1250 976 1295 1049 lit
1318 977 1370 1052 sic
1394 978 1655 1073 nescioquam

482 1101 623 1191 partem
657 1094 804 1193 eligam,
834 1096 922 1190 quia
954 1104 1077 1172 utram
1108 1098 1284 1193 ceperim,
1318 1098 1444 1173 videor
1478 1098 1658 1194 perdidis-

482 1238 539 1312 se;
565 1217 659 1291 sicut
684 1216 827 1292 dicebat
852 1218 948 1293 bona
978 1218 1197 1293 muliercula
1223 1218 1410 1293 filiosuo:
1438 1219 1487 1293 lili
1521 1212 1582 1307 mi,
1609 1239 1658 1294 oe

484 1336 594 1413 vadas
625 1336 673 1412 ad
701 1337 906 1432 eonsilium,
932 1338 1019 1432 quia
1051 1338 1080 1413 si
1111 1338 1248 1413 dixeris
1274 1339 1387 1435 justa,
1420 1339 1586 1415 homines
1619 1347 1656 1415 te

483 1456 639 1552 oderint,
664 1457 694 1531 si
720 1478 810 1534 vero
836 1459 980 1554 iniusta,
1005 1459 1064 1534 dii.
1091 1459 1144 1535 Ad
1170 1460 1315 1535 literam
1342 1480 1433 1558 ergo
1458 1460 1587 1536 ordina
1621 1468 1659 1537 et

483 1586 656 1654 construe
680 1579 751 1653 sic:
777 1582 819 1653 lo
843 1582 888 1652 lo
914 1602 1065 1673 opprero
1091 1584 1171 1673 quel
1193 1584 1266 1673 cite,
1290 1584 1319 1655 s'
1332 1586 1368 1655 io
1398 1585 1524 1676 riddo,
1553 1582 1657 1677 idest,

486 1720 556 1797 ego
580 1698 685 1774 didici
711 1699 810 1794 illud,
833 1699 933 1795 quod
958 1701 987 1775 si
1014 1701 1134 1776 relero
1159 1710 1198 1777 et
1222 1702 1372 1797 propalo
1398 1702 1435 1776 in
1463 1702 1656 1797 scriptura,

482 1824 534 1913 pio
552 1841 661 1913 sapor
686 1822 724 1893 di
744 1824 838 1915 forle
854 1842 987 1913 orama,
1005 1821 1107 1917 idest,
1126 1822 1272 1898 videtur
1292 1823 1483 1917 acerbum,
1501 1844 1526 1894 a
1545 1825 1653 1918 molti,

484 1948 522 2016 et
545 1941 729 2037 praecipue
750 1942 982 2037 magnatibus
998 1948 1034 2017 et
1052 1943 1286 2038 principibus,
1303 1943 1391 2037 quia
1407 1944 1543 2018 scilicet
1564 1965 1656 2038 pon-

484 2061 648 2155 tificibus
675 2062 969 2157 imperatoribus,
989 2063 1149 2159 regibus,
1169 2064 1333 2160 tyrannis
1358 2070 1395 2139 et
1419 2064 1498 2139 aliis
1516 2065 1659 2161 magnis

484 2183 673 2259 nobilibus.
693 2184 736 2257 El
752 2185 821 2258 hoc
842 2184 922 2259 dico
939 2184 1173 2280 apprehendi,
1190 2181 1251 2277 pid
1262 2208 1332 2279 per
1349 2189 1383 2259 lo
1400 2188 1530 2259 mondo
1546 2206 1657 2258 scazo

480 2308 551 2399 liae
575 2326 716 2399 amoro,
745 2304 846 2399 idest,
873 2326 939 2400 per
966 2305 1163 2401 infernum,
1191 2306 1252 2380 ulai
1278 2315 1334 2382 est
1350 2307 1558 2383 amaritudo
1576 2328 1656 2402 poe·

483 2446 616 2501 aarum
635 2432 673 2500 et
689 2424 859 2500 dolorum
878 2426 956 2500 sine
973 2425 1057 2520 line,
1075 2446 1271 2521 perquem
1289 2446 1436 2522 semper
1454 2427 1528 2501 itur
1544 2427 1656 2503 deor-

485 2568 581 2641 sum,
607 2566 713 2639 aper
738 2549 773 2620 lo
799 2553 925 2639 mona,
954 2546 1101 2637 scilieet,
1121 2546 1335 2643 purgatorii,
1358 2549 1416 2621 del
1437 2550 1494 2621 cui
1516 2547 1572 2620 del
1595 2568 1659 2621 co·

484 2688 594 2757 cume,
609 2754 613 2762 Ι
629 2665 728 2760 quod
760 2671 815 2739 est
851 2665 1039 2760 paradisus
1072 2665 1286 2741 deliciarum
1322 2674 1421 2742 totus
1458 2668 1586 2762 pulcer
1620 2674 1659 2742 et

484 2806 671 2881 amoenus,
692 2788 743 2877 pli
766 2789 862 2861 occdi
885 2789 976 2860 dello
1003 2790 1076 2861 mia
1095 2789 1218 2861 donno
1242 2790 1290 2861 mi
1313 2790 1450 2879 uvore,
1470 2788 1558 2882 quia
1574 2808 1659 2883 spe-

485 2908 621 2982 culatio
651 2912 689 2980 et
720 2906 978 3001 contemplatio
994 2900 1029 2997 (¹)
1063 2927 1085 2980 a
1116 2908 1298 3005 theologia
1329 2914 1521 2981 traxerunt
1550 2908 1658 2982 intel·

485 3028 623 3103 lectum
648 3027 788 3102 autoris
813 3026 859 3101 ad
885 3027 1040 3121 coelum3
1066 3031 1229 3119 eposeio
1252 3048 1322 3120 per
1346 3030 1382 3101 lo
1407 3030 1472 3101 eici
1501 3030 1539 3101 di
1566 3030 1657 3101 lame

482 3152 520 3223 ia
545 3150 650 3239 lurae,
673 3146 776 3240 idest,
802 3147 848 3221 de
873 3166 979 3242 spera
1011 3146 1047 3221 in
1081 3166 1238 3241 speram.
1274 3138 1318 3221 Et
1348 3148 1470 3223 subdit
1499 3148 1655 3222 alteram

485 3272 627 3363 partem
644 3265 839 3361 divisionis,
860 3266 1003 3341 dicens:
1023 3268 1086 3339 cs'
1099 3270 1135 3340 io
1154 3288 1220 3339 soa
1236 3269 1356 3341 umido
1373 3270 1487 3341 amieo
1502 3272 1542 3342 al
1556 3289 1654 3362 uero,

484 3387 586 3483 idest,
624 3387 769 3462 veritati
804 3387 1088 3482 manifestandae,
1124 3394 1213 3461 terno
1246 3390 1283 3461 di
1307 3392 1459 3481 perdere
1490 3393 1561 3464 mla
1598 3398 1659 3464 tro

483 3512 606 3583 coloro
630 3510 691 3583 cla
716 3515 833 3601 questo
858 3515 970 3601 tempo
995 3510 1245 3582 cliomaranno
1277 3513 1406 3601 andro,
1431 3510 1534 3604 idest,
1558 3510 1658 3606 apud

484 3634 668 3723 posteros;
695 3627 800 3721 quasi
833 3626 941 3722 dicat,
977 3627 1090 3704 timeo
1120 3627 1278 3723 perdere
1305 3628 1454 3724 lamam,
1485 3650 1571 3724 quae
1602 3635 1657 3705 ost

487 3770 605 3823 unum
623 3748 750 3823 vivere
765 3748 966 3845 gloriosum
985 3749 1080 3825 inter
1097 3754 1285 3824 venturos.
1303 3748 1395 3837 Quid
1413 3770 1504 3846 ergo
1519 3755 1657 3847 agam?

485 3910 534 3925 -
547 3876 599 3945 Lo
624 3873 706 3944 lure.
733 3869 798 3943 Hic
829 3876 940 3945 autor
972 3870 1073 3965 ponit
1103 3870 1378 3966 responsionem
1407 3870 1657 3969 &colaguidae

485 3991 531 4067 ad
556 3990 721 4085 quaesita,
739 3989 803 4084 qui
824 3989 886 4065 dat
912 4012 1021 4065 suum
1048 3991 1240 4067 consilium
1268 4012 1400 4065 sanum
1426 3999 1464 4067 et
1486 4000 1656 4088 accepta·

484 4111 557 4187 bile
581 4112 662 4187 viro
687 4110 839 4205 sapienti
864 4116 902 4186 et
927 4112 1104 4204 virtuoso,
1130 4111 1192 4206 qui
1214 4132 1288 4186 non
1307 4111 1415 4187 debet
1435 4112 1656 4207 praetermit-

485 4238 564 4307 tere
589 4230 782 4307 veritatem
809 4238 960 4326 propter
977 4231 1222 4327 suspicionem
1248 4231 1305 4306 vel
1330 4232 1654 4307 comminationem

483 4352 653 4427 aliorum.
681 4352 724 4426 ut
749 4350 869 4446 primo
895 4359 1047 4447 apparat
1072 4350 1209 4427 dictum
1236 4350 1403 4446 spiritum
1429 4352 1475 4427 ad
1500 4354 1656 4447 loquen-

483 4470 586 4566 dum,
603 4471 745 4547 dicens:
764 4476 817 4545 Lo
840 4474 914 4545 lace
936 4474 974 4545 ia
999 4472 1059 4545 circ
1082 4474 1206 4545 meod
1223 4474 1250 4546 tl
1264 4474 1334 4545 mio
1351 4478 1479 4565 tesoro,
1497 4473 1599 4569 idest,
1617 4473 1656 4549 iu

483 4614 558 4687 qua
582 4592 766 4668 laetabitur
780 4584 816 4686 (²)
845 4592 904 4667 ille
937 4592 1118 4688 pretiosus
1150 4590 1297 4687 spiritus
1327 4594 1501 4688 antiquus
1536 4616 1654 4691 meus,

484 4732 596 4807 quem
622 4713 704 4789 ideo
729 4720 838 4789 autor
862 4712 1018 4809 appellat
1044 4714 1260 4787 thesaurum
1280 4714 1548 4810 metaphorice3
1567 4739 1653 4793 nam

546 4972 574 5035 ι’)
590 4972 622 5023 E.
638 4986 653 5023 e
669 4977 693 5035 l,
710 4973 893 5038 contemplatio
909 4974 1054 5039 theologie.
1185 4971 1213 5037 ι’)
1229 4974 1261 5027 Ε.
1277 4975 1422 5029 laomor.
