4842 6642
820 850 892 917 um
1210 861 1417 918 couuuruu
1442 863 1609 916 nnnsursr

818 1013 929 1083 lezzn.
956 1010 1021 1084 llic
1047 1007 1191 1084 Beatrix
1220 1007 1381 1104 assignat
1406 1029 1557 1084 causam
1578 1008 1636 1084 sui
1654 1007 1750 1103 dicti,
1768 1008 1892 1084 dicens
1910 1010 1995 1088 bre-

818 1132 923 1227 viter,
944 1131 1044 1226 quod
1061 1130 1224 1226 potentia
1251 1129 1470 1205 intellectiva
1495 1136 1591 1205 esset
1607 1129 1830 1206 insufficiens
1849 1131 1895 1205 ad
1912 1137 1994 1207 tan·

818 1260 894 1326 tam
927 1251 1179 1327 excellentium
1211 1250 1476 1344 sustinendam,
1513 1271 1536 1324 a
1573 1249 1678 1324 simili
1716 1249 1815 1324 trons
1851 1251 1994 1326 arboris

817 1374 998 1450 sustinere
1032 1395 1105 1447 non
1140 1373 1238 1447 vaiet
1271 1372 1451 1466 impetum
1479 1371 1653 1465 fulminis,
1680 1393 1703 1446 a
1729 1392 1804 1465 quo
1832 1377 1908 1446 tota
1932 1393 1995 1446 su-

819 1496 893 1569 bito
922 1494 1104 1569 obruitur.
1137 1493 1228 1567 Dicit
1258 1512 1369 1588 ergo:
1400 1488 1468 1566 01ιό
1491 1495 1527 1565 ἱα
1558 1492 1712 1566 deltano
1743 1495 1816 1566 mia
1847 1494 1907 1566 cte
1930 1489 1994 1586 piri

816 1620 845 1690 s'
858 1619 1019 1710 accende,
1048 1615 1150 1708 idest,
1177 1611 1294 1710 magis
1314 1617 1351 1686 et
1379 1612 1495 1708 magis
1529 1612 1716 1687 invalescit
1746 1617 1784 1687 et
1809 1613 1993 1706 elucescit,

814 1759 880 1832 per
905 1741 936 1811 te
960 1740 1066 1827 scale,
1092 1736 1194 1828 idest,
1222 1753 1287 1830 per
1313 1753 1438 1828 speras
1459 1734 1690 1828 planetarum
1719 1741 1756 1809 et
1779 1735 1902 1824 orbes,
1920 1737 1993 1808 dal·

817 1859 963 1932 roomo
977 1859 1144 1950 palazzo,
1163 1855 1265 1949 idest,
1284 1853 1379 1947 coeli,
1398 1854 1498 1948 quod
1514 1854 1737 1928 aeternaliter
1754 1854 1864 1929 durat
1882 1861 1993 1928 num-

819 1999 930 2074 quam
965 1978 1165 2069 ruiturum,
1196 1983 1327 2070 quanto
1351 1970 1415 2068 piri
1453 1978 1485 2048 si
1516 1978 1603 2069 sale,
1638 1975 1740 2070 idest,
1771 1974 1995 2068 ascenditur,

818 2101 978 2172 com'lroi
997 2101 1133 2188 oedutc,
1159 2094 1306 2190 scilicet,
1334 2093 1370 2168 in
1406 2095 1576 2170 omnibus
1609 2095 1724 2190 speris
1749 2095 1996 2186 interioribus,

819 2219 856 2292 in
881 2240 1041 2313 quarum
1068 2218 1212 2314 singula
1239 2215 1418 2311 descripta
1445 2215 1512 2290 luit
1541 2217 1828 2312 superexaltatio
1852 2216 1995 2293 Beatri-

819 2339 882 2432 cis,
907 2345 1003 2413 tanto
1027 2341 1180 2432 spicode,
1209 2336 1312 2429 idest,
1339 2343 1415 2411 tam
1449 2336 1768 2432 supereminenter
1797 2343 1834 2412 et
1869 2358 1997 2414 exces-

820 2457 907 2551 sive,
924 2461 985 2531 clu
1000 2461 1028 2532 o
1043 2465 1100 2532 tuo
1118 2459 1250 2530 mortui
1262 2459 1406 2549 podere,
1424 2455 1527 2550 idest,
1543 2457 1606 2530 tua
1625 2456 1743 2530 virtus
1764 2456 1993 2550 intellectiva,

819 2580 962 2653 sareuoe
986 2583 1026 2653 ol
1047 2599 1111 2653 suo
1133 2582 1274 2673 sulpure
1297 2579 1433 2672 fronde
1457 2580 1517 2650 clte
1536 2583 1643 2651 tuouo
1667 2580 1864 2669 sccscmde,
1890 2577 1992 2670 idest,

751 2685 757 2695 ’
819 2699 923 2794 quasi
949 2720 1077 2774 ramus
1105 2699 1248 2772 arboris
1279 2717 1390 2793 quem
1423 2697 1572 2772 tonitrui
1589 2691 1625 2789 (¹)
1660 2697 1839 2773 scindunt.
1867 2699 1911 2772 Et
1936 2699 1994 2773 iric

820 2827 906 2895 uota
932 2820 1030 2914 quod
1056 2818 1255 2893 similitudo
1280 2823 1335 2893 est
1360 2817 1518 2913 propria,
1544 2817 1631 2912 quia
1662 2825 1846 2894 scrutator
1878 2818 1993 2893 maie·

820 2940 920 3014 statis
945 2940 1175 3036 opprimetur
1199 2959 1223 3012 a
1247 2938 1382 3035 gloria;
1401 2937 1480 3012 vult
1497 2957 1588 3034 ergo
1605 2945 1714 3012 autor
1733 2959 1797 3034 per
1814 2941 1884 3014 troc
1901 2939 1991 3015 dare

819 3059 968 3158 intelligi
982 3060 1081 3156 quod
1095 3060 1311 3152 intellectus,
1326 3057 1473 3153 quando
1486 3059 1753 3154 appropinquat
1770 3059 1816 3134 ad
1835 3059 1991 3155 primam

819 3204 970 3257 causam
997 3183 1034 3257 in
1059 3202 1126 3257 sua
1152 3180 1400 3276 speculatione
1427 3201 1499 3254 non
1534 3179 1642 3256 debet
1678 3201 1904 3276 praesumere
1934 3188 1989 3256 te·-

821 3322 924 3377 mere
949 3321 1173 3400 cognoscere
1201 3300 1485 3394 pulcritudinem
1515 3306 1754 3394 aeternorum,
1787 3301 1881 3376 sicut
1906 3301 1991 3378 iecit
2064 3309 2069 3316 “

820 3424 857 3498 in
881 3424 959 3498 aliis
986 3422 1102 3519 magis
1127 3421 1277 3497 remotis
1307 3443 1328 3496 a
1360 3423 1511 3497 Deo-
1528 3425 1605 3495 Not.
1634 3423 1698 3497 Hic
1723 3422 1870 3498 Beatrix
1898 3425 1996 3518 pr'ae·

819 3545 928 3619 missa
953 3545 1021 3619 ista
1048 3541 1225 3639 positione
1250 3542 1422 3618 describit
1448 3543 1701 3618 ascensionem
1718 3564 1825 3618 suam
1844 3541 1890 3619 ad
1911 3563 1996 3638 sep-

819 3665 946 3740 timam
973 3683 1119 3760 speram
1141 3663 1302 3756 Saturni,
1323 3662 1466 3737 diceus:
1488 3665 1556 3736 Not
1577 3685 1650 3738 suu
1676 3665 1780 3738 leuati
1803 3667 1843 3737 ol
1865 3667 1996 3738 settimo

817 3786 1015 3877 splendore,
1041 3782 1186 3877 scilicet,
1214 3782 1442 3876 Saturnum;
1469 3790 1506 3857 et
1531 3782 1636 3857 dicit:
1663 3785 1724 3858 cllo
1758 3788 1871 3877 muto,
1900 3783 1995 3858 idest
2101 3761 2105 3774 ⁸

818 3903 1036 3978 coniunctus
1066 3910 1103 3978 el
1132 3907 1371 3998 temperatus
1392 3905 1450 3976 del
1471 3923 1536 3975 suc
1562 3905 1696 3997 valore,
1732 3902 1835 3998 idest,
1870 3903 1994 3978 calore

820 4024 944 4118 leonis,
974 4027 1104 4116 rupptu
1137 4044 1195 4096 mo
1227 4019 1300 4115 ptri,
1335 4022 1438 4118 idest,
1469 4023 1585 4097 intluit
1615 4023 1650 4097 in
1690 4023 1874 4118 interiora,
1905 4033 1994 4098 sotto

818 4147 956 4237 ilpetto
980 4147 1040 4217 det
1062 4147 1153 4217 lione
1181 4145 1337 4216 ardente.
1365 4134 1502 4236 Vultl‘)
1531 4144 1653 4219 dicere
1686 4143 1785 4238 quod
1810 4143 1992 4219 Saturnus

819 4263 882 4357 qui
907 4272 963 4339 est
987 4270 1131 4339 naturae
1150 4263 1288 4360 trigidae
1306 4269 1343 4338 et
1363 4263 1468 4338 siccae
1485 4271 1567 4339 erat
1583 4285 1682 4339 nunc
1703 4265 1739 4338 in
1758 4266 1876 4359 leone,
1894 4265 1992 4360 quod

758 4425 762 4429 ’
819 4384 966 4481 siguum
992 4391 1047 4458 est
1072 4381 1231 4458 calidum
1258 4390 1295 4457 et
1319 4383 1470 4458 siccum.
1497 4384 1541 4457 Et
1566 4384 1623 4459 hic
1655 4391 1741 4460 nota
1772 4385 1871 4479 quod
1898 4407 1993 4460 anno

819 4503 962 4580 llomini
991 4503 1106 4579 MCCC
1127 4503 1274 4598 quando
1292 4511 1402 4578 autor
1420 4511 1544 4580 noster
1560 4505 1646 4580 lecit
1662 4527 1770 4580 suam
1789 4506 1993 4582 mirabilem

819 4631 858 4700 et
883 4624 1041 4700 nobilem
1060 4625 1250 4719 visionem,
1269 4623 1449 4717 Saturnus
1467 4627 1601 4701 eratin
1620 4626 1726 4702 leone
1747 4633 1887 4723 septem
1908 4648 1995 4724 gra-

820 4744 938 4840 dibus,
963 4745 1127 4840 luppiter
1152 4744 1189 4819 in
1214 4744 1331 4820 ariete
1356 4745 1529 4842 gradibus
1558 4747 1683 4844 viginti
1710 4754 1883 4842 quatuor,
1901 4747 1995 4822 Mars

883 5004 911 5067 (⁸)
926 5003 957 5054 lt.
973 5005 1104 5054 tonitruus
1119 5005 1220 5056 scindit.
1408 5003 1437 5067 (²)
1454 5005 1484 5057 lt.
1500 5004 1565 5060 Vult
1580 5005 1753 5058 effectualiter
1768 5005 1864 5056 dicere.
