4842 6642
943 815 988 880 66
1335 824 1540 879 oonunrorr
1564 823 1731 876 nnnnmsr

943 971 1054 1065 bitur,
1079 992 1111 1064 a,
1138 970 1278 1066 supple,
1309 973 1452 1062 quoodo
1477 972 1636 1043 tunimo
1663 971 1845 1060 preclaro,
1878 967 1981 1060 idest,
2011 966 2117 1042 valde

939 1094 1102 1190 gloriosa
1132 1091 1314 1166 Francisci
1331 1085 1381 1186 (¹),
1414 1095 1446 1164 si
1476 1094 1565 1164 volte
1593 1111 1741 1163 munau
1769 1091 1828 1163 det
1861 1109 1926 1162 suo
1956 1088 2114 1181 promto,

941 1214 1047 1308 idest,
1072 1213 1119 1287 de
1145 1233 1311 1308 corpore,
1338 1212 1375 1286 in
1401 1233 1477 1306 quo
1501 1211 1622 1286 stabnt
1638 1211 1714 1306 ipsa
1730 1209 1866 1303 anima,
1884 1211 2062 1282 tornando
2080 1213 2121 1281 et

941 1355 1006 1408 suo
1018 1355 1142 1426 repam,
1153 1333 1552 1426 seilicetomlesteznec
1565 1330 1746 1406 ordinavit
1758 1329 1904 1425 corpori
1913 1351 1986 1404 sno
1998 1331 2116 1406 altum

945 1456 1003 1529 vel
1029 1462 1287 1551 sumptuosum
1315 1454 1513 1526 tumulum.
1541 1453 1643 1528 Unde
1667 1451 1776 1526 dicit:
1806 1472 1826 1524 e
1855 1455 1895 1524 ol
1919 1472 2031 1544 corpo
2053 1470 2118 1526 nto

946 1597 1018 1650 ooo
1043 1575 1380 1666 taliamentum,
1409 1574 1511 1666 idest,
1530 1573 1722 1665 teratrum,
1748 1591 1824 1666 quo
1848 1592 2005 1666 corpora
2030 1587 2117 1668 por-

947 1703 1070 1770 tantur
1095 1695 1141 1769 ad
1167 1697 1409 1790 sepulturam,
1428 1693 1494 1769 nisi
1519 1715 1625 1768 suam
1651 1693 1851 1786 dominam,
1868 1693 1973 1787 quasi
1999 1693 2114 1768 dieat:

946 1817 1062 1893 noluit
1085 1817 1193 1890 aliam
1221 1817 1450 1910 sepulturam
1478 1815 1543 1888 nisi
1565 1814 1714 1907 cmlnm,
1736 1814 1823 1908 quia
1847 1815 1943 1888 ooelo
1966 1814 2117 1910 tegitur,

900 1963 902 1966 ·
945 1936 1007 2032 qui
1034 1957 1107 2011 non
1134 1935 1244 2010 habet
1271 1955 1416 2028 urnam,
1442 1941 1486 2008 nt
1509 1934 1560 2009 ait
1584 1936 1766 2008 Lumnus.
1792 1933 1846 2008 lid
1870 1933 1970 2028 quod
1998 1935 2118 2008 scien·

945 2057 1036 2130 dum
1063 2055 1161 2150 quod
1186 2045 1453 2146 Franciscns(²)
1480 2055 1517 2126 in
1543 2054 1719 2128 extremis
1735 2053 1984 2150 interrogatus
2003 2075 2025 2128 a
2044 2053 2119 2126 oa·

948 2177 1064 2252 tribus
1082 2175 1169 2268 suis
1183 2175 1246 2249 nbi
1260 2176 1406 2250 volebat
1422 2173 1578 2269 sepeliri,
1593 2173 1795 2269 respondit:
1813 2174 1860 2249 ad
1877 2174 2118 2248 carnarium:

947 2303 1029 2372 erat
1054 2302 1179 2370 antem
1208 2295 1426 2371 carnarium
1453 2296 1567 2388 locus,
1585 2295 1647 2406 ubi
1671 2295 1941 2389 sepeliebantur
1965 2314 2120 2389 corpora

948 2415 1210 2489 damnatorum
1237 2421 1343 2489 extra
1360 2415 1546 2488 Assisium.
1565 2416 1609 2488 Et
1626 2414 1674 2488 ibi
1692 2416 1877 2509 sepultum
1898 2416 1966 2489 luit
1987 2436 2122 2510 corpus

947 2535 1129 2610 Francisci
1146 2526 1204 2630 (³);
1232 2543 1269 2609 et
1294 2535 1341 2610 ibi
1368 2536 1463 2610 iacta
1484 2541 1539 2609 est
1556 2542 1681 2629 postea
1700 2556 1834 2632 magna
1850 2543 1889 2610 et
1906 2543 2120 2631 sumptuosa

947 2657 1112 2752 ecelesia,
1130 2677 1216 2750 quae
1241 2657 1349 2732 nodie
1363 2658 1412 2732 ab
1433 2656 1560 2732 italicis
1576 2677 1644 2751 pro
1662 2663 1763 2731 tanto
1781 2677 1936 2752 corpore
1953 2658 2122 2732 visitatur

948 2785 985 2854 et
1000 2766 1036 2870 (⁴)
1065 2786 1275 2872 veneratur,
1302 2785 1340 2852 et
1365 2780 1468 2852 loeus
1486 2779 1545 2852 ille
1563 2777 1738 2852 reduetus
1755 2785 1810 2852 est
1828 2778 1922 2851 intra
1939 2780 2120 2852 ambitum

950 2918 1145 2972 murorum
1172 2897 1326 2972 civitatis
1351 2907 1420 2972 etc.

1025 3023 1141 3090 Pensa
1165 3021 1318 3090 orumui.
1345 3019 1414 3091 lstn
1440 3024 1495 3092 est
1520 3025 1653 3110 quarta
1678 3025 1717 3092 et
1741 3018 1870 3092 ultima
1895 3040 1980 3113 pars
2009 3039 2123 3115 gene-

952 3137 1036 3212 ralis
1052 3128 1102 3230 (⁵),
1121 3137 1157 3208 in
1179 3159 1254 3230 qua
1279 3138 1437 3211 Thomas
1453 3139 1500 3212 de
1517 3139 1660 3231 Aquino
1678 3159 1853 3233 percursa
1872 3140 2031 3214 breviter
2049 3140 2122 3214 vita

952 3258 1047 3334 beati
1072 3258 1267 3351 Francisei‚
1302 3279 1387 3352 quae
1421 3259 1575 3333 faciebat
1608 3259 1654 3333 nd
1690 3259 1974 3334 declarationem
2008 3260 2124 3352 dubii,

951 3399 1049 3452 nunc
1068 3378 1161 3452 redit
1177 3377 1225 3450 ad
1243 3379 1463 3453 solutionem
1482 3380 1706 3473 questionis,
1725 3379 1920 3454 ostendens
1937 3381 2124 3475 quomodo

952 3499 1046 3573 bene
1072 3498 1325 3593 impinguatur
1343 3499 1379 3570 in
1397 3499 1526 3574 ordine
1542 3499 1719 3574 Dominici
1733 3489 1784 3594 (⁰),
1803 3499 1870 3574 nisi
1887 3505 2043 3574 vaoetur
2059 3521 2125 3575 va·

952 3618 1066 3692 nitati.
1085 3618 1129 3690 nt
1146 3617 1265 3713 primo
1291 3618 1486 3708 concludit,
1504 3619 1691 3713 quomodo
1709 3619 1923 3694 Franciseus
1938 3609 1975 3712 (⁷)
1998 3620 2126 3694 habuit

953 3741 1091 3813 bonum
1127 3738 1268 3812 socium
1302 3739 1348 3813 ad
1383 3739 1609 3836 dirigendam
1646 3724 1837 3815 eeclesiam
1872 3740 1950 3834 Dei,
1975 3740 2121 3815 dicens:

956 3867 1070 3935 Perua
1095 3863 1249 3950 oromai,
1276 3859 1349 3932 istis
1374 3859 1506 3934 auditis
1530 3850 1627 3953 del⁸l
1655 3861 1861 3953 Prandium,
1887 3861 1923 3935 in
1949 3882 2024 3955 quo
2057 3860 2125 3934 luit

954 3988 1052 4056 tanta
1080 3981 1267 4075 persentio,
1289 3985 1434 4075 quaiso
1460 3984 1563 4069 colui,
1587 3983 1734 4076 scilieet,
1756 3983 1977 4077 Dominum,
2002 3987 2063 4057 otte
2084 3988 2124 4077 lu

952 4106 1067 4194 depno
1084 4104 1231 4192 rotlepo,
1246 4101 1346 4193 idest,
1357 4101 1477 4175 socius
1491 4101 1527 4175 in
1539 4102 1661 4176 ollioio
1677 4102 1855 4199 dirigendi
1870 4094 2124 4195 ecclesiam(⁹);

946 4203 1052 4296 unde
1075 4222 1172 4315 dicit,
1199 4243 1223 4294 a
1249 4229 1428 4296 moutener
1449 4225 1485 4295 lo
1505 4224 1615 4295 dorca
1640 4227 1678 4296 di
1694 4227 1825 4313 Pr'etro,
1847 4223 1949 4317 idest,
1967 4225 2015 4299 ad
2033 4243 2126 4319 prae-

954 4343 1172 4418 servandam
1193 4343 1384 4418 eeclesiam
1404 4343 1619 4418 militantem
1638 4366 1660 4419 a
1679 4346 1956 4438 tempestatibus
1978 4367 2025 4421 ne
2041 4365 2127 4419 suo-

958 4505 1008 4511 -—
1016 4507 1057 4512 ---
1063 4507 1093 4512 --
1101 4508 1105 4512 .
1114 4507 1124 4512 -
1133 4507 1137 4512 n
1277 4507 1562 4514 ...ω-Ἣ...

1016 4581 1045 4641 (⁸)
1060 4582 1090 4632 E.
1109 4582 1176 4632 beati
1192 4584 1333 4634 Francisoi.
1659 4582 1686 4644 [ἢ
1703 4584 1734 4635 ll.
1751 4584 1842 4635 bertus
1857 4585 2020 4636 Frnnolsms.

1018 4655 1045 4718 ζ’)
1062 4657 1092 4708 Ε.
1107 4658 1175 4708 beati
1193 4661 1331 4720 Francisci,
1349 4661 1392 4710 ubi
1410 4659 1477 4709 lacta
1493 4666 1541 4711 est.
1660 4661 1689 4724 (⁸)
1704 4662 1735 4712 Ε.
1751 4667 1778 4712 et
1795 4661 1966 4711 saluberrime
1981 4668 2130 4714 veneratur.

1016 4733 1043 4798 (⁸)
1060 4734 1090 4784 E.
1108 4736 1237 4798 generalis
1253 4738 1331 4788 lruim
1347 4738 1463 4801 capituli,
1481 4738 1508 4787 in
1523 4751 1575 4802 qna
1591 4738 1681 4788 tentus
1697 4739 1820 4789 Thomas.
1974 4767 1978 4773 »

1018 4810 1045 4873 (⁸)
1062 4812 1092 4862 Ε.
1110 4813 1178 4862 beati
1194 4815 1333 4865 Dominici.
1663 4815 1690 4878 (²)
1706 4816 1737 4867 ll.
1754 4815 1844 4866 tantm
1859 4815 2021 4866 Frnneiteus.

1020 4883 1046 4948 [⁸]
1063 4887 1094 4937 E.
1110 4887 1151 4938 his
1167 4889 1198 4938 tle
1216 4891 1291 4940 beato
1306 4892 1447 4942 Francisco
1462 4890 1563 4951 auditis,
1580 4891 1606 4941 in
1622 4905 1684 4955 quo.

1021 4962 1047 5026 (ἢ
1065 4964 1096 5016 Ε.
1112 4964 1248 5016 ecclesiam
1266 4967 1325 5029 liei:
1341 4968 1419 5018 nude.
