4842 6642
990 781 1059 848 108
1378 789 1583 846 eounuruu
1607 789 1774 844 nrnnnrsr

989 957 1144 1032 magnus
1170 933 1364 1008 haereticus
1389 934 1453 1027 qui
1478 933 1622 1008 dicebat
1641 938 1710 1007 etc.
1732 931 1840 1004 Arius
1865 929 1933 1004 luit
1957 929 2052 1004 alius
2078 947 2159 1002 ma·

989 1055 1111 1128 ximus
1137 1054 1381 1128 heresiarcha
1416 1055 1480 1148 qui
1513 1062 1595 1148 ete,
1620 1053 1732 1130 etita
1765 1051 1997 1126 priscilianus
2027 1057 2067 1125 et
2099 1049 2160 1123 alii

988 1176 1091 1249 multi
1119 1181 1187 1250 etc.
1214 1176 1258 1248 Et
1282 1162 1444 1249 declarat
1469 1196 1535 1269 per
1560 1175 1678 1250 simile
1705 1193 1859 1269 pravum
1879 1171 2051 1246 ellectum
2072 1171 2159 1244 isto·

989 1295 1439 1390 rum,dicens:eque91i
1470 1299 1563 1370 stoltl
1591 1299 1651 1370 cite
1677 1299 1786 1390 soron
1818 1314 1914 1366 come
1946 1295 2056 1386 spade
2088 1295 2158 1366 alle

989 1420 1150 1490 scr-itiore
1167 1418 1205 1488 ln
1220 1418 1350 1489 render
1375 1420 1458 1490 torti
1481 1421 1507 1491 ti
1530 1420 1640 1491 dirim
1655 1418 1747 1489 volti.
1766 1415 1819 1488 Ad
1837 1414 1935 1509 quod
1956 1413 2156 1488 notandum

989 1536 1088 1630 quod
1117 1537 1274 1610 Thomas
1307 1537 1386 1610 vult
1415 1536 1539 1611 dicere
1571 1535 1844 1628 sententialiter,
1871 1535 1970 1630 quod
1999 1536 2158 1630 praedicti

990 1657 1241 1732 heresiarche
1266 1656 1417 1731 luerunt
1443 1657 1527 1731 talia
1562 1657 1710 1752 specula
1743 1655 1942 1750 scripturis,
1970 1654 2159 1730 retinendo

990 1775 1125 1851 scilicet
1149 1776 1185 1849 in
1211 1796 1263 1870 se,
1289 1783 1327 1850 et
1352 1777 1529 1852 tradendo
1554 1777 1633 1850 aliis
1659 1775 1780 1870 qualia
1809 1777 1956 1869 specula
1987 1782 2074 1849 sunt
2103 1777 2160 1850 lu-

988 1902 1111 1970 centes
1136 1915 1243 1970 enses
1269 1895 1405 1970 visibus
1431 1897 1562 1971 nostris
1587 1895 1652 1989 qui
1668 1895 1864 1970 ostendunt
1880 1916 1945 1970 eos
1962 1901 2157 1970 tortuosos.

988 2016 1032 2089 Et
1056 2016 1126 2090 hoc
1143 2015 1272 2090 accidit
1290 2022 1439 2110 propter
1458 2015 1699 2091 diliereutiam
1719 2015 1885 2090 materiae
1901 2015 1997 2090 ensis
2017 2015 2063 2089 ad
2081 2036 2161 2091 ma-

989 2137 1119 2212 teriam
1151 2135 1235 2210 vitri
1260 2142 1297 2210 et
1322 2136 1462 2230 plumbi
1487 2157 1532 2210 ex
1559 2136 1695 2229 quibus
1727 2135 1767 2208 fit
1800 2137 2160 2230 speculum-Non

987 2259 1071 2330 sien
1099 2255 1163 2328 llic
1188 2256 1346 2330 Thomas
1370 2256 1432 2330 dat
1456 2256 1637 2350 optimum
1663 2255 1854 2330 consilium
1882 2255 1979 2330 circa
2009 2256 2160 2330 temeri·

990 2383 1099 2452 tatem
1122 2375 1320 2470 judicandi,
1346 2376 1486 2451 dicens:
1515 2381 1595 2450 Non
1624 2379 1698 2450 sien
1723 2379 1754 2451 le
1777 2380 1872 2468 oculi
1895 2398 2008 2450 oocor
2032 2385 2158 2469 nonno

987 2501 1101 2572 neure
1115 2491 1164 2590 (⁴),
1190 2496 1292 2590 idest,
1319 2496 1516 2590 temerarii,
1543 2518 1568 2568 c
1591 2499 1765 2591 oiudiccr,
1793 2497 1940 2591 scilicet,
1966 2497 2012 2573 de
2037 2499 2156 2573 aliena

990 2619 1064 2692 vita
1094 2625 1132 2692 et
1163 2624 1274 2711 statu,
1303 2638 1326 2691 a
1360 2617 1478 2711 simili,
1503 2609 1533 2691 si
1557 2637 1653 2690 come
1678 2621 1755 2708 quo
1788 2619 1847 2690 cte
1873 2620 1977 2690 sttmu
2002 2621 2033 2691 te
2058 2619 2159 2692 blatis

990 2744 1028 2813 lo
1052 2759 1178 2832 compo
1204 2743 1290 2831 pria
1315 2741 1374 2812 cite
1397 2741 1472 2812 sien
1497 2745 1654 2830 moture;
1679 2738 1888 2812 existimant
1916 2737 2014 2812 enim
2044 2739 2159 2844 inter-

989 2861 1078 2935 dum
1113 2862 1272 2934 multum
1305 2859 1468 2933 fructum
1503 2867 1541 2933 et
1574 2880 1751 2954 magnum
1786 2859 1978 2953 remitum,
2011 2866 2049 2933 et
2084 2881 2156 2934 una

990 3002 1104 3077 parva
1123 2981 1256 3056 nebula
1279 2980 1477 3054 frustratur
1494 3000 1595 3076 spem
1618 3001 1771 3074 eorum;
1792 2979 1896 3054 etita
1914 2980 2157 3054 econtrario:

990 3101 1187 3196 aliquando
1213 3102 1423 3176 existimant
1453 3100 1637 3174 modicum
1664 3100 1826 3174 lructum
1853 3107 1889 3174 et
1914 3121 2072 3195 parvum
2099 3122 2160 3175 re-

990 3225 1142 3316 coltum,
1168 3229 1205 3297 et
1231 3242 1278 3296 er
1304 3221 1488 3316 insperato
1513 3220 1664 3315 implent
1689 3221 1941 3295 horreum-
1957 3224 2072 3294 Citio.
2093 3222 2159 3296 llic

989 3345 1147 3418 Thomas
1172 3343 1302 3438 probat
1322 3341 1461 3438 judicia
1487 3341 1677 3415 homiuum
1703 3363 1785 3417 esse
1810 3341 1966 3416 lallibilia
1992 3363 2058 3437 per
2083 3342 2158 3417 duo

991 3464 1159 3558 exempla
1186 3463 1490 3556 manifestissima,
1508 3483 1668 3556 quorum
1687 3462 1849 3557 primum
1875 3468 1931 3536 est
1955 3461 2001 3536 de
2027 3483 2158 3558 pruno,

990 3586 1130 3661 dicens:
1157 3587 1208 3657 clt’
1221 3587 1256 3656 io
1281 3586 1326 3656 lvo
1351 3587 1475 3657 cedato
1494 3587 1615 3658 trrtto't
1638 3606 1746 3658 verno
1768 3587 1889 3676 prima
1914 3587 2058 3675 ilprun
2083 3605 2159 3657 mo·
2264 3665 2267 3670 .

989 3709 1119 3780 strursi
1141 3707 1260 3796 myron
1284 3729 1303 3780 e
1324 3709 1455 3799 feroce,
1476 3704 1562 3798 quia
1584 3705 1718 3779 scilicet
1738 3726 1880 3799 prunus
1898 3703 1934 3776 in
1952 3704 2086 3799 hyeme
2104 3715 2159 3781 est

990 3833 1065 3902 tota
1079 3827 1234 3922 spinosa,
1244 3825 1358 3919 arida,
1370 3825 1516 3917 nodosa,
1524 3828 1658 3918 poncia,
1670 3825 1818 3918 scilicet,
1827 3825 2044 3900 adveniente
2057 3845 2157 3918 vero,

984 3956 1116 4042 portal·
1141 3950 1176 4020 to
1200 3968 1288 4020 rosa
1308 3950 1347 4020 io
1368 3948 1460 4019 sulla
1478 3950 1581 4040 mora,
1602 3967 1686 4040 quae
1707 3953 1831 4020 tamen
1856 3952 1911 4020 est
1937 3945 2158 4039 pulcerrima

989 4071 1133 4143 llorum.
1160 4069 1204 4141 Et
1228 4067 1287 4142 hic
1312 4073 1398 4141 nota
1419 4066 1517 4161 quod
1535 4066 1760 4161 comparatio
1777 4073 1833 4140 est
1850 4065 2097 4160 propriissime
2113 4066 2160 4140 ad

990 4189 1240 4286 propositum:
1268 4208 1410 4282 prunus
1434 4187 1532 4262 enim
1559 4187 1708 4280 nodosa,
1734 4186 1890 4281 spinosa,
1916 4185 2019 4260 arida
2043 4194 2099 4260 est
2123 4186 2161 4260 in

988 4310 1146 4405 hyeme3
1173 4309 1225 4382 sic
1250 4309 1362 4381 homo
1388 4328 1535 4401 pravus,
1553 4307 1683 4401 plenus
1700 4306 1804 4400 vitiis,
1823 4305 2025 4399 fraudibus,
2041 4307 2162 4380 omui·

989 4430 1060 4504 bus
1085 4431 1274 4522 molestus,
1295 4428 1385 4502 nulli
1412 4427 1521 4521 utilis,
1539 4427 1602 4521 qui
1627 4427 1735 4521 laedit,
1754 4434 1796 4500 ut
1814 4427 1917 4520 spina
1942 4447 2072 4501 omnes
2095 4448 2162 4524 ap-

989 4551 1237 4645 proximantes
1253 4550 1311 4625 vel
1330 4555 1589 4623 conversantes
1606 4567 1747 4641 secum,
1764 4547 1826 4640 qui
1845 4568 1911 4642 per
1929 4553 2045 4621 totum
2067 4555 2162 4622 tem-

989 4693 1058 4766 pus
1078 4670 1229 4766 hyemis
1247 4669 1337 4744 idest
1355 4669 1513 4762 malitie,
1532 4675 1587 4742 est
1603 4668 1739 4762 aridus,
1757 4667 1859 4762 idest,
1877 4667 2012 4741 inutilis
2029 4674 2067 4743 et
2083 4669 2161 4743 sine

1052 4930 1078 4992 (¹)
1095 4929 1126 4980 E.
1141 4929 1231 4988 omre,
1248 4931 1401 4991 temeritate,
1416 4943 1435 4980 o
1448 4930 1574 4994 Μῶαν.
