4842 6642
767 782 842 849 202
1159 792 1366 849 oonauruu
1389 796 1558 850 namursi

766 939 961 1015 thesaurus
987 939 1133 1035 proprie
1158 947 1214 1013 est
1233 946 1340 1015 vetus
1356 932 1392 1033 (¹)
1420 940 1504 1014 aeris
1528 940 1716 1038 depositio,
1735 944 1841 1020 cuius
1867 963 1939 1019 non

764 1066 865 1135 aaut
891 1060 1088 1155 memoria3
1115 1066 1153 1135 et
1178 1060 1229 1135 ita
1252 1066 1363 1137 autor
1388 1061 1569 1137 reinvenit
1594 1084 1693 1138 nuuc
1719 1064 1830 1140 istum
1856 1067 1941 1141 thes

764 1202 919 1256 saurum
945 1203 1068 1277 suum,
1087 1181 1150 1276 qui
1172 1182 1313 1257 ratione
1337 1182 1562 1276 antiquitatis
1587 1204 1661 1259 non
1687 1186 1831 1261 eratin
1858 1206 1937 1262 me·

765 1301 885 1377 moria
910 1302 1113 1377 hominum.
1141 1297 1184 1375 Et
1210 1301 1261 1376 sic
1287 1303 1501 1379 tnesaurum
1529 1303 1784 1379 absconditum
1817 1306 1937 1380 mani-

764 1420 909 1496 iestavit
935 1428 976 1495 ut
1001 1421 1189 1517 prodesset
1215 1419 1349 1516 multis,
1376 1422 1463 1517 quia
1480 1423 1655 1519 sapientia
1670 1424 1882 1501 absoondita
1900 1433 1937 1502 et

764 1545 961 1619 thesaurus
989 1542 1137 1637 invisus,
1170 1564 1255 1638 quae
1289 1543 1424 1620 utilitas
1454 1544 1491 1618 in
1526 1546 1724 1641 utrisque?
1753 1546 1856 1623 Unde
1884 1549 1939 1623 di·

764 1666 832 1740 olt:
851 1666 902 1738 clt'
914 1667 949 1738 io
969 1666 1086 1738 nocui
1101 1658 1139 1757 d,
1160 1664 1306 1759 scilicet,
1324 1666 1359 1740 in
1378 1667 1504 1761 Marte,
1521 1670 1736 1761 sisdprimo
1753 1690 1938 1760 corruam,

764 1785 865 1879 idest,
902 1784 1010 1859 rutila
1042 1792 1079 1859 et
1111 1783 1307 1879 splendida,
1341 1793 1540 1881 antequam
1573 1788 1812 1882 loqueretur:
1839 1790 1938 1882 quod

764 1906 924 1981 declarat
941 1903 1141 2000 persimile
1162 1904 1346 2000 pulcrum,
1369 1904 1510 1980 dicens:
1528 1911 1615 1999 quot
1631 1909 1787 1999 sperchio
1807 1909 1843 1981 d'
1855 1928 1937 1999 oro,

763 2025 892 2122 supple
917 2025 956 2098 iit
982 2023 1147 2118 rutilum,
1173 2045 1196 2097 o
1222 2028 1352 2116 rapoto
1378 2027 1417 2099 di
1438 2030 1523 2119 soie,
1556 2028 1661 2121 quasi
1691 2026 1805 2101 dicat:
1839 2026 1937 2121 quod

762 2147 824 2222 ille
849 2146 996 2241 spiritus
1022 2146 1139 2220 sactus
1171 2146 1352 2220 lucentior
1377 2155 1414 2221 et
1439 2147 1659 2241 splendidior
1689 2169 1802 2242 quam
1836 2147 1939 2243 prius

764 2273 845 2343 erat
869 2266 1026 2341 daturus
1049 2265 1243 2339 consilium
1267 2266 1389 2340 autori
1415 2288 1528 2361 super
1552 2268 1689 2343 lamam
1715 2288 1821 2342 suam
1855 2266 1938 2340 illu—

765 2387 1147 2462 minandam—indi
1170 2390 1314 2479 risposc.
1341 2387 1407 2461 Hic
1430 2394 1541 2462 autor
1557 2387 1729 2483 exprimit
1746 2388 1934 2462 consilium

767 2507 1031 2604 Cacciaguidae,
1058 2508 1120 2601 qui
1146 2508 1286 2602 accepit
1311 2507 1510 2582 secundam
1542 2514 1683 2603 partem
1717 2528 1783 2602 pro
1815 2529 1874 2601 se;
1900 2513 1937 2582 et

768 2627 932 2703 breviter
948 2628 1028 2702 vult
1047 2626 1189 2702 dicere:
1213 2647 1296 2724 age,
1315 2627 1362 2700 fili
1384 2628 1447 2722 mi,
1465 2627 1558 2702 vade
1575 2636 1612 2702 et
1631 2627 1689 2701 dic
1708 2647 1841 2706 secure
1857 2647 1938 2701 ma·

765 2751 842 2825 lum
870 2750 916 2823 de
947 2748 1119 2823 omnibus
1152 2749 1216 2843 qui
1248 2754 1451 2843 merentur,
1482 2748 1569 2851 quia
1599 2747 1683 2821 lioet
1711 2768 1734 2821 a
1763 2746 1942 2842 principio

763 2869 952 2967 displiceat
977 2876 1084 2944 tuum
1110 2869 1233 2944 dicere
1258 2869 1451 2965 aliquibus,
1478 2875 1602 2943 tamen
1623 2868 1660 2941 in
1681 2867 1753 2942 line
1771 2866 1935 2962 placebit.

764 2991 856 3065 Dicit
881 3011 972 3087 ergo
997 2996 1132 3089 autor:
1149 2998 1186 3066 et
1215 2990 1275 3065 ille
1304 2989 1557 3087 Cacciaguida,
1586 2992 1722 3083 m'sposc
1748 2992 1837 3079 indi,
1868 3009 1937 3083 pro

764 3110 906 3204 deinde,
932 3114 1114 3185 coscicnzo
1128 3114 1244 3205 fusco,
1261 3111 1363 3205 idest,
1380 3112 1569 3186 obfuscata
1594 3112 1654 3185 vel
1674 3111 1771 3203 laesa,
1798 3131 1820 3182 o
1845 3112 1937 3183 dello

763 3252 947 3323 uerpopna
969 3234 1135 3326 proprio,
1164 3232 1310 3325 scilicet,
1337 3250 1421 3326 qua
1439 3232 1580 3307 oriatur
1604 3254 1627 3306 a
1653 3230 1799 3326 propria
1816 3231 1935 3325 culpa,

762 3372 785 3425 o
810 3353 888 3425 dett
898 3355 1018 3443 altrat,
1046 3352 1193 3445 scilicet,
1213 3372 1297 3446 quae
1321 3353 1466 3427 oriatur
1490 3372 1536 3427 ex
1562 3353 1680 3426 aliena
1706 3352 1827 3445 culpa,
1854 3370 1938 3445 quoe

763 3478 887 3545 tamen
909 3477 1033 3567 tangat
1052 3472 1166 3565 illum,
1183 3472 1309 3567 aliquo
1319 3464 1357 3564 (²)
1374 3471 1505 3569 gradu,
1523 3472 1581 3546 vel
1602 3470 1936 3568 consanguinitatis,

762 3592 821 3666 vel
837 3591 1033 3685 affinitatis,
1055 3591 1112 3665 vel
1130 3592 1311 3687 amicitia,
1330 3593 1388 3666 vel
1406 3591 1598 3686 societatis,
1618 3593 1676 3667 vel
1693 3590 1857 3684 civitatis,
1880 3591 1937 3666 vel

762 3710 987 3806 partialitatis
1008 3716 1045 3785 et
1070 3711 1255 3806 similium,
1270 3732 1342 3805 pur
1360 3703 1492 3785 sentird
1510 3715 1547 3785 io
1563 3719 1624 3785 tuo
1641 3714 1775 3805 parole
1795 3712 1936 3799 mmcd,

762 3830 848 3926 quia
874 3830 1020 3925 scilicet,
1046 3833 1223 3907 acerbum
1250 3840 1288 3908 et
1312 3832 1509 3908 molestum
1529 3833 1711 3907 videbitur
1730 3831 1790 3906 tali
1808 3831 1937 3905 audire

763 3957 866 4024 tuam
884 3953 1056 4026 acerbam
1079 3952 1421 4047 reprehensionem
1442 3952 1504 4028 sed
1524 3955 1683 4027 noanon
1698 3952 1867 4026 obstante
1884 3950 1937 4024 ei-

761 4072 873 4146 iunde
898 4071 1071 4166 quicquid
1096 4072 1213 4147 vidisti
1231 4074 1309 4147 sine
1325 4072 1613 4148 dissimulatione
1631 4074 1690 4147 vel
1711 4071 1936 4147 admixtione

761 4191 917 4266 alicuius
946 4191 1117 4285 falsitatis.
1145 4192 1248 4267 Unde
1271 4192 1376 4266 dicit:
1403 4214 1463 4265 mo
1487 4195 1688 4284 condimen,
1714 4192 1818 4286 idest,
1841 4192 1934 4265 uilri-

761 4312 932 4406 lomiuuS,
954 4316 997 4406 [α
1022 4314 1207 4406 manifesta
1232 4319 1318 4386 mtto
1343 4319 1403 4386 tuo
1427 4316 1552 4404 m‘siom
1578 4312 1681 4407 idest,
1699 4310 1872 4407 quicquid
1895 4315 1934 4383 tu

762 4433 878 4508 vidisti
899 4433 935 4507 in
954 4434 1023 4507 isto
1040 4439 1146 4529 raptu
1166 4434 1308 4528 mentis,
1327 4434 1405 4509 sive
1420 4434 1678 4528 abstractione,
1693 4454 1805 4527 quam
1823 4438 1934 4506 autor

760 4554 888 4629 habuit
912 4556 1003 4629 hora
1030 4554 1212 4647 matutini,
1244 4555 1337 4629 sicut
1363 4554 1500 4628 dictum
1532 4560 1587 4629 est
1617 4554 1737 4649 primo
1775 4550 1936 4647 capitulo

761 4672 905 4767 inferni,
935 4680 984 4749 et
1006 4674 1043 4749 in
1074 4674 1153 4748 aliis
1183 4673 1308 4747 multis
1339 4674 1426 4748 locis
1456 4694 1523 4770 per
1552 4680 1671 4747 totum
1702 4672 1851 4764 librum,
1885 4672 1937 4742 m·-

766 4842 1023 4850 --—-————.-..-.
1076 4844 1157 4850 .........--
1181 4843 1230 4849 —.

824 4933 853 4997 (¹)
867 4934 899 4985 E.
917 4936 1013 4986 veteris
1026 4936 1093 4987 uris.
1315 4933 1343 4997 (¹)
1358 4940 1382 4995 a,
1398 4947 1432 4986 οι
1447 4933 1543 5000 aliquo,
