4842 6642
1009 769 1076 834 120
1396 777 1600 833 consuuntur
1624 777 1791 831 nananrsv

1004 925 1105 998 dicit:
1127 927 1183 998 Gli
1203 925 1300 996 oecbi
1315 925 1407 1014 miei,
1424 922 1571 1016 scilicet,
1590 922 1865 1016 intellectuales,
1883 907 2039 1015 rrprcser
2055 927 2177 1016 puindi

1004 1049 1139 1137 uirtute,
1153 1044 1257 1138 idest,
1270 1043 1435 1140 vigorem
1449 1063 1472 1117 a
1485 1043 1652 1118 beatrice
1664 1045 1835 1138 exaltata,
1853 1064 1878 1116 a
1894 1047 2072 1138 mereret,
2088 1045 2173 1160 quia

1002 1165 1149 1241 luerunt
1173 1165 1333 1261 oppressi
1360 1164 1480 1238 subito
1506 1169 1543 1238 et
1568 1183 1703 1260 magno
1737 1163 1929 1257 splendore
1959 1163 2169 1237 animarum

1003 1286 1099 1361 tertii
1124 1286 1262 1360 circuli.
1281 1286 1324 1358 lit
1343 1283 1463 1359 subdit
1488 1284 1654 1380 vigorem
1675 1283 1741 1357 sibi
1758 1283 1932 1357 collatum
1952 1303 1976 1358 a
1996 1283 2173 1378 Bcatrice,
2312 1303 2317 1312 ·

1004 1407 1090 1501 quia
1116 1405 1234 1480 erexit
1258 1405 1546 1500 speculationem
1563 1424 1676 1498 supra
1692 1403 1802 1477 aliam
1819 1422 1986 1496 speram3
2004 1402 2103 1477 unde
2118 1403 2175 1477 di·

1003 1526 1072 1601 eit:
1098 1549 1117 1600 e
1140 1527 1259 1599 didimi
1288 1526 1461 1597 translato
1484 1527 1541 1596 rol
1562 1544 1630 1597 con
1658 1527 1732 1596 mia
1762 1525 1896 1615 donam,
1924 1522 2027 1615 idest,
2052 1522 2173 1596 solum

1004 1667 1089 1721 cum
1117 1645 1292 1740 Beatrice,
1313 1645 1446 1720 relictis
1463 1644 1531 1718 illis
1548 1650 1602 1717 tot
1617 1644 1812 1718 animabus
1833 1643 2027 1717 beatorum
2046 1642 2174 1717 docto·

1004 1788 1087 1841 rum
1114 1787 1207 1861 quas
1232 1766 1403 1840 videbant
1428 1772 1530 1839 ante:
1557 1771 1595 1839 et
1618 1765 1705 1839 dicit
1729 1769 1899 1838 notanter
1914 1763 1962 1838 de
1978 1763 2073 1838 laeto
2094 1783 2175 1838 esse

1002 1893 1039 1960 et
1064 1907 1137 1960 non
1162 1884 1208 1960 de
1234 1885 1326 1980 lieri,
1352 1892 1394 1959 ut
1417 1906 1484 1980 per
1508 1885 1578 1959 boc
1610 1884 1673 1959 det
1705 1884 1815 1958 tacite
1839 1883 1988 1980 intelligi
2013 1884 2113 1978 quod
2138 1884 2174 1957 in

1003 2005 1147 2080 instanti
1173 2011 1210 2080 et
1234 2005 1313 2080 sine
1337 2005 1529 2080 intervallo
1555 2004 1764 2079 transiverit
1778 1998 1815 2096 (¹)
1833 2003 1879 2078 ad
1900 2004 2008 2078 aliam
2026 2025 2173 2099 speram

1002 2125 1125 2200 blartis
1150 2147 1235 2219 quae
1252 2133 1308 2200 est
1323 2125 1431 2199 altior
1455 2125 1543 2199 sole.
1562 2123 1634 2199 Sed
1652 2123 1710 2198 lric
1726 2123 1844 2198 oritur
1861 2123 2060 2198 dubitatio:
2081 2146 2175 2218 quo·

1004 2244 1113 2318 modo
1137 2251 1247 2320 autor
1272 2249 1380 2318 vocat
1404 2245 1557 2318 blartem
1584 2245 1762 2318 maiorem
1789 2245 1946 2319 salutem
1975 2245 2062 2338 sole,
2088 2265 2173 2320 cum

1002 2364 1056 2438 sol
1081 2365 1125 2438 sit
1151 2373 1255 2460 paler
1279 2365 1535 2461 generationis,
1554 2370 1592 2439 et
1612 2366 1707 2439 blars
1724 2365 1771 2439 sit
1786 2372 1896 2439 autor
1920 2365 2175 2440 destructionis

1003 2491 1040 2560 et
1056 2485 1310 2579 corruptionis.
1329 2484 1529 2559 Dicendum
1549 2485 1711 2560 breviter
1728 2485 1825 2579 quod
1844 2485 1961 2559 lactus
1978 2486 2175 2580 estproxi-

1005 2604 1099 2679 mior
1116 2605 1246 2700 primae
1273 2624 1397 2679 eausae
1421 2612 1458 2679 et
1483 2625 1550 2699 per
1574 2625 1802 2700 consequens
1823 2605 1953 2679 maiori
1971 2605 2099 2698 saluti3
2117 2587 2174 2682 vel

1007 2725 1260 2819 meliuscula
1292 2725 1329 2798 in
1359 2725 1436 2799 sole
1465 2731 1552 2798 sunt
1582 2725 1751 2800 doctores
1779 2725 1844 2818 qui
1874 2724 2174 2799 illuminaverunt

1006 2845 1113 2920 fidem
1140 2846 1306 2921 doctriua
1331 2851 1369 2920 el
1393 2845 1594 2940 scriptura,
1615 2847 1652 2920 in
1677 2849 1792 2922 Marte
1816 2867 1907 2921 vero
1931 2853 2018 2920 sunt
2044 2845 2176 2920 milites

1004 2966 1068 3059 qui
1095 2972 1354 3062 pugnaverunt
1379 2985 1446 3059 pro
1471 2965 1542 3039 lide
1567 2965 1697 3040 Christi
1712 2957 1749 3057 (²)
1777 2985 1864 3040 cunr
1891 2965 2069 3041 ellusione
2089 2986 2175 3061 pro-

1004 3085 1072 3180 prii
1098 3086 1294 3181 sanguinis.
1322 3086 1424 3160 Unde
1449 3093 1535 3160 nota
1566 3085 1665 3180 quod
1694 3086 1752 3160 isti
1783 3086 1952 3162 doctores
1982 3087 2175 3162 militantes

1003 3205 1080 3280 Deo
1114 3226 1199 3279 cum
1239 3207 1363 3302 lingua
1405 3207 1461 3280 vel
1494 3227 1625 3303 penna,
1663 3227 1737 3280 non
1770 3212 1916 3281 tantum
1956 3213 2176 3282 meruerunt

1003 3334 1186 3419 quantum
1218 3326 1273 3400 isti
1305 3326 1416 3401 duces
1449 3334 1685 3423 pugnatores,
1711 3327 1773 3422 qui
1806 3327 2055 3402 militaverunt
2087 3349 2172 3403 cum

1004 3467 1116 3520 manu
1147 3448 1205 3521 vel
1236 3455 1350 3542 spata,
1381 3446 1467 3540 quia
1497 3454 1751 3541 exposuerunt
1781 3446 1891 3521 vitam
1926 3453 2008 3541 etc,
2033 3447 2173 3522 sicuta
2266 3539 2269 3543 Ἰ

1004 3565 1111 3640 simili
1131 3566 1169 3639 in
1188 3566 1327 3640 mundo
1340 3567 1418 3640 isto.
1433 3607 1482 3620 -
1495 3572 1569 3639 Bm
1582 3570 1628 3639 m'
1640 3570 1775 3640 accord
1787 3571 1833 3640 io.
1848 3567 1913 3641 llic
1925 3575 2035 3642 autor
2052 3575 2174 3642 osten·

1003 3687 1056 3762 dit
1081 3687 1267 3782 quomodo
1293 3689 1509 3784 cognoverit
1525 3688 1783 3762 exaltationem
1802 3709 1909 3762 stram
1931 3708 1996 3784 per
2012 3689 2173 3763 colorem

1004 3809 1114 3903 ipsius
1140 3810 1293 3903 planetae
1319 3809 1454 3902 Martis,
1478 3809 1625 3883 dicens:
1644 3815 1718 3882 ltcn
1734 3812 1779 3882 m'
1792 3812 1974 3882 neomuto
1992 3812 2091 3883 elt'io
2109 3831 2174 3882 cra

998 3924 1061 4022 piri
1086 3932 1212 4020 locuto,
1237 3929 1385 4023 scilicet,
1410 3929 1456 4001 ad
1486 3929 1654 4003 altiorem
1681 3929 1878 4023 planetam,
1900 3951 1967 4022 per
1991 3932 2174 4022 toffocoto

1002 4053 1077 4123 riso
1102 4052 1193 4124 delto
1218 4050 1330 4140 stella,
1356 4049 1458 4143 idest,
1477 4057 1627 4144 propter
1647 4048 1878 4144 splendorem
1897 4051 2020 4124 Martis
2039 4049 2103 4144 qui
2119 4055 2175 4124 est

1003 4169 1136 4244 coloris
1153 4169 1271 4265 magis
1289 4168 1389 4265 igniti
1407 4189 1518 4262 quam
1538 4169 1752 4265 blercurius,
1768 4170 1891 4244 Venus
1908 4171 1966 4244 vel
1984 4171 2063 4262 Sol3
2077 4169 2175 4244 unde

1002 4289 1104 4364 dicit:
1131 4292 1191 4363 cte
1211 4293 1260 4363 mi
1274 4309 1392 4381 porea
1409 4285 1470 4381 piri
1490 4292 1617 4380 roppio
1633 4292 1693 4362 cte
1709 4291 1859 4381 turam,
1877 4290 1963 4384 quia
1980 4289 2174 4364 videbatur

1005 4409 1242 4484 rubicundior
1259 4409 1345 4483 sole.
1363 4448 1413 4462 -
1433 4413 1505 4481 Gon
1522 4415 1605 4482 nuo
1621 4411 1777 4482 timore.
1796 4409 1862 4483 llic
1885 4416 1995 4484 autor
2020 4409 2176 4483 ostendit

1004 4527 1189 4633 quomodo
1215 4527 1448 4603 devotissime
1481 4528 1703 4624 regratiatur
1734 4531 1810 4604 lieo
1844 4530 1908 4625 qui
1944 4531 2081 4606 lecerat
2109 4528 2174 4604 sibi

1005 4653 1141 4721 tantam
1168 4649 1337 4742 gratiam,
1355 4647 1453 4741 quod
1475 4647 1700 4743 perduxerat
1725 4669 1812 4723 eum
1837 4651 1886 4725 ad
1909 4671 2056 4746 speram
2078 4653 2173 4725 llar-

1066 4907 1093 4968 t'l
1109 4906 1138 4958 E·
1156 4907 1280 4956 lrflntltll·
1622 4906 1650 4971 (¹)
1666 4907 1698 4958 Ε.
1715 4907 1818 4958 Domini
1835 4909 1917 4960 nostri
1931 4909 1993 4959 leon
2008 4907 2111 4958 Cbristi.
