4842 6642
922 858 1061 932 murus
1086 859 1216 916 noxus
1608 851 1652 917 tt

482 1001 568 1096 quir
593 1002 759 1080 llasslliae
782 1009 869 1076 sunt
892 1003 1142 1078 famosissimae
1158 997 1194 1096 (¹)
1223 1005 1409 1081 mulieres.
1435 1007 1518 1082 Fuit
1541 1008 1655 1102 siqui-

481 1122 565 1201 dun
600 1120 735 1198 Fulcus
768 1121 836 1196 iste
867 1122 994 1219 puloor
1025 1143 1197 1220 corpore,
1231 1124 1357 1220 lingua
1387 1124 1560 1219 diserms,
1591 1147 1655 1222 pe-

481 1243 590 1322 cunia
621 1242 798 1336 liberalis3
828 1261 920 1338 ergo
954 1263 1044 1320 vere
1078 1265 1271 1320 venereus.
1302 1245 1497 1322 Adamavit
1528 1254 1655 1322 autem

481 1362 693 1460 addagtan
725 1383 882 1440 uxorem
908 1361 1064 1459 Baralis3
1094 1371 1132 1440 et
1167 1373 1208 1439 ut
1238 1367 1355 1462 magis
1380 1374 1523 1464 tegeret
1546 1388 1654 1442 suam

482 1483 643 1578 culpam,
660 1483 856 1560 simulabat
873 1503 913 1560 se
929 1483 1081 1580 diligere
1105 1485 1196 1560 duas
1218 1506 1365 1560 sorores
1387 1487 1485 1562 eius:
1504 1493 1654 1584 propter

482 1603 582 1696 quod
613 1604 731 1680 iactus
763 1611 953 1698 suspectus
985 1604 1053 1680 luit
1087 1605 1292 1681 licentiatus
1321 1608 1369 1682 ab
1400 1607 1473 1683 illo.
1510 1612 1654 1685 Mortua

482 1744 602 1800 uxore
632 1725 771 1800 Baralis
800 1725 1072 1800 amarissimum
1089 1716 1125 1817 (¹)
1156 1725 1323 1801 dolorem
1353 1729 1530 1824 concepit,
1559 1730 1655 1806 sicut

482 1844 569 1922 olim
608 1847 741 1922 [lantes
778 1847 825 1922 de
863 1853 984 1920 morte
1017 1867 1100 1926 sure
1137 1847 1331 1924 Beatricis:
1358 1857 1396 1924 el
1424 1841 1654 1942 dedicavitl³l

481 1985 522 2042 se
547 1985 634 2042 cum
664 1984 782 2042 uxore
808 1973 846 2041 et
869 1966 1016 2042 duobus
1050 1965 1131 2042 tiliis
1156 1967 1202 2042 ad
1233 1969 1498 2044 monasterium
1524 1971 1655 2046 cister-

481 2087 613 2164 ciense.
642 2088 771 2164 Postea
795 2087 913 2162 iactus
939 2086 1007 2161 iuil
1032 2087 1145 2162 abbas
1170 2088 1377 2184 'l'orrinelli3
1402 2089 1554 2164 demum
1576 2090 1656 2187 epi·

481 2228 612 2303 scopus
630 2207 874 2303 massiliensis,
891 2207 938 2282 de
955 2227 1028 2302 qua
1046 2208 1185 2303 expulit
1205 2209 1407 2284 hereticos.
1422 2211 1467 2283 lit
1485 2210 1537 2285 sic
1557 2210 1652 2303 vide,

480 2327 754 2422 quodpropter
781 2327 896 2404 multa
921 2333 1031 2402 autor
1057 2326 1140 2403 lecit
1168 2327 1394 2426 singularem
1425 2330 1651 2406 mentionem

480 2456 518 2524 ot
530 2447 886 2526 commendationem
906 2447 952 2522 de
969 2447 1038 2522 isto
1055 2448 1178 2523 Fulco.
1198 2450 1303 2523 Nunc
1321 2470 1412 2546 ergo
1431 2449 1479 2526 ad
1496 2450 1654 2544 literam,

480 2569 566 2646 dicit
582 2569 672 2646 iste:
699 2572 819 2658 (arella
835 2577 947 2662 peno,
965 2590 989 2641 o
1005 2573 1061 2644 cui
1073 2573 1114 2662 su
1131 2577 1214 2644 noto
1230 2573 1258 2642 ii
1272 2591 1375 2644 rwmc
1389 2573 1474 2662 mio,
1494 2575 1544 2644 mi
1562 2574 1654 2646 disse

481 2694 601 2782 Falco,
625 2696 663 2766 et
692 2689 814 2764 subdit
838 2710 944 2764 suam
976 2691 1284 2785 complexionem,
1315 2691 1461 2766 dicens:
1492 2713 1512 2764 e
1539 2699 1656 2783 questo

481 2815 578 2903 ciclo,
607 2811 710 2904 idest,
736 2830 843 2904 spera
869 2810 1034 2904 Veneris,
1054 2814 1082 2883 ἐ
1094 2813 1282 2903 impreco,
1300 2812 1399 2902 idest
1417 2811 1651 2908 imprimitur,

482 2935 520 3008 di
544 2953 611 3022 me,
633 2933 768 3006 com'io
789 2933 839 3024 sci
863 2934 900 3004 di
924 2934 993 3024 loi;
1019 2931 1122 3024 quasi
1148 2931 1267 3006 dicat:
1294 2932 1344 3006 ita
1369 2938 1520 3026 apparet
1546 2933 1582 3006 in
1607 2951 1655 3007 eo

484 3073 568 3128 mea
593 3051 727 3146 imago,
745 3050 840 3124 sicut
863 3051 1033 3145 apparuit
1058 3051 1095 3124 in
1122 3071 1182 3126 me
1207 3052 1289 3126 eius
1313 3052 1520 3144 induentia3
1548 3051 1652 3145 quasi

482 3175 596 3250 dicat:
633 3171 719 3266 quia
753 3170 805 3244 lui
842 3177 940 3246 totus
974 3170 1068 3245 lilius
1099 3171 1264 3264 Veneris,
1298 3172 1381 3248 ideo
1416 3173 1474 3246 hic
1503 3178 1656 3268 apparet

484 3295 618 3370 umbra
649 3312 743 3366 mea.
759 3284 893 3366 -Gdd
916 3287 988 3384 pii.
1022 3291 1086 3365 liic
1117 3291 1252 3367 Fulcus
1283 3293 1440 3388 explicat
1472 3299 1655 3386 quantum

482 3413 668 3490 induentia
694 3411 846 3488 Veneris
863 3412 1023 3507 poluerit
1040 3410 1076 3485 in
1094 3433 1140 3486 eo
1158 3412 1340 3509 tangendo
1360 3419 1435 3488 tres
1455 3413 1655 3487 immensos

481 3553 638 3610 amores.
658 3533 702 3606 Et
717 3531 837 3628 primo
854 3537 1043 3626 comparat
1055 3551 1222 3608 amorem
1237 3553 1348 3606 suum
1363 3533 1481 3606 amori
1496 3533 1655 3625 Didonis,

482 3675 566 3749 quae
592 3652 739 3730 tautum
766 3653 902 3728 exarsit
933 3673 1063 3728 amore
1095 3653 1217 3746 lineae,
1243 3653 1342 3747 quod
1374 3654 1435 3728 illo
1461 3654 1656 3730 recedente

481 3795 522 3850 sc
546 3773 695 3870 proprio
720 3793 808 3848 ense
841 3772 1009 3868 peremit,
1040 3772 1134 3847 sicut
1163 3773 1242 3866 J'am
1275 3793 1373 3868 saepe
1403 3773 1530 3868 patuit.
1563 3774 1655 3848 uicit

482 3915 590 3990 ergo:
620 3890 688 3968 ote*
711 3897 747 3967 lo
768 3895 870 3986 fipliu
899 3895 937 3967 di
968 3895 1065 3985 Belo,
1093 3890 1195 3986 idest,
1228 3893 1318 3969 Dido
1349 3893 1475 3990 regina
1500 3895 1655 3969 Cartha-

481 4013 574 4109 ginis
600 4033 685 4107 quae
709 4013 778 4086 tuit
803 4011 874 4088 lilia
902 4011 998 4108 regis
1023 4011 1112 4107 Beli,
1137 4019 1180 4086 ut
1204 4020 1304 4107 patet
1329 4013 1426 4108 apud
1444 4013 1654 4110 Virgilium

483 4152 551 4208 nec
576 4132 753 4230 intelligas
778 4134 824 4208 de
849 4132 936 4207 Belo
963 4152 1052 4229 rege
1077 4131 1235 4228 Assyrioe
1269 4137 1372 4226 patre
1407 4133 1531 4229 magni
1556 4132 1652 4226 Nini3

483 4273 555 4328 aon
580 4274 662 4326 arse
682 4249 744 4345 piri
769 4256 808 4326 di
831 4274 897 4343 aas,
922 4255 1009 4345 irsfin
1034 4255 1094 4326 cte
1116 4255 1149 4326 si
1171 4273 1347 4326 convenae
1371 4256 1411 4325 ol
1428 4256 1524 4344 pelo,
1549 4252 1653 4344 idest,

484 4395 603 4470 usque
632 4375 679 4450 ad
711 4381 857 4468 tempus
886 4393 962 4468 quo
993 4374 1085 4468 coepi
1116 4392 1326 4467 canescere,
1350 4373 1486 4447 scilicet
1511 4393 1656 4467 amore,

483 4517 595 4592 quam
620 4497 701 4592 ego.
727 4495 773 4568 Et
796 4492 904 4570 dicit:
930 4496 1086 4568 worado
1111 4501 1191 4567 eta
1217 4496 1349 4584 Sicleo,
1375 4493 1478 4586 idest,
1503 4512 1543 4567 se
1573 4513 1655 4568 mo·

484 4617 612 4692 lostam
639 4614 822 4692 reddendo
847 4615 905 4690 vel
932 4613 1150 4708 displicendo
1178 4613 1297 4707 primo
1322 4614 1403 4686 viro
1421 4633 1489 4686 suo
1513 4611 1654 4705 Sicheo,

482 4739 528 4814 dc
554 4758 629 4833 quo
655 4736 792 4811 dictum
819 4742 874 4810 est
898 4735 936 4809 in
961 4733 1121 4810 luierno:
1149 4756 1304 4828 enrppe
1325 4735 1406 4827 sede
1429 4736 1469 4806 ol
1491 4754 1594 4807 coner
1618 4736 1657 4806 di

545 4921 573 4985 (¹)
589 4923 620 4978 E·
635 4921 835 4974 rumonim.
1023 4920 1051 4983 (¹)
1067 4927 1091 4983 l,
1107 4923 1261 4974 maximnm.

545 4997 571 5058 Γ)
587 4997 619 5048 E·
634 4997 771 5050 declinarit
781 5009 817 5058 ιε,
828 5004 933 5052 mortua
945 5010 1035 5058 uxore,
1047 5011 1107 5048 cum
1124 4997 1226 5048 duobus
1241 4997 1300 5048 illlis
1315 4996 1473 5048 monasterio
1488 4994 1656 5046 cisterciensi.

457 5165 459 5170 .
615 5107 641 5150 V·
1507 5108 1521 5150 a
