4842 6642
767 810 841 885 ttt'
1160 830 1366 887 counnruu
1389 834 1558 888 namursi

765 976 961 1050 thesaurus
987 976 1134 1072 proprie
1159 984 1215 1051 est
1234 984 1341 1053 vetus
1356 972 1393 1071 (¹)
1421 978 1505 1053 aeris
1528 978 1716 1075 depositio,
1735 980 1843 1054 cuius
1868 997 1940 1053 non

764 1102 865 1171 exat
891 1084 1089 1192 memoria,
1116 1103 1153 1173 et
1179 1097 1229 1172 ita
1253 1104 1363 1174 autor
1389 1100 1569 1175 reinvenit
1594 1120 1693 1174 nunc
1719 1100 1831 1175 istum
1857 1100 1942 1175 tho·

763 1237 918 1293 saurum
946 1240 1068 1313 suum,
1087 1218 1150 1313 qui
1173 1219 1314 1295 ratione
1338 1220 1562 1315 antiquitatis
1588 1241 1662 1296 non
1687 1229 1769 1297 erat
1794 1221 1832 1295 in
1858 1238 1938 1295 me·

765 1339 885 1413 moria
911 1339 1114 1413 homiuum.
1142 1334 1186 1412 Et
1211 1339 1263 1414 sic
1288 1341 1502 1417 thesaurum
1529 1341 1783 1416 absconditum
1818 1340 1937 1415 mani-

764 1456 910 1533 festavit
936 1464 977 1531 nt
1001 1458 1190 1554 prodesset
1216 1457 1351 1554 multis,
1377 1460 1464 1554 quia
1481 1460 1657 1556 sapientia
1672 1460 1883 1535 abscondita
1901 1467 1939 1535 et

764 1581 962 1655 thesaurus
989 1580 1139 1674 invisus,
1172 1601 1256 1675 quae
1290 1581 1425 1656 utilitas
1455 1582 1492 1655 in
1527 1584 1725 1677 utrisque?
1754 1582 1858 1657 Unde
1885 1581 1944 1655 pp

764 1702 833 1775 cit:
852 1704 903 1774 clt’
915 1704 950 1774 to
970 1702 1087 1774 trovai
1102 1694 1140 1793 d,
1160 1701 1307 1796 scilicet,
1326 1704 1360 1775 in
1379 1704 1505 1797 Marte,
1522 1707 1738 1798 sise‘prtma
1754 1724 1939 1793 corrosos,

764 1821 866 1916 idest,
902 1821 1011 1895 rutila
1043 1828 1080 1895 et
1112 1821 1308 1916 splendida,
1343 1828 1542 1918 antequam
1574 1825 1812 1919 loqueretur:
1840 1822 1939 1917 quod

764 1941 925 2017 declarat
942 1940 1142 2036 persimile
1163 1941 1349 2035 pulcrum,
1371 1940 1512 2017 dicens:
1530 1947 1616 2036 quot
1632 1944 1788 2035 specctio
1808 1944 1844 2015 α’
1856 1960 1939 2031 oro,

764 2061 893 2157 supple
918 2061 958 2133 lit
983 2060 1149 2154 rutilum,
1174 2080 1198 2132 a
1224 2064 1354 2152 rapoto
1379 2064 1418 2135 di
1440 2065 1524 2156 sole,
1558 2064 1662 2157 quasi
1692 2061 1806 2136 dicat:
1839 2060 1940 2155 quod

764 2183 825 2258 ille
850 2182 997 2278 spiritus
1024 2181 1140 2255 lactus
1172 2181 1354 2256 lucentior
1379 2191 1416 2257 et
1441 2183 1660 2277 splendidior
1691 2203 1803 2278 quam
1837 2181 1942 2277 prius

764 2308 846 2378 erat
870 2301 1027 2376 daturus
1051 2300 1244 2375 consilium
1268 2303 1391 2376 autori
1417 2324 1528 2399 super
1554 2303 1691 2378 lamam
1716 2322 1822 2377 suam
1856 2300 1941 2374 illu-

767 2423 990 2497 minandum.
1004 2424 1149 2495 -Indt
1172 2426 1316 2515 rispose.
1343 2423 1409 2497 Hic
1433 2429 1542 2497 autor
1559 2422 1730 2518 exprimit
1747 2420 1937 2496 consilium

768 2542 1033 2639 Caeciaguidae,
1060 2543 1122 2636 qui
1148 2543 1288 2637 accepit
1313 2543 1513 2617 secundam
1544 2548 1685 2638 partem
1718 2562 1785 2637 pro
1816 2562 1875 2633 se3
1902 2545 1941 2613 et

769 2662 933 2738 breviter
950 2663 1029 2738 vult
1049 2661 1192 2737 dicere:
1216 2682 1298 2757 age,
1317 2663 1365 2736 tili
1388 2664 1449 2757 mi,
1467 2661 1560 2737 vade
1577 2670 1614 2737 et
1633 2661 1690 2735 dic
1710 2681 1842 2736 securo
1858 2680 1941 2733 ma-

765 2786 843 2859 lum
871 2784 917 2858 de
949 2783 1121 2857 omnibus
1155 2784 1219 2879 qui
1251 2789 1453 2877 merentur,
1485 2783 1571 2886 quia
1600 2781 1685 2856 licet
1713 2802 1736 2855 a
1764 2777 1945 2875 principio

765 2904 954 2999 displiceat
979 2910 1086 2977 tuum
1112 2904 1237 2979 dicere
1260 2904 1454 2998 aliquibus,
1481 2910 1605 2978 tamen
1625 2902 1661 2975 in
1683 2901 1755 2975 line
1773 2899 1939 2994 placebit.

766 3026 858 3099 Dicit
883 3046 974 3121 ergo
999 3030 1124 3099 autor:
1151 3033 1189 3100 et
1218 3025 1278 3099 ille
1307 3024 1559 3121 cacciaguida,
1589 3027 1723 3117 n'sposc
1750 3025 1839 3112 tadi,
1871 3040 1941 3115 pro

766 3144 908 3238 deinde,
935 3148 1116 3219 cosomza
1130 3148 1247 3239 fusco,
1265 3145 1366 3239 idest,
1383 3145 1572 3219 obfuscata
1596 3145 1656 3219 vel
1676 3144 1773 3235 laesa,
1799 3163 1822 3214 o
1847 3144 1945 3215 delta·

766 3285 949 3356 cerpopna
972 3268 1138 3359 propria,
1167 3265 1314 3359 scilicet,
1341 3284 1424 3359 quae
1441 3265 1583 3340 oriatur
1607 3286 1630 3338 a
1655 3264 1801 3359 propria
1817 3262 1939 3356 culpa,

765 3387 1021 3475 odell’oltrui,
1049 3385 1196 3479 scilicet,
1216 3404 1300 3479 quae
1325 3386 1469 3460 oriatur
1493 3406 1539 3459 ex
1565 3384 1683 3458 aliena
1709 3384 1830 3477 culpa,
1856 3400 1942 3476 quoe

766 3511 889 3579 tamen
911 3511 1037 3601 tangat
1054 3505 1169 3598 illum,
1187 3496 1361 3599 aliquot²i
1378 3505 1508 3601 gradu,
1527 3504 1584 3578 vel
1605 3501 1940 3599 consanguinitatis,

765 3625 823 3699 vol
840 3624 1036 3717 affinitatiS,
1058 3624 1115 3698 uel
1134 3624 1315 3717 amicitiae,
1333 3625 1390 3698 vel
1409 3624 1601 3718 societatis,
1619 3624 1679 3698 vel
1696 3622 1860 3715 civitatiS,
1882 3621 1942 3695 vel

765 3742 990 3839 partialitatis
1011 3749 1048 3818 et
1074 3744 1258 3838 similium,
1273 3764 1345 3836 pur
1364 3734 1496 3817 sentird
1512 3745 1549 3816 la
1566 3750 1628 3816 tuo
1642 3745 1778 3835 parole
1797 3741 1940 3829 mmm,

764 3854 852 3957 quia
877 3862 1024 3956 scillcet,
1050 3864 1227 3939 acerbum
1254 3869 1292 3938 et
1316 3864 1513 3938 molestum
1532 3864 1714 3938 videbitur
1732 3861 1793 3936 tali
1811 3860 1941 3935 audire

764 3989 868 4057 tuam
887 3984 1060 4058 acerbam
1083 3982 1425 4079 reprehensionem,
1445 3983 1509 4057 sed
1527 3985 1595 4057 troc
1613 4002 1684 4055 non
1702 3982 1870 4056 obstante
1887 3979 1942 4053 ei-

763 4104 876 4177 lunde
902 4102 1074 4197 quicquid
1100 4102 1216 4177 vidisti
1235 4103 1313 4177 sine
1329 4101 1617 4177 dissimulatione
1634 4103 1693 4176 vel
1714 4100 1940 4176 admixtione

763 4223 921 4298 alicuius
950 4222 1121 4297 salsitatis.
1149 4222 1252 4297 Unde
1276 4221 1381 4296 dicit:
1406 4243 1466 4295 mu
1490 4225 1691 4313 nondimm,
1717 4221 1821 4315 idest,
1843 4220 1938 4293 uilri·

765 4342 936 4436 lominus,
959 4346 1001 4437 so
1026 4344 1211 4436 nmmsestu
1236 4348 1322 4415 mtto
1347 4349 1407 4415 tau
1431 4344 1555 4431 vision,
1581 4342 1684 4436 idest,
1702 4339 1876 4435 quicquid
1899 4344 1938 4411 tu

765 4463 881 4538 vidisti
903 4462 940 4536 in
958 4462 1028 4537 isto
1044 4469 1151 4558 raptu
1170 4463 1312 4555 mentis,
1331 4463 1409 4537 sive
1424 4462 1808 4555 abstractione-quam
1827 4466 1939 4534 autor

763 4584 892 4659 habuit
916 4585 1007 4657 hora
1034 4583 1217 4675 matutini,
1248 4582 1342 4657 sicut
1366 4580 1504 4656 dictum
1536 4588 1591 4656 est
1620 4581 1740 4676 primo
1779 4578 1941 4674 capitulo

765 4702 909 4797 lnlerni,
939 4708 988 4777 et¹
1010 4702 1048 4777 in
1079 4702 1157 4777 aliis
1188 4702 1312 4774 multis
1344 4701 1431 4775 locis
1460 4720 1527 4795 per
1555 4707 1674 4776 totum
1705 4700 1855 4793 librum,
1889 4701 1942 4770 n·-

828 4962 856 5025 (¹)
871 4962 903 5011 E.
920 4963 1017 5014 ueteris
1031 4964 1099 5013 eris.
