<?xml version="1.0" encoding="UTF-8"?>
<!DOCTYPE html PUBLIC "-//W3C//DTD XHTML 1.0 Transitional//EN"
    "http://www.w3.org/TR/xhtml1/DTD/xhtml1-transitional.dtd">
<html xmlns="http://www.w3.org/1999/xhtml" xml:lang="en" lang="en">
 <head>
  <title>
</title>
<meta http-equiv="Content-Type" content="text/html;charset=utf-8" />
  <meta name='ocr-system' content='tesseract 3.04.00' />
  <meta name='ocr-capabilities' content='ocr_page ocr_carea ocr_par ocr_line ocrx_word'/>
</head>
<body>
  <div class='ocr_page' id='page_1' title='image "./comentumsuperda02benvgoog_0439.png"; bbox 0 0 4842 6642; ppageno 0'>
   <div class='ocr_carea' id='block_1_1' title="bbox 468 1264 1645 1557">
    <p class='ocr_par' dir='ltr' id='par_1_1' title="bbox 468 1264 1645 1557">
     <span class='ocr_line' id='line_1_1' title="bbox 468 1264 1644 1353; baseline 0.003 -20"><span class='ocrx_word' id='word_1_1' title='bbox 468 1264 635 1333; x_wconf 69' lang='lat' dir='ltr'><strong>cnutus</strong></span> <span class='ocrx_word' id='word_1_2' title='bbox 659 1265 889 1335; x_wconf 76' lang='lat' dir='ltr'>VIGESIMUS</span> <span class='ocrx_word' id='word_1_3' title='bbox 911 1266 1064 1349; x_wconf 81' lang='lat' dir='ltr'>NONUS,</span> <span class='ocrx_word' id='word_1_4' title='bbox 1095 1268 1131 1333; x_wconf 82' lang='lat' dir='ltr'><strong>in</strong></span> <span class='ocrx_word' id='word_1_5' title='bbox 1160 1288 1220 1351; x_wconf 80' lang='lat' dir='ltr'><strong>quo</strong></span> <span class='ocrx_word' id='word_1_6' title='bbox 1251 1268 1290 1334; x_wconf 78' lang='lat' dir='ltr'><strong>de</strong></span> <span class='ocrx_word' id='word_1_7' title='bbox 1315 1274 1436 1334; x_wconf 77' lang='lat' dir='ltr'><strong>notura</strong></span> <span class='ocrx_word' id='word_1_8' title='bbox 1460 1270 1644 1353; x_wconf 79' lang='lat' dir='ltr'><strong>anpelorum</strong></span> 
     </span>
     <span class='ocr_line' id='line_1_2' title="bbox 549 1378 1645 1465; baseline 0.003 -21"><span class='ocrx_word' id='word_1_9' title='bbox 549 1384 714 1457; x_wconf 84' lang='lat' dir='ltr'><strong>tractatur,</strong></span> <span class='ocrx_word' id='word_1_10' title='bbox 736 1378 792 1445; x_wconf 74' lang='lat' dir='ltr'><strong>cti</strong></span> <span class='ocrx_word' id='word_1_11' title='bbox 806 1379 941 1462; x_wconf 74' lang='lat' dir='ltr'><strong>portitor</strong></span> <span class='ocrx_word' id='word_1_12' title='bbox 955 1398 1048 1445; x_wconf 79' lang='lat' dir='ltr'><strong>ossus</strong></span> <span class='ocrx_word' id='word_1_13' title='bbox 1064 1378 1228 1459; x_wconf 71' lang='lat' dir='ltr'><strong>mdorarn,</strong></span> <span class='ocrx_word' id='word_1_14' title='bbox 1252 1385 1282 1446; x_wconf 82' lang='lat' dir='ltr'><strong>et</strong></span> <span class='ocrx_word' id='word_1_15' title='bbox 1302 1386 1478 1465; x_wconf 77' lang='lat' dir='ltr'><strong>tonpuntur</strong></span> <span class='ocrx_word' id='word_1_16' title='bbox 1500 1382 1645 1464; x_wconf 64' lang='lat' dir='ltr'><strong>quaedam</strong></span> 
     </span>
     <span class='ocr_line' id='line_1_3' title="bbox 503 1490 657 1557; baseline 0.026 -4"><span class='ocrx_word' id='word_1_17' title='bbox 503 1546 506 1553; x_wconf 91' lang='lat'>.</span> <span class='ocrx_word' id='word_1_18' title='bbox 549 1490 657 1557; x_wconf 72' lang='lat' dir='ltr'><strong>amia.</strong></span> 
     </span>
    </p>
   </div>
   <div class='ocr_carea' id='block_1_2' title="bbox 471 1753 1645 2669">
    <p class='ocr_par' dir='ltr' id='par_1_2' title="bbox 471 1753 1645 2669">
     <span class='ocr_line' id='line_1_4' title="bbox 553 1753 1644 1965; baseline 0.005 -45"><span class='ocrx_word' id='word_1_19' title='bbox 553 1753 766 1965; x_wconf 70' lang='lat' dir='ltr'><strong>Quirino</strong></span> <span class='ocrx_word' id='word_1_20' title='bbox 795 1850 950 1923; x_wconf 80' lang='lat' dir='ltr'><strong>omtrliul</strong></span> <span class='ocrx_word' id='word_1_21' title='bbox 983 1852 1008 1921; x_wconf 84' lang='lat' dir='ltr'><strong>t·</strong></span> <span class='ocrx_word' id='word_1_22' title='bbox 1035 1850 1112 1941; x_wconf 72' lang='lat' dir='ltr'><strong>fiola·</strong></span> <span class='ocrx_word' id='word_1_23' title='bbox 1142 1850 1180 1922; x_wconf 84' lang='lat' dir='ltr'><strong>di</strong></span> <span class='ocrx_word' id='word_1_24' title='bbox 1204 1852 1350 1922; x_wconf 74' lang='lat' dir='ltr'><strong>Lemno</strong></span> <span class='ocrx_word' id='word_1_25' title='bbox 1377 1850 1577 1945; x_wconf 86' lang='lat' dir='ltr'><strong>Postquam</strong></span> <span class='ocrx_word' id='word_1_26' title='bbox 1607 1850 1644 1925; x_wconf 92' lang='lat' dir='ltr'><strong>in</strong></span> 
     </span>
     <span class='ocr_line' id='line_1_5' title="bbox 471 1969 1645 2067; baseline -0.003 -22"><span class='ocrx_word' id='word_1_27' title='bbox 471 1971 653 2067; x_wconf 82' lang='lat' dir='ltr'>superiori</span> <span class='ocrx_word' id='word_1_28' title='bbox 679 1970 838 2066; x_wconf 89' lang='lat' dir='ltr'><strong>capitulo</strong></span> <span class='ocrx_word' id='word_1_29' title='bbox 858 1976 969 2045; x_wconf 89' lang='lat' dir='ltr'><strong>autor</strong></span> <span class='ocrx_word' id='word_1_30' title='bbox 994 1974 1119 2044; x_wconf 86' lang='lat' dir='ltr'><strong>noster</strong></span> <span class='ocrx_word' id='word_1_31' title='bbox 1144 1970 1314 2045; x_wconf 90' lang='lat' dir='ltr'><strong>tractavit</strong></span> <span class='ocrx_word' id='word_1_32' title='bbox 1335 1977 1371 2044; x_wconf 90' lang='lat' dir='ltr'><strong>et</strong></span> <span class='ocrx_word' id='word_1_33' title='bbox 1389 1969 1645 2046; x_wconf 76' lang='lat' dir='ltr'><strong>determinavit</strong></span> 
     </span>
     <span class='ocr_line' id='line_1_6' title="bbox 471 2088 1645 2187; baseline -0.001 -21"><span class='ocrx_word' id='word_1_34' title='bbox 471 2091 519 2168; x_wconf 90' lang='lat' dir='ltr'><strong>de</strong></span> <span class='ocrx_word' id='word_1_35' title='bbox 543 2091 773 2167; x_wconf 89' lang='lat' dir='ltr'><strong>distinctione</strong></span> <span class='ocrx_word' id='word_1_36' title='bbox 797 2110 931 2165; x_wconf 83' lang='lat' dir='ltr'><strong>novem</strong></span> <span class='ocrx_word' id='word_1_37' title='bbox 958 2088 1128 2164; x_wconf 81' lang='lat' dir='ltr'>ordinum</span> <span class='ocrx_word' id='word_1_38' title='bbox 1159 2091 1400 2187; x_wconf 76' lang='lat' dir='ltr'><strong>angelorum,</strong></span> <span class='ocrx_word' id='word_1_39' title='bbox 1434 2111 1532 2164; x_wconf 91' lang='lat' dir='ltr'><strong>nunc</strong></span> <span class='ocrx_word' id='word_1_40' title='bbox 1556 2110 1645 2165; x_wconf 89' lang='lat' dir='ltr'><strong>oon-</strong></span> 
     </span>
     <span class='ocr_line' id='line_1_7' title="bbox 471 2208 1644 2306; baseline -0.003 -20"><span class='ocrx_word' id='word_1_41' title='bbox 471 2216 670 2305; x_wconf 85' lang='lat' dir='ltr'><strong>sequenter</strong></span> <span class='ocrx_word' id='word_1_42' title='bbox 695 2211 731 2284; x_wconf 92' lang='lat' dir='ltr'><strong>in</strong></span> <span class='ocrx_word' id='word_1_43' title='bbox 766 2210 835 2285; x_wconf 89' lang='lat' dir='ltr'><strong>isto</strong></span> <span class='ocrx_word' id='word_1_44' title='bbox 861 2208 1020 2282; x_wconf 88' lang='lat' dir='ltr'><strong>llllllllll</strong></span> <span class='ocrx_word' id='word_1_45' title='bbox 1045 2208 1204 2303; x_wconf 87' lang='lat' dir='ltr'><strong>capitulo</strong></span> <span class='ocrx_word' id='word_1_46' title='bbox 1238 2210 1314 2306; x_wconf 84' lang='lat' dir='ltr'><strong>agit</strong></span> <span class='ocrx_word' id='word_1_47' title='bbox 1344 2216 1382 2284; x_wconf 91' lang='lat' dir='ltr'><strong>et</strong></span> <span class='ocrx_word' id='word_1_48' title='bbox 1412 2216 1545 2285; x_wconf 85' lang='lat' dir='ltr'><strong>tractat</strong></span> <span class='ocrx_word' id='word_1_49' title='bbox 1570 2209 1644 2303; x_wconf 90' lang='lat' dir='ltr'><strong>ubi,</strong></span> 
     </span>
     <span class='ocr_line' id='line_1_8' title="bbox 472 2330 1645 2426; baseline 0 -21"><span class='ocrx_word' id='word_1_50' title='bbox 472 2330 631 2425; x_wconf 90' lang='lat' dir='ltr'><strong>quando,</strong></span> <span class='ocrx_word' id='word_1_51' title='bbox 658 2336 695 2405; x_wconf 88' lang='lat' dir='ltr'><strong>et</strong></span> <span class='ocrx_word' id='word_1_52' title='bbox 721 2330 878 2425; x_wconf 89' lang='lat' dir='ltr'><strong>qualiter</strong></span> <span class='ocrx_word' id='word_1_53' title='bbox 913 2337 1045 2405; x_wconf 87' lang='lat' dir='ltr'><strong>natura</strong></span> <span class='ocrx_word' id='word_1_54' title='bbox 1080 2330 1245 2426; x_wconf 80' lang='lat' dir='ltr'><strong>angelica</strong></span> <span class='ocrx_word' id='word_1_55' title='bbox 1277 2337 1402 2405; x_wconf 90' lang='lat' dir='ltr'><strong>creata</strong></span> <span class='ocrx_word' id='word_1_56' title='bbox 1428 2331 1506 2424; x_wconf 92' lang='lat' dir='ltr'><strong>luit,</strong></span> <span class='ocrx_word' id='word_1_57' title='bbox 1532 2336 1570 2405; x_wconf 91' lang='lat' dir='ltr'><strong>et</strong></span> <span class='ocrx_word' id='word_1_58' title='bbox 1598 2331 1645 2405; x_wconf 89' lang='lat' dir='ltr'><strong>de</strong></span> 
     </span>
     <span class='ocr_line' id='line_1_9' title="bbox 475 2451 1641 2547; baseline -0.001 -22"><span class='ocrx_word' id='word_1_59' title='bbox 475 2458 608 2528; x_wconf 88' lang='lat' dir='ltr'><strong>natura</strong></span> <span class='ocrx_word' id='word_1_60' title='bbox 642 2458 680 2527; x_wconf 86' lang='lat' dir='ltr'><strong>et</strong></span> <span class='ocrx_word' id='word_1_61' title='bbox 715 2470 872 2526; x_wconf 90' lang='lat' dir='ltr'><strong>numero</strong></span> <span class='ocrx_word' id='word_1_62' title='bbox 904 2451 1134 2547; x_wconf 78' lang='lat' dir='ltr'><strong>angelorum.</strong></span> <span class='ocrx_word' id='word_1_63' title='bbox 1168 2452 1213 2523; x_wconf 83' lang='lat' dir='ltr'><strong>Et</strong></span> <span class='ocrx_word' id='word_1_64' title='bbox 1246 2472 1408 2545; x_wconf 73' lang='lat' dir='ltr'><strong>praesens</strong></span> <span class='ocrx_word' id='word_1_65' title='bbox 1442 2452 1641 2547; x_wconf 91' lang='lat' dir='ltr'><strong>capitulum</strong></span> 
     </span>
     <span class='ocr_line' id='line_1_10' title="bbox 473 2568 1643 2669; baseline -0.002 -22"><span class='ocrx_word' id='word_1_66' title='bbox 473 2580 591 2669; x_wconf 89' lang='lat' dir='ltr'><strong>potest</strong></span> <span class='ocrx_word' id='word_1_67' title='bbox 621 2573 784 2649; x_wconf 86' lang='lat' dir='ltr'><strong>breviter</strong></span> <span class='ocrx_word' id='word_1_68' title='bbox 816 2571 925 2647; x_wconf 86' lang='lat' dir='ltr'><strong>dividi</strong></span> <span class='ocrx_word' id='word_1_69' title='bbox 956 2571 993 2645; x_wconf 92' lang='lat' dir='ltr'><strong>in</strong></span> <span class='ocrx_word' id='word_1_70' title='bbox 1024 2568 1186 2667; x_wconf 70' lang='lat' dir='ltr'><strong>quatuor</strong></span> <span class='ocrx_word' id='word_1_71' title='bbox 1201 2658 1202 2661; x_wconf 8' lang='lat' dir='ltr'><strong>p</strong></span> <span class='ocrx_word' id='word_1_72' title='bbox 1217 2578 1340 2666; x_wconf 90' lang='lat' dir='ltr'><strong>partes</strong></span> <span class='ocrx_word' id='word_1_73' title='bbox 1364 2572 1575 2669; x_wconf 80' lang='lat' dir='ltr'><strong>generales3</strong></span> <span class='ocrx_word' id='word_1_74' title='bbox 1606 2572 1643 2645; x_wconf 93' lang='lat' dir='ltr'><strong>in</strong></span> 
     </span>
    </p>
   </div>
   <div class='ocr_carea' id='block_1_3' title="bbox 472 2692 1645 4836">
    <p class='ocr_par' dir='ltr' id='par_1_3' title="bbox 472 2692 1645 4836">
     <span class='ocr_line' id='line_1_11' title="bbox 474 2692 1644 2790; baseline -0.002 -22"><span class='ocrx_word' id='word_1_75' title='bbox 474 2715 634 2789; x_wconf 85' lang='lat' dir='ltr'><strong>quarum</strong></span> <span class='ocrx_word' id='word_1_76' title='bbox 667 2694 785 2790; x_wconf 93' lang='lat' dir='ltr'><strong>prima</strong></span> <span class='ocrx_word' id='word_1_77' title='bbox 817 2700 927 2769; x_wconf 90' lang='lat' dir='ltr'><strong>autor</strong></span> <span class='ocrx_word' id='word_1_78' title='bbox 958 2700 1158 2790; x_wconf 82' lang='lat' dir='ltr'><strong>pertractat</strong></span> <span class='ocrx_word' id='word_1_79' title='bbox 1191 2700 1266 2768; x_wconf 83' lang='lat' dir='ltr'><strong>tres</strong></span> <span class='ocrx_word' id='word_1_80' title='bbox 1297 2694 1518 2788; x_wconf 73' lang='lat' dir='ltr'><strong>questiones</strong></span> <span class='ocrx_word' id='word_1_81' title='bbox 1546 2692 1644 2768; x_wconf 89' lang='lat' dir='ltr'><strong>circa</strong></span> 
     </span>
     <span class='ocr_line' id='line_1_12' title="bbox 474 2806 1643 2910; baseline 0.001 -24"><span class='ocrx_word' id='word_1_82' title='bbox 474 2813 667 2889; x_wconf 81' lang='lat' dir='ltr'><strong>materiam</strong></span> <span class='ocrx_word' id='word_1_83' title='bbox 689 2813 919 2910; x_wconf 84' lang='lat' dir='ltr'><strong>angelorum.</strong></span> <span class='ocrx_word' id='word_1_84' title='bbox 937 2812 978 2887; x_wconf 95' lang='lat' dir='ltr'><strong>ln</strong></span> <span class='ocrx_word' id='word_1_85' title='bbox 994 2813 1156 2889; x_wconf 68' lang='lat' dir='ltr'><strong>saeuum</strong></span> <span class='ocrx_word' id='word_1_86' title='bbox 1173 2811 1345 2888; x_wconf 75' lang='lat' dir='ltr'><strong>describit</strong></span> <span class='ocrx_word' id='word_1_87' title='bbox 1360 2834 1489 2888; x_wconf 89' lang='lat' dir='ltr'><strong>casum</strong></span> <span class='ocrx_word' id='word_1_88' title='bbox 1502 2806 1542 2907; x_wconf 84' lang='lat'><strong>(¹)</strong></span> <span class='ocrx_word' id='word_1_89' title='bbox 1562 2832 1643 2887; x_wconf 90' lang='lat' dir='ltr'><strong>ma·</strong></span> 
     </span>
     <span class='ocr_line' id='line_1_13' title="bbox 473 2934 1645 3032; baseline -0.002 -23"><span class='ocrx_word' id='word_1_90' title='bbox 473 2936 596 3011; x_wconf 93' lang='lat' dir='ltr'><strong>lorum</strong></span> <span class='ocrx_word' id='word_1_91' title='bbox 623 2942 660 3010; x_wconf 89' lang='lat' dir='ltr'><strong>et</strong></span> <span class='ocrx_word' id='word_1_92' title='bbox 686 2936 800 3032; x_wconf 85' lang='lat' dir='ltr'><strong>tangit</strong></span> <span class='ocrx_word' id='word_1_93' title='bbox 824 2934 941 3030; x_wconf 48' lang='lat' dir='ltr'><strong>dubia,</strong></span> <span class='ocrx_word' id='word_1_94' title='bbox 961 2936 1007 3011; x_wconf 89' lang='lat' dir='ltr'><strong>de</strong></span> <span class='ocrx_word' id='word_1_95' title='bbox 1033 2935 1230 3029; x_wconf 90' lang='lat' dir='ltr'><strong>intellectu,</strong></span> <span class='ocrx_word' id='word_1_96' title='bbox 1250 2934 1429 3011; x_wconf 87' lang='lat' dir='ltr'><strong>memoria</strong></span> <span class='ocrx_word' id='word_1_97' title='bbox 1450 2941 1488 3009; x_wconf 86' lang='lat' dir='ltr'><strong>et</strong></span> <span class='ocrx_word' id='word_1_98' title='bbox 1514 2934 1645 3009; x_wconf 89' lang='lat' dir='ltr'><strong>volun-</strong></span> 
     </span>
     <span class='ocr_line' id='line_1_14' title="bbox 472 3053 1642 3152; baseline -0.003 -21"><span class='ocrx_word' id='word_1_99' title='bbox 472 3062 548 3132; x_wconf 88' lang='lat' dir='ltr'><strong>tate</strong></span> <span class='ocrx_word' id='word_1_100' title='bbox 573 3056 803 3152; x_wconf 80' lang='lat' dir='ltr'><strong>angelorum,</strong></span> <span class='ocrx_word' id='word_1_101' title='bbox 830 3056 899 3130; x_wconf 90' lang='lat' dir='ltr'><strong>ibi:</strong></span> <span class='ocrx_word' id='word_1_102' title='bbox 926 3053 980 3131; x_wconf 71' lang='lat' dir='ltr'><strong>Ne*</strong></span> <span class='ocrx_word' id='word_1_103' title='bbox 1001 3059 1221 3148; x_wconf 65' lang='lat' dir='ltr'><strong>mammeti.</strong></span> <span class='ocrx_word' id='word_1_104' title='bbox 1238 3057 1278 3129; x_wconf 91' lang='lat' dir='ltr'><strong>ln</strong></span> <span class='ocrx_word' id='word_1_105' title='bbox 1297 3056 1404 3131; x_wconf 88' lang='lat' dir='ltr'><strong>tertia</strong></span> <span class='ocrx_word' id='word_1_106' title='bbox 1422 3055 1548 3152; x_wconf 79' lang='lat' dir='ltr'><strong>arguit</strong></span> <span class='ocrx_word' id='word_1_107' title='bbox 1562 3054 1642 3128; x_wconf 92' lang='lat' dir='ltr'><strong>illos</strong></span> 
     </span>
     <span class='ocr_line' id='line_1_15' title="bbox 473 3176 1643 3272; baseline 0 -21"><span class='ocrx_word' id='word_1_108' title='bbox 473 3177 536 3271; x_wconf 85' lang='lat' dir='ltr'><strong>qui</strong></span> <span class='ocrx_word' id='word_1_109' title='bbox 562 3183 794 3272; x_wconf 88' lang='lat' dir='ltr'><strong>postponunt,</strong></span> <span class='ocrx_word' id='word_1_110' title='bbox 814 3177 871 3252; x_wconf 86' lang='lat' dir='ltr'><strong>vel</strong></span> <span class='ocrx_word' id='word_1_111' title='bbox 892 3181 1109 3271; x_wconf 87' lang='lat' dir='ltr'><strong>pervertunt</strong></span> <span class='ocrx_word' id='word_1_112' title='bbox 1134 3176 1366 3272; x_wconf 86' lang='lat' dir='ltr'><strong>scripturam,</strong></span> <span class='ocrx_word' id='word_1_113' title='bbox 1387 3176 1456 3249; x_wconf 88' lang='lat' dir='ltr'><strong>ibi:</strong></span> <span class='ocrx_word' id='word_1_114' title='bbox 1486 3179 1547 3249; x_wconf 80' lang='lat' dir='ltr'><strong>Vol</strong></span> <span class='ocrx_word' id='word_1_115' title='bbox 1570 3196 1643 3251; x_wconf 82' lang='lat' dir='ltr'><strong>oon</strong></span> 
     </span>
     <span class='ocr_line' id='line_1_16' title="bbox 472 3295 1641 3391; baseline -0.002 -19"><span class='ocrx_word' id='word_1_116' title='bbox 472 3300 610 3372; x_wconf 77' lang='lat' dir='ltr'><strong>audate</strong></span> <span class='ocrx_word' id='word_1_117' title='bbox 646 3297 685 3370; x_wconf 92' lang='lat' dir='ltr'><strong>ln</strong></span> <span class='ocrx_word' id='word_1_118' title='bbox 716 3303 847 3391; x_wconf 85' lang='lat' dir='ltr'><strong>quarta</strong></span> <span class='ocrx_word' id='word_1_119' title='bbox 873 3302 910 3373; x_wconf 91' lang='lat' dir='ltr'><strong>et</strong></span> <span class='ocrx_word' id='word_1_120' title='bbox 937 3296 1066 3371; x_wconf 89' lang='lat' dir='ltr'><strong>ultima</strong></span> <span class='ocrx_word' id='word_1_121' title='bbox 1096 3296 1295 3371; x_wconf 89' lang='lat' dir='ltr'><strong>revertitur</strong></span> <span class='ocrx_word' id='word_1_122' title='bbox 1327 3296 1373 3370; x_wconf 92' lang='lat' dir='ltr'><strong>ad</strong></span> <span class='ocrx_word' id='word_1_123' title='bbox 1405 3295 1641 3391; x_wconf 78' lang='lat' dir='ltr'><strong>principalem</strong></span> 
     </span>
     <span class='ocr_line' id='line_1_17' title="bbox 473 3416 1639 3514; baseline -0.001 -23"><span class='ocrx_word' id='word_1_124' title='bbox 473 3418 666 3493; x_wconf 89' lang='lat' dir='ltr'><strong>materiam</strong></span> <span class='ocrx_word' id='word_1_125' title='bbox 692 3417 923 3514; x_wconf 81' lang='lat' dir='ltr'><strong>angelorum,</strong></span> <span class='ocrx_word' id='word_1_126' title='bbox 950 3424 987 3491; x_wconf 89' lang='lat' dir='ltr'><strong>et</strong></span> <span class='ocrx_word' id='word_1_127' title='bbox 1012 3416 1129 3513; x_wconf 87' lang='lat' dir='ltr'><strong>tangit</strong></span> <span class='ocrx_word' id='word_1_128' title='bbox 1152 3416 1199 3489; x_wconf 93' lang='lat' dir='ltr'><strong>de</strong></span> <span class='ocrx_word' id='word_1_129' title='bbox 1226 3436 1383 3491; x_wconf 90' lang='lat' dir='ltr'><strong>numero</strong></span> <span class='ocrx_word' id='word_1_130' title='bbox 1408 3436 1552 3512; x_wconf 89' lang='lat' dir='ltr'><strong>eorum,</strong></span> <span class='ocrx_word' id='word_1_131' title='bbox 1570 3417 1639 3492; x_wconf 88' lang='lat' dir='ltr'><strong>ibi:</strong></span> 
     </span>
     <span class='ocr_line' id='line_1_18' title="bbox 472 3536 1643 3634; baseline 0 -21"><span class='ocrx_word' id='word_1_132' title='bbox 472 3544 535 3613; x_wconf 81' lang='lat' dir='ltr'><strong>llo</strong></span> <span class='ocrx_word' id='word_1_133' title='bbox 556 3538 683 3631; x_wconf 71' lang='lat' dir='ltr'><strong>percit</strong></span> <span class='ocrx_word' id='word_1_134' title='bbox 705 3560 787 3612; x_wconf 87' lang='lat' dir='ltr'><strong>sem.</strong></span> <span class='ocrx_word' id='word_1_135' title='bbox 816 3537 1056 3634; x_wconf 75' lang='lat' dir='ltr'><strong>ltprimum</strong></span> <span class='ocrx_word' id='word_1_136' title='bbox 1094 3556 1185 3633; x_wconf 85' lang='lat' dir='ltr'><strong>ergo</strong></span> <span class='ocrx_word' id='word_1_137' title='bbox 1216 3536 1298 3611; x_wconf 89' lang='lat' dir='ltr'><strong>dico</strong></span> <span class='ocrx_word' id='word_1_138' title='bbox 1330 3536 1427 3631; x_wconf 90' lang='lat' dir='ltr'><strong>quod</strong></span> <span class='ocrx_word' id='word_1_139' title='bbox 1461 3537 1498 3610; x_wconf 92' lang='lat' dir='ltr'><strong>in</strong></span> <span class='ocrx_word' id='word_1_140' title='bbox 1524 3538 1643 3633; x_wconf 88' lang='lat' dir='ltr'><strong>prima</strong></span> 
     </span>
     <span class='ocr_line' id='line_1_19' title="bbox 473 3656 1643 3755; baseline 0 -23"><span class='ocrx_word' id='word_1_141' title='bbox 473 3664 577 3754; x_wconf 89' lang='lat' dir='ltr'><strong>parte</strong></span> <span class='ocrx_word' id='word_1_142' title='bbox 593 3657 756 3755; x_wconf 85' lang='lat' dir='ltr'><strong>generali</strong></span> <span class='ocrx_word' id='word_1_143' title='bbox 773 3664 883 3733; x_wconf 91' lang='lat' dir='ltr'><strong>autor</strong></span> <span class='ocrx_word' id='word_1_144' title='bbox 901 3662 1099 3753; x_wconf 84' lang='lat' dir='ltr'><strong>pertractat</strong></span> <span class='ocrx_word' id='word_1_145' title='bbox 1117 3663 1191 3730; x_wconf 83' lang='lat' dir='ltr'><strong>tres</strong></span> <span class='ocrx_word' id='word_1_146' title='bbox 1208 3656 1429 3751; x_wconf 76' lang='lat' dir='ltr'><strong>questiones</strong></span> <span class='ocrx_word' id='word_1_147' title='bbox 1446 3657 1544 3731; x_wconf 87' lang='lat' dir='ltr'><strong>circa</strong></span> <span class='ocrx_word' id='word_1_148' title='bbox 1563 3678 1643 3732; x_wconf 88' lang='lat' dir='ltr'><strong>ma·</strong></span> 
     </span>
     <span class='ocr_line' id='line_1_20' title="bbox 474 3775 1642 3873; baseline -0.003 -20"><span class='ocrx_word' id='word_1_149' title='bbox 474 3777 605 3853; x_wconf 92' lang='lat' dir='ltr'><strong>teriam</strong></span> <span class='ocrx_word' id='word_1_150' title='bbox 631 3778 872 3873; x_wconf 80' lang='lat' dir='ltr'><strong>angelorum3</strong></span> <span class='ocrx_word' id='word_1_151' title='bbox 898 3784 935 3851; x_wconf 87' lang='lat' dir='ltr'><strong>et</strong></span> <span class='ocrx_word' id='word_1_152' title='bbox 960 3776 1079 3873; x_wconf 90' lang='lat' dir='ltr'><strong>primo</strong></span> <span class='ocrx_word' id='word_1_153' title='bbox 1109 3776 1326 3851; x_wconf 84' lang='lat' dir='ltr'><strong>continuans</strong></span> <span class='ocrx_word' id='word_1_154' title='bbox 1357 3775 1452 3850; x_wconf 90' lang='lat' dir='ltr'><strong>dicta</strong></span> <span class='ocrx_word' id='word_1_155' title='bbox 1484 3775 1642 3851; x_wconf 86' lang='lat' dir='ltr'><strong>dicendis</strong></span> 
     </span>
     <span class='ocr_line' id='line_1_21' title="bbox 473 3895 1643 3994; baseline 0 -23"><span class='ocrx_word' id='word_1_156' title='bbox 473 3897 629 3971; x_wconf 87' lang='lat' dir='ltr'><strong>ostendit</strong></span> <span class='ocrx_word' id='word_1_157' title='bbox 653 3898 929 3992; x_wconf 88' lang='lat' dir='ltr'><strong>apparationem</strong></span> <span class='ocrx_word' id='word_1_158' title='bbox 950 3895 1125 3972; x_wconf 89' lang='lat' dir='ltr'><strong>Beatricis</strong></span> <span class='ocrx_word' id='word_1_159' title='bbox 1143 3895 1190 3971; x_wconf 92' lang='lat' dir='ltr'><strong>ad</strong></span> <span class='ocrx_word' id='word_1_160' title='bbox 1209 3896 1281 3971; x_wconf 91' lang='lat' dir='ltr'><strong>alia</strong></span> <span class='ocrx_word' id='word_1_161' title='bbox 1300 3896 1464 3989; x_wconf 89' lang='lat' dir='ltr'><strong>dicenda,</strong></span> <span class='ocrx_word' id='word_1_162' title='bbox 1483 3903 1521 3971; x_wconf 89' lang='lat' dir='ltr'><strong>et</strong></span> <span class='ocrx_word' id='word_1_163' title='bbox 1540 3898 1643 3994; x_wconf 84' lang='lat' dir='ltr'><strong>lingit</strong></span> 
     </span>
     <span class='ocr_line' id='line_1_22' title="bbox 474 4014 1643 4112; baseline 0.001 -21"><span class='ocrx_word' id='word_1_164' title='bbox 474 4016 573 4112; x_wconf 90' lang='lat' dir='ltr'><strong>quod</strong></span> <span class='ocrx_word' id='word_1_165' title='bbox 598 4036 776 4093; x_wconf 88' lang='lat' dir='ltr'><strong>conversa</strong></span> <span class='ocrx_word' id='word_1_166' title='bbox 801 4017 838 4089; x_wconf 91' lang='lat' dir='ltr'><strong>in</strong></span> <span class='ocrx_word' id='word_1_167' title='bbox 866 4016 983 4091; x_wconf 86' lang='lat' dir='ltr'><strong>Deum</strong></span> <span class='ocrx_word' id='word_1_168' title='bbox 1011 4015 1170 4111; x_wconf 83' lang='lat' dir='ltr'><strong>respexit</strong></span> <span class='ocrx_word' id='word_1_169' title='bbox 1196 4014 1382 4089; x_wconf 90' lang='lat' dir='ltr'><strong>modicum</strong></span> <span class='ocrx_word' id='word_1_170' title='bbox 1401 4016 1526 4109; x_wconf 90' lang='lat' dir='ltr'><strong>tacite;</strong></span> <span class='ocrx_word' id='word_1_171' title='bbox 1544 4017 1643 4111; x_wconf 89' lang='lat' dir='ltr'><strong>quod</strong></span> 
     </span>
     <span class='ocr_line' id='line_1_23' title="bbox 475 4136 1642 4237; baseline -0.002 -24"><span class='ocrx_word' id='word_1_172' title='bbox 475 4148 705 4213; x_wconf 90' lang='lat' dir='ltr'><strong>momentum</strong></span> <span class='ocrx_word' id='word_1_173' title='bbox 734 4137 909 4233; x_wconf 91' lang='lat' dir='ltr'><strong>temporis</strong></span> <span class='ocrx_word' id='word_1_174' title='bbox 927 4136 1094 4234; x_wconf 79' lang='lat' dir='ltr'><strong>designat</strong></span> <span class='ocrx_word' id='word_1_175' title='bbox 1115 4157 1181 4231; x_wconf 91' lang='lat' dir='ltr'><strong>per</strong></span> <span class='ocrx_word' id='word_1_176' title='bbox 1197 4158 1312 4211; x_wconf 90' lang='lat' dir='ltr'><strong>unam</strong></span> <span class='ocrx_word' id='word_1_177' title='bbox 1329 4137 1642 4237; x_wconf 87' lang='lat' dir='ltr'><strong>comparationem</strong></span> 
     </span>
     <span class='ocr_line' id='line_1_24' title="bbox 474 4257 1643 4352; baseline 0 -20"><span class='ocrx_word' id='word_1_178' title='bbox 474 4259 652 4334; x_wconf 90' lang='lat' dir='ltr'><strong>nobilem:</strong></span> <span class='ocrx_word' id='word_1_179' title='bbox 680 4264 717 4334; x_wconf 90' lang='lat' dir='ltr'><strong>ct</strong></span> <span class='ocrx_word' id='word_1_180' title='bbox 742 4258 904 4334; x_wconf 87' lang='lat' dir='ltr'><strong>breviter</strong></span> <span class='ocrx_word' id='word_1_181' title='bbox 929 4265 967 4333; x_wconf 89' lang='lat' dir='ltr'><strong>et</strong></span> <span class='ocrx_word' id='word_1_182' title='bbox 997 4257 1260 4333; x_wconf 77' lang='lat' dir='ltr'><strong>sententialiter</strong></span> <span class='ocrx_word' id='word_1_183' title='bbox 1288 4257 1369 4332; x_wconf 86' lang='lat' dir='ltr'><strong>vult</strong></span> <span class='ocrx_word' id='word_1_184' title='bbox 1396 4258 1519 4333; x_wconf 91' lang='lat' dir='ltr'><strong>dicere</strong></span> <span class='ocrx_word' id='word_1_185' title='bbox 1544 4258 1643 4352; x_wconf 88' lang='lat' dir='ltr'><strong>quod</strong></span> 
     </span>
     <span class='ocr_line' id='line_1_25' title="bbox 472 4376 1643 4473; baseline -0.001 -20"><span class='ocrx_word' id='word_1_186' title='bbox 472 4378 567 4455; x_wconf 89' lang='lat' dir='ltr'><strong>sicut</strong></span> <span class='ocrx_word' id='word_1_187' title='bbox 591 4380 644 4453; x_wconf 94' lang='lat' dir='ltr'><strong>sol</strong></span> <span class='ocrx_word' id='word_1_188' title='bbox 671 4386 708 4455; x_wconf 86' lang='lat' dir='ltr'><strong>et</strong></span> <span class='ocrx_word' id='word_1_189' title='bbox 732 4379 820 4455; x_wconf 90' lang='lat' dir='ltr'><strong>luna</strong></span> <span class='ocrx_word' id='word_1_190' title='bbox 845 4377 993 4472; x_wconf 87' lang='lat' dir='ltr'><strong>quando</strong></span> <span class='ocrx_word' id='word_1_191' title='bbox 1016 4378 1105 4452; x_wconf 87' lang='lat' dir='ltr'><strong>&#39;sunt</strong></span> <span class='ocrx_word' id='word_1_192' title='bbox 1130 4378 1167 4451; x_wconf 94' lang='lat' dir='ltr'><strong>in</strong></span> <span class='ocrx_word' id='word_1_193' title='bbox 1192 4376 1304 4473; x_wconf 83' lang='lat' dir='ltr'><strong>signis</strong></span> <span class='ocrx_word' id='word_1_194' title='bbox 1329 4378 1499 4473; x_wconf 90' lang='lat' dir='ltr'><strong>oppositis</strong></span> <span class='ocrx_word' id='word_1_195' title='bbox 1522 4379 1559 4452; x_wconf 93' lang='lat' dir='ltr'><strong>in</strong></span> <span class='ocrx_word' id='word_1_196' title='bbox 1576 4379 1643 4453; x_wconf 81' lang='lat' dir='ltr'><strong>lne-</strong></span> 
     </span>
     <span class='ocr_line' id='line_1_26' title="bbox 473 4497 1642 4595; baseline -0.002 -20"><span class='ocrx_word' id='word_1_197' title='bbox 473 4500 645 4595; x_wconf 89' lang='lat' dir='ltr'><strong>misperio</strong></span> <span class='ocrx_word' id='word_1_198' title='bbox 671 4504 797 4575; x_wconf 89' lang='lat' dir='ltr'><strong>nostro</strong></span> <span class='ocrx_word' id='word_1_199' title='bbox 823 4498 1014 4594; x_wconf 90' lang='lat' dir='ltr'><strong>superiori,</strong></span> <span class='ocrx_word' id='word_1_200' title='bbox 1042 4498 1091 4573; x_wconf 90' lang='lat' dir='ltr'><strong>ita</strong></span> <span class='ocrx_word' id='word_1_201' title='bbox 1121 4497 1220 4592; x_wconf 88' lang='lat' dir='ltr'><strong>quod</strong></span> <span class='ocrx_word' id='word_1_202' title='bbox 1256 4499 1309 4572; x_wconf 92' lang='lat' dir='ltr'><strong>sol</strong></span> <span class='ocrx_word' id='word_1_203' title='bbox 1340 4504 1395 4573; x_wconf 91' lang='lat' dir='ltr'><strong>est</strong></span> <span class='ocrx_word' id='word_1_204' title='bbox 1428 4498 1642 4593; x_wconf 82' lang='lat' dir='ltr'><strong>moriente,</strong></span> 
     </span>
     <span class='ocr_line' id='line_1_27' title="bbox 472 4618 1643 4713; baseline -0.002 -18"><span class='ocrx_word' id='word_1_205' title='bbox 472 4622 564 4695; x_wconf 90' lang='lat' dir='ltr'><strong>luna</strong></span> <span class='ocrx_word' id='word_1_206' title='bbox 585 4640 674 4695; x_wconf 84' lang='lat' dir='ltr'><strong>vero</strong></span> <span class='ocrx_word' id='word_1_207' title='bbox 700 4619 737 4694; x_wconf 92' lang='lat' dir='ltr'><strong>in</strong></span> <span class='ocrx_word' id='word_1_208' title='bbox 763 4618 961 4711; x_wconf 90' lang='lat' dir='ltr'><strong>occidente,</strong></span> <span class='ocrx_word' id='word_1_209' title='bbox 982 4618 1102 4693; x_wconf 87' lang='lat' dir='ltr'><strong>subito</strong></span> <span class='ocrx_word' id='word_1_210' title='bbox 1119 4625 1265 4693; x_wconf 91' lang='lat' dir='ltr'><strong>mutant</strong></span> <span class='ocrx_word' id='word_1_211' title='bbox 1285 4618 1421 4713; x_wconf 89' lang='lat' dir='ltr'><strong>locum,</strong></span> <span class='ocrx_word' id='word_1_212' title='bbox 1442 4618 1529 4712; x_wconf 88' lang='lat' dir='ltr'><strong>quia</strong></span> <span class='ocrx_word' id='word_1_213' title='bbox 1547 4640 1643 4693; x_wconf 91' lang='lat' dir='ltr'><strong>unns</strong></span> 
     </span>
     <span class='ocr_line' id='line_1_28' title="bbox 472 4738 1643 4836; baseline -0.002 -19"><span class='ocrx_word' id='word_1_214' title='bbox 472 4742 645 4836; x_wconf 86' lang='lat' dir='ltr'><strong>ascendit,</strong></span> <span class='ocrx_word' id='word_1_215' title='bbox 662 4741 756 4816; x_wconf 87' lang='lat' dir='ltr'><strong>alter</strong></span> <span class='ocrx_word' id='word_1_216' title='bbox 777 4739 980 4833; x_wconf 81' lang='lat' dir='ltr'><strong>descendit3</strong></span> <span class='ocrx_word' id='word_1_217' title='bbox 1008 4739 1057 4813; x_wconf 90' lang='lat' dir='ltr'><strong>ita</strong></span> <span class='ocrx_word' id='word_1_218' title='bbox 1082 4759 1104 4813; x_wconf 92' lang='lat' dir='ltr'><strong>a</strong></span> <span class='ocrx_word' id='word_1_219' title='bbox 1131 4738 1236 4813; x_wconf 90' lang='lat' dir='ltr'><strong>simili</strong></span> <span class='ocrx_word' id='word_1_220' title='bbox 1262 4739 1407 4815; x_wconf 84' lang='lat' dir='ltr'><strong>Beatrir</strong></span> <span class='ocrx_word' id='word_1_221' title='bbox 1429 4760 1562 4835; x_wconf 90' lang='lat' dir='ltr'><strong>parum</strong></span> <span class='ocrx_word' id='word_1_222' title='bbox 1583 4760 1643 4815; x_wconf 89' lang='lat' dir='ltr'><strong>rc·</strong></span> 
     </span>
    </p>
   </div>
   <div class='ocr_carea' id='block_1_4' title="bbox 536 5000 882 5064">
    <p class='ocr_par' dir='ltr' id='par_1_4' title="bbox 536 5000 882 5064">
     <span class='ocr_line' id='line_1_29' title="bbox 536 5000 882 5064; baseline 0.006 -12"><span class='ocrx_word' id='word_1_223' title='bbox 536 5002 564 5064; x_wconf 76' lang='lat'><strong>(¹)</strong></span> <span class='ocrx_word' id='word_1_224' title='bbox 579 5000 605 5053; x_wconf 90' lang='lat' dir='ltr'><strong>S.</strong></span> <span class='ocrx_word' id='word_1_225' title='bbox 622 5014 726 5053; x_wconf 78' lang='lat' dir='ltr'><strong>musam</strong></span> <span class='ocrx_word' id='word_1_226' title='bbox 743 5004 882 5054; x_wconf 77' lang='lat' dir='ltr'><strong>malorum.</strong></span> 
     </span>
    </p>
   </div>
   <div class='ocr_carea' id='block_1_5' title="bbox 0 0 2427 6642">
    <p class='ocr_par' dir='ltr' id='par_1_5' title="bbox 0 0 2427 6642">
     <span class='ocr_line' id='line_1_30' title="bbox 0 0 2427 6642; baseline 0 0"><span class='ocrx_word' id='word_1_227' title='bbox 0 0 2427 6642; x_wconf 95' lang='lat' dir='ltr'><strong> </strong></span> 
     </span>
    </p>
   </div>
  </div>
 </body>
</html>
