4842 6642
808 783 880 849 492
1200 791 1404 847 comparum
1430 791 1596 845 rnnnmsr
1650 858 1653 863 ¹

808 939 950 1032 merito,
976 938 1120 1013 dicens:
1146 933 1208 1011 cte*
1230 939 1304 1010 tutti
1328 939 1436 1029 questi
1465 956 1554 1008 sono
1584 937 1686 1027 sptrti
1718 936 1849 1028 amutii,
1886 933 1980 1008 scili·

805 1064 876 1150 cet,
901 1079 926 1132 a
950 1059 1035 1151 rita,
1053 1057 1113 1132 rei
1137 1078 1160 1132 a
1186 1077 1307 1152 poena,
1320 1059 1443 1149 prima
1463 1057 1523 1130 cde
1548 1075 1689 1128 aoesscr
1715 1075 1796 1127 uere
1818 1057 1976 1145 clerium,

804 1178 890 1272 quia
918 1177 1054 1251 mortui
1087 1183 1174 1250 sunt
1204 1183 1403 1271 antequam
1439 1176 1573 1250 scirent
1606 1175 1744 1271 eligere
1777 1174 1916 1249 bouum
1944 1181 1980 1248 et

806 1298 1008 1392 reprobare
1034 1298 1173 1371 maium
1201 1317 1267 1392 per
1295 1295 1486 1389 rationem,
1514 1295 1561 1369 ita
1593 1294 1691 1390 quod
1722 1293 1885 1368 nondum
1913 1295 1980 1368 ba»

804 1418 941 1492 bebant
966 1417 1119 1492 liberam
1147 1418 1374 1491 voluntatem
1403 1415 1567 1491 merendi
1599 1416 1657 1490 vel
1687 1411 1910 1489 demerendi.
1940 1414 1983 1487 Et

805 1537 963 1613 ostendit
988 1538 1091 1635 signa
1117 1536 1311 1612 indicantia
1337 1537 1417 1629 boc,
1443 1535 1585 1610 dicens:
1605 1537 1670 1609 ben
1695 1541 1727 1609 te
1750 1555 1795 1609 ne
1815 1537 1901 1628 puoi
1916 1557 1979 1608 oe·

804 1679 932 1752 corper
965 1681 1032 1754 per
1067 1660 1092 1733 li
1123 1661 1218 1749 void,
1254 1657 1357 1752 idest,
1383 1677 1449 1753 per
1475 1655 1653 1752 imagines
1684 1655 1909 1750 animarum,
1937 1659 1980 1730 ed

807 1799 898 1852 anco
915 1783 1029 1872 perte
1049 1781 1126 1851 uoci
1136 1781 1277 1870 puerili,
1296 1799 1333 1852 se
1358 1785 1394 1850 tu
1417 1780 1468 1869 pti
1491 1779 1623 1868 puurdi
1647 1777 1742 1869 berae,
1761 1777 1886 1850 vuitus
1911 1796 1976 1850 eo-

808 1921 943 1993 rum‚e
966 1921 1004 1973 sc
1028 1902 1083 1990 pli
1106 1902 1241 1990 mcotd,
1259 1899 1405 1992 scilicet,
1425 1919 1534 1974 voces
1550 1917 1695 1974 eorum.
1709 1937 1760 1952 -
1776 1901 1829 1971 Or
1853 1897 1977 1971 dubbii.

806 2020 870 2095 iiic
896 2019 1105 2094 Beruardus
1130 2018 1333 2094 incidenter
1352 2027 1476 2094 movet
1495 2039 1611 2093 unum
1630 2017 1783 2092 dubium
1806 2016 1905 2112 quod
1923 2016 1978 2090 vi-

804 2130 962 2216 debatur
986 2139 1075 2213 oriri
1101 2139 1138 2213 in
1165 2148 1289 2214 mente
1313 2139 1453 2214 autoris
1478 2159 1524 2213 er
1551 2137 1646 2214 dicto
1671 2137 1781 2234 ipsius
1799 2135 1976 2213 Bernardi

805 2260 869 2355 qui
893 2259 986 2333 dixit
1010 2259 1109 2354 quod
1135 2260 1278 2355 parvuli
1304 2268 1390 2333 sunt
1406 2259 1525 2334 sortiti
1540 2259 1644 2334 sedes
1662 2259 1739 2332 ilias
1760 2259 1838 2332 sine
1854 2258 1978 2351 atiquo

805 2381 940 2455 merito
974 2401 1119 2456 eornm.
1144 2381 1199 2455 Ne
1228 2382 1297 2456 boc
1332 2380 1527 2455 casualiter
1561 2379 1639 2455 fleri
1674 2379 1863 2455 videretur
1900 2379 1977 2453 siue

804 2501 929 2594 atique
959 2501 1110 2596 ratione,
1138 2500 1348 2576 Bernartius
1372 2500 1494 2596 primo
1512 2506 1635 2575 moret
1653 2499 1805 2573 dubium
1826 2497 1980 2593 promit·

810 2629 890 2695 tens
915 2620 1147 2715 solutionem,
1173 2629 1211 2696 et
1235 2620 1321 2695 dicit
1353 2620 1492 2696 autori:
1523 2624 1576 2694 Or
1609 2619 1724 2694 dubbii
1753 2626 1802 2710 tu,
1837 2617 1984 2710 scilicet,

806 2740 854 2815 de
880 2761 926 2816 eo
953 2741 1052 2836 quod
1078 2741 1164 2837 dixi,
1190 2765 1210 2815 e
1240 2743 1522 2834 ottobonum,
1556 2740 1659 2834 idest,
1692 2747 1791 2814 taces
1811 2739 1982 2813 dubitan-

807 2863 867 2956 de,
889 2883 950 2936 mo
974 2866 1010 2935 io
1041 2865 1067 2936 ti
1089 2856 1228 2938 sotoerd
1258 2866 1285 2936 it
1310 2868 1403 2959 sorte
1434 2865 1580 2955 iopume,
1606 2861 1709 2956 idest,
1735 2880 1806 2958 ego
1839 2859 1980 2933 solvam

808 2981 946 3055 nodum
964 2981 1119 3056 difficilis
1136 2983 1346 3078 quaestionis
1372 3003 1456 3079 qum
1482 2981 1570 3079 ligat
1600 2980 1765 3055 animum
1797 2986 1917 3073 tuum,
1944 2981 1981 3051 in

807 3102 867 3174 cite
898 3104 925 3174 ti
952 3105 1115 3194 sbinpon
1145 3103 1171 3174 li
1195 3105 1335 3196 porsier
1366 3105 1483 3192 sottdi,
1513 3101 1599 3197 quia
1631 3099 1812 3174 subtisster
1841 3098 1981 3195 cogitas

808 3220 993 3315 quomodo
1021 3222 1089 3297 boc
1114 3242 1195 3298 esse
1226 3221 1349 3319 possit,
1376 3221 1475 3319 quod
1509 3221 1566 3296 isti
1596 3221 1675 3298 sine
1709 3221 1840 3296 merito
1865 3219 1981 3317 gratis

808 3339 966 3414 babeant
983 3349 1124 3415 tantum
1144 3343 1339 3437 praemium
1356 3342 1494 3440 glorta.
1510 3381 1559 3396 -
1572 3347 1717 3416 Dentre.
1737 3341 1801 3414 Hic
1820 3339 1979 3416 Bernar-

805 3459 874 3532 dus
899 3461 1006 3534 solvit
1039 3461 1261 3556 propositam
1295 3461 1548 3556 quaestionem,
1574 3467 1611 3536 et
1641 3461 1804 3535 breviter
1830 3459 1982 3535 intendit

806 3579 941 3672 dicere,
967 3581 1065 3674 quod
1091 3582 1140 3656 itu
1166 3589 1222 3657 est
1247 3582 1467 3678 impossibiie
1485 3603 1612 3657 casum
1631 3581 1822 3656 fortuitum
1841 3601 1922 3655 esse
1944 3579 1980 3653 in

808 3698 869 3772 iiio
888 3720 1014 3795 regno,
1031 3700 1126 3774 sicut
1142 3707 1198 3776 est
1216 3701 1436 3796 impossibiie
1454 3703 1588 3776 tamem
1605 3702 1662 3777 vei
1680 3701 1788 3794 sitim,
1803 3701 1861 3776 vei
1882 3699 1982 3774 atiud

807 3821 1084 3896 incommodum
1111 3843 1192 3897 esse
1214 3821 1274 3917 ibi,
1292 3843 1377 3898 cum
1408 3823 1638 3920 gubernetur
1663 3843 1684 3896 a
1706 3824 1808 3918 iusto
1833 3829 1870 3896 et
1895 3841 1982 3916 pro-

808 3940 892 4016 vido
918 3961 1019 4039 rege,
1045 3941 1152 4018 cuius
1179 3944 1260 4039 iege
1286 3949 1341 4018 est
1366 3943 1545 4018 sancitum
1574 3943 1745 4040 quicquid
1769 3949 1824 4017 est
1842 3941 1889 4016 ibi
1913 3941 1983 4015 mi-

809 4061 911 4135 rabiii
938 4064 1182 4158 proportione,
1209 4063 1258 4138 ita
1285 4065 1383 4159 quod
1404 4064 1489 4139 nibit
1510 4063 1752 4160 superfluum,
1771 4062 1857 4136 nibii
1873 4062 1983 4136 dimi-

808 4189 956 4270 nutum,
982 4183 1068 4257 nibii
1094 4183 1253 4260 indebite
1278 4185 1457 4279 iocatum3
1484 4191 1522 4260 ot
1547 4185 1629 4259 ideo
1655 4184 1711 4259 isti
1738 4183 1880 4279 parvuli
1907 4203 1980 4257 non

808 4311 896 4378 sunt
915 4304 1109 4380 beatificati
1128 4307 1186 4381 bic
1210 4305 1289 4381 sine
1306 4327 1430 4400 eausa,
1448 4305 1660 4382 differenter
1677 4303 1880 4381 secundum
1899 4303 1981 4399 pius

806 4433 844 4499 et
869 4425 1010 4519 minus;
1030 4426 1117 4521 quia
1141 4426 1260 4502 dictus
1278 4447 1345 4501 rer
1362 4426 1607 4502 diversimode
1624 4426 1763 4501 dotavit
1782 4445 1847 4501 eos
1863 4423 1982 4521 gratia

806 4565 885 4638 sua,
913 4545 1020 4620 cuius
1046 4547 1217 4620 voluntas
1243 4547 1402 4620 babetur
1423 4566 1490 4641 pro
1506 4545 1599 4642 iege,
1617 4545 1699 4620 ideo
1717 4566 1790 4619 non
1808 4549 1981 4639 peccatur

806 4665 876 4738 aiia
901 4685 1025 4740 causa.
1053 4667 1159 4741 Nunc
1184 4665 1339 4742 reniad
1366 4665 1528 4740 liberam:
1546 4665 1632 4741 dicit
1657 4665 1887 4742 Bernardus:
1913 4669 1982 4738 Cu·

806 4788 888 4858 emt
905 4795 1029 4878 punto,
1055 4787 1119 4882 qui
1145 4795 1201 4862 est
1226 4788 1304 4862 sine
1330 4787 1482 4881 ratione,
1504 4787 1567 4882 qni
1589 4785 1720 4864 accidit
1745 4793 1878 4883 proter
1896 4806 1982 4881 pro·

809 4905 967 4999 positum
994 4907 1153 5005 agentis:
1181 4929 1289 4984 casus
1315 4907 1412 4983 enim
1441 4909 1598 5004 proprie,
1617 4908 1821 4985 secundum
1840 4908 1981 4983 bristo·
