4842 6642
446 1281 613 1355 occulis
644 1277 835 1348 DECIMUS
870 1276 1091 1360 SEPTIMUS,
1120 1280 1157 1343 ic
1189 1298 1250 1361 quo
1283 1281 1445 1342 mooestm
1477 1275 1621 1358 porcdm

491 1393 711 1470 dubitativum,
734 1397 764 1485 et
786 1389 998 1468 declarantur,
1021 1389 1077 1455 obi
1097 1389 1136 1455 dc
1159 1393 1270 1455 actore
1292 1387 1401 1470 utiquc
1416 1391 1594 1470 ponuntur.

621 1750 690 1803 osc
714 1749 824 1803 oenoe
847 1749 872 1801 c
895 1725 1044 1804 crimme*
1058 1750 1125 1821 per
1144 1730 1345 1803 acccrtorsi.
1368 1728 1565 1820 Postquam
1587 1726 1625 1799 in

418 1876 427 1895 ·
453 1853 632 1951 superiori
648 1850 809 1946 capitulo
823 1850 990 1944 proxime
1002 1848 1222 1943 praecedenti
1238 1854 1348 1922 autor
1366 1855 1492 1925 noster
1508 1848 1626 1925 intro·

453 1974 557 2051 duxit
582 1971 861 2067 Cacciaguidam
886 1971 1081 2065 antiquum
1107 1970 1416 2065 praedecessorem
1440 1991 1551 2045 suum
1577 1971 1623 2046 ad

452 2094 679 2171 narrandum
705 2091 772 2167 sibi
798 2090 1002 2187 specialiter
1019 2089 1274 2186 genealogiam
1291 2110 1399 2164 suam
1426 2098 1463 2165 et
1488 2096 1624 2166 statum

453 2215 674 2290 modernum
701 2221 738 2287 ct
762 2212 957 2305 antiquum
983 2232 1061 2285 suae
1087 2210 1260 2303 civitatis3
1282 2230 1380 2285 nunc
1399 2231 1628 2306 consequen-

454 2342 511 2411 ter
535 2332 573 2407 in
598 2332 667 2407 isto
684 2330 778 2407 111111
799 2331 958 2426 capitulo
976 2330 1173 2406 introducit
1191 2330 1293 2405 ilium
1314 2331 1433 2427 ipsum
1459 2332 1627 2428 spiritum

453 2454 681 2551 praedictum,
706 2453 770 2547 qui
796 2452 957 2549 praedicit
982 2452 1049 2527 sibi
1074 2472 1142 2526 sua
1160 2451 1358 2526 infortunia
1385 2458 1423 2527 et
1447 2452 1565 2527 exilia.
1583 2454 1630 2527 Et

454 2594 615 2671 praesens
632 2574 833 2671 capitulum
851 2579 969 2669 potest
981 2572 1143 2647 breviter
1155 2571 1264 2645 dividi
1279 2572 1316 2646 in
1332 2580 1494 2667 quatuor
1508 2581 1631 2668 partes

455 2696 668 2793 generalem
695 2694 732 2770 in
758 2692 875 2790 prima
901 2714 1062 2789 quarum
1087 2698 1198 2767 autor
1223 2693 1311 2787 petit
1336 2714 1357 2768 a
1383 2693 1480 2769 dicto
1500 2694 1628 2790 spiritu

458 2816 721 2912 expositionem
748 2814 994 2910 quorumdam
1025 2813 1320 2910 pronosticorum
1350 2813 1531 2889 tactorum
1563 2816 1630 2890 sibi

456 2946 534 3013 tum
560 2936 597 3011 in
623 2936 765 3011 inierno
790 2956 903 3031 quam
937 2936 974 3009 in
1007 2935 1234 3029 purgatorio.
1264 2934 1304 3007 ln
1334 2935 1493 3009 secunda
1520 2943 1631 3011 autor

458 3059 559 3155 pouit
596 3056 880 3135 declarationem
918 3055 1099 3131 dictorum
1135 3054 1347 3149 dubiorum,
1378 3056 1445 3129 ibi:
1481 3052 1536 3131 Nc*
1566 3078 1633 3150 per

457 3181 617 3271 umbcpc.
644 3178 683 3251 ln
708 3176 815 3252 tertia
841 3184 950 3253 autor
974 3176 1130 3252 ostendit
1160 3196 1270 3249 suum
1303 3178 1489 3273 retugium
1517 3180 1554 3251 in
1578 3177 1633 3252 di·

459 3300 645 3391 versitate,
671 3297 740 3373 ibi:
766 3302 817 3371 Lo
837 3300 966 3390 pmmc.
998 3297 1038 3370 ln
1072 3302 1205 3390 quarta
1238 3301 1277 3371 et
1305 3296 1433 3371 ultima
1461 3298 1634 3373 informat

459 3426 498 3497 et
526 3418 702 3496 certificat
731 3438 771 3493 sc
805 3416 901 3493 circa
934 3417 1246 3511 complementum
1277 3424 1314 3490 et
1349 3418 1631 3512 publicationem

461 3540 571 3615 huius
596 3538 727 3633 operis,
754 3537 821 3612 ibi:
848 3540 915 3611 Poi
938 3539 999 3610 cta
1023 3540 1179 3611 macodo.
1207 3536 1259 3610 Ad
1286 3536 1446 3630 primurn
1474 3518 1635 3613 breviter

460 3660 542 3737 dico
569 3659 667 3755 quod
692 3667 802 3733 autor
827 3658 917 3753 petit
940 3658 988 3732 ab
1013 3657 1074 3731 iilo
1098 3678 1168 3731 suo
1193 3656 1346 3751 antiquo
1371 3657 1634 3752 expositionem

462 3779 710 3876 quorumdam
731 3778 1022 3872 pronosticorum
1041 3775 1222 3851 tactorum
1240 3776 1308 3851 sibi
1327 3782 1401 3851 tam
1428 3777 1465 3849 in
1491 3776 1636 3853 interno

463 3920 576 3994 quam
603 3898 639 3971 in
666 3898 890 3993 purgatorio.
912 3898 955 3973 Et
981 3896 1100 3992 primo
1120 3896 1277 3971 ostendit
1301 3916 1407 3969 suam
1433 3895 1636 3991 dispositio-

463 4040 549 4095 ncm
564 4017 861 4112 adquaerendam
880 4018 985 4092 istam
1001 4016 1300 4092 certificationem
1317 4038 1384 4111 per
1402 4037 1514 4091 unam
1533 4037 1637 4092 com·

465 4138 693 4235 perationem
722 4137 904 4233 propriam
930 4143 969 4211 et
992 4136 1171 4232 pulcram.
1193 4134 1247 4209 td
1263 4137 1372 4209 cuius
1391 4138 1637 4231 comparatio-

467 4256 521 4331 nis
538 4255 758 4332 evidentiam
776 4264 832 4331 est
849 4257 1126 4352 prunetandum
1141 4257 1240 4350 qood
1254 4258 1417 4331 Phaeton
1430 4255 1525 4329 iilius
1541 4257 1638 4351 solis,

465 4377 559 4451 sicm
572 4376 697 4451 scribit
709 4376 840 4453 dilluse
848 4376 997 4451 Ovidius
1010 4376 1172 4451 secomo
1185 4377 1537 4471 metamorphoseon,
1547 4376 1637 4452 dum

466 4495 758 4592 improperatum
785 4503 881 4573 esset
905 4496 972 4571 sihi
997 4497 1042 4571 ad
1069 4497 1218 4591 Epapho
1235 4496 1307 4572 tilio
1323 4498 1423 4569 lovis
1439 4498 1539 4591 quod
1565 4497 1642 4592 ipse

467 4622 547 4691 orat
569 4616 729 4711 spurius,
746 4622 783 4692 et
804 4637 877 4691 non
896 4636 1007 4691 verus
1025 4616 1120 4690 tilius
1136 4617 1233 4709 solis,
1254 4618 1374 4690 statim
1393 4618 1564 4692 turbatus
1581 4639 1643 4694 re-

467 4736 584 4811 currit
600 4737 647 4810 ad
666 4742 821 4813 matrem
841 4758 960 4830 suam,
981 4758 1065 4831 quae
1082 4736 1257 4832 Clymene
1273 4739 1487 4832 vocabatur,
1502 4746 1543 4813 ut
1559 4760 1644 4815 cer·

468 4855 672 4930 liticaretur
696 4856 745 4931 ab
769 4878 813 4933 ca
839 4858 945 4932 cuius
965 4856 1061 4931 iilius
1078 4864 1183 4933 esset.
1203 4856 1266 4931 ilia
1286 4864 1411 4933 autem
1439 4859 1486 4934 ad
1514 4861 1643 4941 tollen-

469 4975 553 5051 dam
581 4996 730 5052 omnem
762 4978 1003 5074 suspicionem
1038 4977 1240 5054 exanimo
1272 4978 1353 5053 eius
1386 4979 1525 5055 remisit
1554 5002 1640 5055 eom
