4842 6642
819 807 892 876 tta
1209 822 1414 879 counurrnr
1438 822 1605 877 orsaorsr

816 985 944 1041 secum
970 967 1090 1061 trahit,
1118 975 1242 1044 moret
1268 975 1305 1044 et
1332 969 1435 1066 emit,
1463 975 1504 1043 ut
1529 967 1660 1042 totiens
1685 967 1824 1044 dictum
1857 972 1923 1042 est.
1939 1005 1990 1036 -.-

815 1091 849 1160 Ε
870 1106 976 1160 come.
1002 1086 1067 1161 llic
1093 1094 1203 1162 autor
1227 1088 1409 1184 descripto
1439 1089 1520 1164 loco
1547 1107 1645 1162 nunc
1670 1086 1843 1162 describit
1867 1088 1988 1180 liores,

816 1226 881 1301 per
908 1227 1021 1281 unam
1047 1209 1359 1302 comparationem
1380 1208 1653 1302 delectabilem3
1672 1215 1709 1283 et
1730 1207 1892 1282 breviter
1908 1207 1990 1281 vult

815 1327 950 1421 dicere,
976 1327 1076 1422 quod
1101 1329 1172 1402 illae
1197 1329 1331 1404 anime
1361 1329 1479 1405 beatae
1510 1329 1752 1428 circumcirca
1784 1329 1821 1403 in
1851 1350 1988 1426 gyrum

816 1449 1099 1544 speculabantur
1124 1470 1166 1524 se
1189 1450 1226 1524 in
1252 1450 1312 1525 illo
1339 1449 1479 1525 lumine
1511 1449 1609 1544 quod
1639 1450 1825 1526 descendit
1855 1451 1891 1525 in
1917 1451 1989 1526 cir-

816 1568 980 1643 cularem
1007 1570 1179 1667 liguram,
1205 1577 1243 1645 et
1266 1571 1314 1646 ab
1337 1571 1397 1645 illo
1416 1571 1598 1667 recipiunt
1614 1571 1795 1667 fulgorem
1818 1576 1856 1647 et
1871 1572 1987 1647 beati-
2052 1568 2055 1572 ’

816 1690 994 1766 tudinem.
1019 1692 1064 1766 Et
1088 1691 1135 1766 ad
1161 1691 1432 1788 intelligendam
1460 1692 1566 1786 piane
1591 1693 1904 1788 comparationem
1931 1701 1987 1770 est

818 1811 1082 1906 presciendum
1109 1813 1208 1906 qood
1233 1819 1344 1887 autor
1373 1813 1474 1909 ponit
1507 1813 1617 1888 talem
1649 1833 1797 1888 casum:
1828 1821 1989 1909 ponatur

818 1933 918 2026 quod
942 1933 987 2006 sit
1014 1954 1110 2007 unus
1129 1933 1231 2010 collis
1251 1933 1390 2030 pulcer,
1408 1954 1590 2028 amoenus,
1612 1933 1764 2008 restitus
1783 1934 1989 2010 arbusculis

817 2057 855 2126 et
880 2052 1041 2147 floribus,
1062 2061 1099 2128 et
1116 2055 1186 2128 sub
1213 2075 1258 2130 eo
1279 2055 1326 2130 ad
1344 2054 1454 2150 pedes
1471 2054 1551 2129 eius
1568 2061 1695 2130 currat
1712 2077 1829 2131 unum
1848 2056 1989 2130 flumen

809 2173 1120 2269 limpidissimum,
1141 2174 1177 2250 in
1195 2175 1301 2255 cuius
1326 2197 1424 2272 aqua
1449 2182 1623 2272 appareat
1641 2175 1761 2273 figura
1782 2174 1885 2250 istius
1910 2176 1987 2250 col·

817 2295 914 2370 liculi
947 2316 1032 2370 com
1069 2302 1146 2370 toto
1179 2304 1312 2372 ornatu
1345 2318 1435 2391 suo;
1470 2297 1519 2372 ita
1552 2319 1575 2373 a
1610 2297 1716 2372 simili
1753 2297 1823 2372 illae
1854 2297 1988 2372 animae

817 2435 901 2509 quaa
926 2423 1030 2490 erant
1056 2415 1093 2488 in
1118 2417 1346 2494 concavitate
1374 2437 1468 2492 rosae
1489 2418 1775 2513 speculabantur
1801 2418 1902 2494 sein
1926 2420 1988 2494 illa

817 2536 901 2612 lnce
924 2537 1130 2632 purissima,
1157 2557 1241 2633 quae
1268 2545 1349 2614 erat
1373 2538 1410 2613 in
1436 2539 1575 2614 circulo
1605 2539 1730 2618 ¹medio
1756 2538 1817 2613 ubi
1844 2545 1900 2614 est
1924 2539 1989 2614 llos

818 2677 923 2752 rosae,
957 2664 995 2732 et
1025 2658 1220 2734 trabebant
1249 2659 1333 2734 inde
1352 2660 1541 2736 ..visionem
1577 2679 1656 2733 suae
1686 2657 1919 2734 beatitudinis
1952 2665 1989 2733 et

819 2778 1108 2876 magnitudinem
1133 2778 1272 2875 gloriar.
1298 2781 1375 2856 lloc
1402 2780 1589 2876 premisso
1615 2777 1837 2855 veniendum
1863 2783 1919 2853 est
1940 2777 1987 2852 ad

818 2898 974 2992 literam,
1001 2919 1115 2992 quam
1141 2900 1269 2975 ordina
1295 2908 1333 2976 et
1353 2909 1528 2977 construe
1545 2921 1710 2998 congrue
1727 2900 1813 2996 qnia
1832 2905 1887 2974 est
1903 2898 1990 2973 satis
2052 2895 2057 2906 '

817 3018 984 3096 intricata
1010 3027 1047 3097 et
1072 3021 1237 3097 difficilis.
1266 3023 1357 3098 utcu
1383 3043 1474 3120 ergo
1498 3022 1566 3098 sic:
1592 3026 1626 3094 lt
1648 3024 1731 3112 vidi,
1757 3021 1894 3096 scilieet
1918 3039 1991 3118 ego

730 3214 734 3223 .
818 3143 963 3236 Dentes,
988 3136 1019 3216 sl
1042 3145 1292 3238 commmatio,
1317 3143 1419 3237 idest,
1445 3150 1545 3217 stans
1576 3163 1686 3238 supra
1721 3143 1882 3238 primum
1909 3163 1990 3217 mo-
2119 3129 2122 3138 ’

819 3265 901 3359 bile,
927 3264 1011 3357 vidi,
1031 3273 1169 3358 -quonto
1193 3268 1232 3339 di
1255 3267 1317 3338 noi
1341 3267 1388 3336 iro
1408 3268 1497 3359 sotto
1523 3266 1661 3338 ritorno
1684 3257 1794 3356 lossii,
1813 3247 1989 3359 quasilli-

816 3394 895 3462 cat:
923 3393 1105 3482 quotquot
1133 3387 1268 3462 animae
1302 3384 1500 3461 rationales
1528 3385 1742 3460 rediverunt
1771 3385 1819 3460 ad
1852 3387 1990 3461 coelum

736 3557 740 3564 -
817 3513 856 3583 et
872 3507 1086 3583 beatificatae
1103 3513 1189 3581 sunt
1205 3507 1266 3601 ibi,
1283 3508 1494 3600 specclriorsi
1508 3509 1650 3579 intorno
1666 3509 1810 3580 intoruo
1835 3508 1873 3579 at
1889 3509 1990 3596 bure,

818 3629 917 3723 quod
942 3633 1022 3703 erat
1047 3628 1084 3702 in
1110 3609 1230 3703 medio
1257 3627 1402 3721 circuli3
1429 3633 1467 3702 et
1492 3624 1655 3700 dicitriu
1676 3621 1737 3720 piri
1763 3629 1802 3700 dt
1825 3629 1991 3700 mitte-so-

817 3752 898 3841 pte,
923 3748 1026 3842 idest,
1052 3749 1089 3823 in
1114 3747 1260 3822 infinitis
1290 3748 1448 3843 sedibus,
1475 3747 1561 3843 quia
1592 3745 1880 3822 innumerabiles
1905 3753 1991 3821 suut

817 3868 954 3966 grados
980 3869 1223 3964 beatitudinis,
1249 3869 1347 3944 unde
1372 3868 1472 3966 pouit
1498 3888 1698 3942 numerum
1724 3887 1792 3962 pro
1818 3887 1988 3943 numero.

818 3993 863 4066 lit
887 3991 946 4066 bic
972 3998 1056 4065 nota
1082 3991 1128 4066 ad
1154 3988 1355 4086 pleniorem
1382 3989 1656 4086 intelligentiam
1678 3988 1861 4063 dictorum
1880 3995 1917 4063 et
1933 3988 1986 4064 di-
2118 4026 2122 4040 ι

818 4111 1020 4186 cendorum
1040 4132 1158 4184 uuum
1176 4110 1387 4205 exemplum
1407 4131 1596 4207 grossum:
1615 4109 1756 4206 respice
1774 4129 1887 4184 unam
1905 4129 1991 4184 scu-

820 4231 942 4306 tellam
961 4251 1045 4325 quae
1062 4231 1195 4306 babeat
1211 4233 1249 4304 iu
1271 4230 1391 4306 medio
1410 4230 1522 4305 tundo
1540 4251 1657 4304 unum
1678 4229 1858 4305 circulum
1878 4229 2013 4324 lueis3·

818 4352 949 4427 deinde
974 4372 1039 4447 per
1064 4351 1329 4427 concavitatem
1363 4351 1516 4426 interius
1546 4351 1745 4446 usquead
1775 4371 1991 4446 supremam

816 4472 1087 4547 extremitatem
1123 4473 1169 4546 sit
1202 4474 1308 4569 plena
1343 4471 1494 4547 sedibus
1525 4473 1735 4548 animarum
1776 4471 1991 4566 beatarum3

816 4615 914 4670 nnnc
940 4594 1017 4670 retii
1043 4614 1176 4690 supra:
1202 4599 1241 4669 et
1266 4593 1336 4668 illae
1362 4593 1496 4668 animae
1523 4595 1639 4670 beatae
1672 4595 1723 4668 ita
1749 4593 1992 4688 speculaban-

819 4721 884 4789 tur
907 4736 948 4791 se
972 4715 1009 4789 in
1036 4715 1187 4809 lumine,
1204 4735 1302 4788 come
1326 4717 1428 4809 clivo,
1449 4713 1553 4810 idest,
1572 4715 1794 4818 monticulus
1820 4714 1993 4810 pendens,

817 4837 1035 4930 sirum
1064 4839 1102 4910 tn
1132 4856 1247 4928 acqua
1272 4837 1309 4910 di
1332 4857 1396 4910 suo
1425 4838 1509 4928 imo,
1542 4836 1644 4930 idest,
1671 4857 1755 4932 quae
1787 4835 1925 4912 labitur
1954 4835 1991 4909 in

816 4957 1043 5034 concavitate
1066 4957 1168 5033 vallis
1192 4957 1239 5032 ad
1268 4957 1407 5032 radices
1433 4957 1528 5032 illios
1553 4959 1655 5054 clivi;
1682 4967 1720 5034 et
1753 4959 1858 5034 dicit:
1890 4961 1990 5052 quon
