4842 6642
740 883 878 940 caunos
902 885 1061 941 nncrnus
1084 887 1262 954 ounnrus.
1511 874 1580 942 113

411 1025 494 1100 dnae
511 1047 658 1101 coronae
674 1027 820 1103 illorum
842 1035 1053 1104 sanctorum
1072 1031 1279 1124 doctorum,
1292 1038 1449 1105 mosbor
1465 1053 1581 1106 nuovo

409 1149 517 1238 pinio,
543 1147 645 1242 idest,
673 1169 805 1223 novam
833 1149 1064 1226 testivitatem
1082 1151 1119 1225 in
1139 1151 1286 1225 duobus
1307 1151 1461 1246 actibus,
1478 1151 1580 1246 idest,

410 1271 468 1340 net
490 1277 668 1358 torneore,
686 1269 789 1364 idest,
807 1271 844 1344 in
869 1271 1042 1346 citissimo
1067 1279 1104 1348 et
1129 1271 1359 1348 velocissimo
1379 1279 1485 1346 motu
1510 1272 1583 1346 cir-

409 1390 537 1483 culari,
563 1413 582 1463 e
606 1394 697 1464 nella
727 1395 820 1464 miro
851 1400 947 1485 nota,
979 1393 1070 1468 idest
1100 1394 1137 1467 in
1167 1393 1323 1469 mirabili
1355 1391 1511 1468 melodia
1544 1400 1581 1464 et

409 1517 533 1603 cantu,
559 1513 633 1582 utto
657 1514 809 1586 orczion
837 1521 969 1606 pronto
994 1537 1013 1587 e
1036 1517 1168 1606 diecto,
1203 1514 1349 1608 scilieet,
1381 1534 1495 1608 quam
1527 1513 1581 1587 le-

408 1637 512 1706 cerat
536 1631 683 1706 Beatrix
709 1634 944 1728 proponendo
972 1634 1213 1727 quaestionem
1245 1641 1414 1730 prompte
1443 1641 1481 1740 et
1513 1632 1579 1708 de·

410 1758 512 1845 rote3
539 1757 718 1846 prompte,
744 1753 830 1846 quia
847 1753 1023 1829 audacter
1044 1754 1265 1848 loquebatur
1282 1754 1350 1828 illis
1365 1752 1577 1828 doctoribus

408 1871 567 1945 alumnis
592 1871 685 1965 suis;
703 1879 740 1946 et
765 1872 908 1966 devote,
934 1873 1020 1967 quia
1046 1874 1294 1950 venerabatur
1319 1893 1401 1967 eos3
1420 1893 1504 1947 nam
1531 1872 1577 1948 de

411 1990 463 2064 rei
489 1991 644 2065 veritate
668 2010 773 2066 saera
800 1994 980 2088 theologia
1008 1994 1124 2069 reddit
1149 1995 1236 2068 istos
1265 1994 1432 2069 doctores
1463 2013 1577 2068 vene·

409 2109 552 2204 rabdos,
570 2118 609 2186 et
630 2111 714 2185 lacit
745 2112 840 2207 ipsos
862 2113 988 2188 baberi
1015 2114 1051 2187 in
1075 2114 1271 2189 devotione
1294 2121 1333 2188 et
1357 2114 1575 2189 reverentia.

405 2230 449 2304 Et
469 2250 543 2304 non
564 2232 686 2326 capias
706 2232 764 2308 bic
784 2233 988 2308 orationem
1016 2254 1082 2328 pro
1100 2234 1321 2329 precatione,
1338 2233 1453 2306 immo
1473 2233 1576 2329 large

403 2369 471 2444 pro
496 2349 727 2428 ordinatione
753 2352 1069 2446 verborumque>
1089 2353 1200 2428 tendit
1226 2353 1273 2428 ad
1298 2353 1467 2428 eamdem
1492 2373 1578 2428 sen·

401 2472 583 2564 tentiam3
610 2465 681 2546 cosi
706 2495 802 2548 come
827 2477 904 2565 quet
926 2477 986 2548 cle
1012 2496 1129 2548 conco
1146 2497 1169 2547 a
1185 2481 1280 2566 roto,
1298 2474 1400 2568 idest,
1417 2474 1512 2548 sicut
1528 2473 1576 2547 illi

403 2593 466 2686 qui
492 2593 630 2668 iaciunt
658 2593 869 2689 tripudium,
896 2594 994 2689 quod
1027 2595 1232 2690 appellatur
1266 2602 1347 2669 rota
1377 2614 1482 2668 more
1516 2615 1578 2668 ro-

406 2735 529 2808 mano,
545 2719 636 2808 picti
660 2738 679 2788 e
704 2719 812 2805 tratti,
830 2716 921 2790 idest
935 2709 984 2808 (⁴),
1007 2715 1100 2810 pulsi
1126 2721 1162 2791 et
1186 2716 1318 2809 allecti,
1344 2717 1393 2789 do
1411 2709 1475 2807 pot
1499 2717 1575 2789 leti-

404 2839 476 2926 zia,
494 2834 597 2930 idest,
615 2857 637 2908 a
656 2835 787 2910 maiori
806 2835 951 2931 gaudio,
970 2839 1069 2910 tenen
1091 2839 1128 2908 lc
1146 2857 1240 2926 voce,
1257 2834 1405 2928 seilicet,
1422 2841 1576 2909 cantan-

404 2963 459 3032 tes
475 2947 526 3047 (²),
551 2978 571 3029 e
594 2959 803 3046 rulleqroco
827 2958 877 3046 qli
901 2959 975 3046 otti,
1001 2954 1103 3048 idest,
1131 2961 1310 3030 renovant
1333 2953 1510 3051 gaudium
1537 2953 1575 3027 in

405 3075 566 3151 motibus
580 3066 618 3167 (³)
637 3096 781 3168 eorum,
801 3078 928 3149 abaco
953 3077 1052 3167 itata.
1078 3076 1124 3150 Et
1147 3075 1206 3149 bic
1232 3083 1318 3150 nota
1340 3073 1439 3168 quod
1464 3079 1575 3149 autor

404 3195 631 3270 demonstrat
645 3195 805 3269 laetitiam
824 3195 1048 3289 spiritualem
1062 3215 1128 3290 per
1141 3195 1370 3290 corporalem
1389 3214 1456 3289 per
1472 3214 1577 3268 oom-

405 3317 632 3414 parationem
652 3314 768 3412 magis
786 3317 969 3411 propriam
993 3337 1104 3409 qnam
1124 3322 1251 3411 potest.
1270 3315 1371 3390 Sicut
1393 3313 1493 3391 enim
1511 3313 1576 3388 tri-

405 3437 594 3533 pudiantes
620 3442 820 3510 moventur
844 3436 1073 3512 circulariter
1099 3442 1134 3509 et
1159 3436 1334 3529 suaviter,
1361 3435 1410 3510 ita
1437 3442 1474 3509 et
1499 3434 1576 3508 istae

400 3559 534 3632 animae
560 3557 677 3632 beatae
706 3557 742 3630 in
768 3556 913 3631 duobus
940 3556 1121 3652 tripudiis;
1147 3556 1241 3630 sicut
1266 3555 1314 3629 illi
1339 3562 1476 3629 canunt
1492 3553 1576 3628 dul·

402 3679 504 3771 citer,
531 3677 579 3752 ita
604 3682 642 3751 et
666 3677 745 3770 isti3
772 3677 864 3750 sicut
890 3677 939 3750 illi
966 3683 1102 3750 novant
1118 3682 1155 3750 et
1171 3675 1376 3749 instaurant
1395 3674 1574 3770 gaudium

403 3804 440 3874 et
465 3797 625 3871 laetitiam
653 3799 688 3870 in
715 3803 838 3890 cantu,
859 3802 896 3871 et
918 3797 1016 3870 omni
1042 3801 1145 3870 motu
1171 3815 1304 3870 eorum
1332 3795 1480 3888 quando
1504 3816 1575 3870 au-

404 3920 506 3994 diunt
532 3917 646 3992 verba
671 3936 841 3990 amorosa
867 3915 1051 4012 tangentia
1082 3915 1193 3990 corda
1225 3935 1355 3989 eorum
1389 3914 1573 4010 praecipue

404 4063 427 4116 a
451 4040 598 4116 domina
624 4045 804 4130 cantame,
835 4039 882 4112 ita
903 4037 958 4110 isti
976 4035 1143 4112 doctores
1161 4036 1351 4112 audientes
1367 4057 1389 4110 a
1408 4036 1572 4111 beatrice
1604 4113 1608 4121 ,

405 4161 519 4236 verba
545 4137 729 4254 tangentia
754 4157 896 4231 animos
926 4177 1070 4250 eorum,
1096 4157 1182 4250 quic
1207 4157 1343 4232 scilicet
1374 4156 1572 4252 tangebant

404 4282 672 4358 incrementum
700 4277 835 4350 suturae
859 4277 986 4372 gloriae
1016 4297 1159 4350 eorum.
1174 4317 1224 4329 -
1239 4278 1331 4364 Quot
1352 4279 1385 4348 si
1407 4279 1569 4351 lumento.

403 4402 467 4477 llic
484 4407 594 4475 autor
611 4419 655 4473 ex
670 4397 772 4471 dictis
791 4397 914 4493 arguit
932 4396 1130 4471 incidenter
1144 4396 1294 4469 nimiam
1307 4394 1570 4494 indulgentiam
1703 4449 1706 4454 -

402 4530 565 4606 nostram
586 4521 622 4594 in
640 4518 831 4593 luneribus
857 4525 1110 4592 mortuorum:
1129 4516 1364 4610 deploramus
1386 4515 1484 4590 enim
1506 4537 1573 4592 nos

401 4645 465 4738 qui
490 4647 682 4716 transeunt
708 4639 755 4712 ab
781 4639 847 4712 ista
879 4637 1023 4712 miseria
1056 4637 1103 4711 ad
1137 4637 1236 4712 illam
1268 4635 1435 4732 gloriam.
1470 4635 1574 4712 Unde

399 4763 503 4838 dicit:
534 4763 636 4853 Quot,
668 4759 772 4852 idest,
798 4759 1036 4852 quicumque,
1062 4761 1093 4830 ri
1117 4760 1269 4830 lumento
1299 4755 1429 4849 percbd
1456 4760 1515 4850 qni
1543 4760 1575 4830 oi

463 5019 492 5083 (¹)
508 5019 540 5069 li.
557 5031 573 5068 e
589 5016 614 5068 S.
631 5018 704 5076 idest,
722 5017 825 5080 impulsi
840 5023 868 5067 ct
883 5017 968 5068 electi.
1032 5015 1059 5078 (¹j
1075 5021 1099 5077 t,
1116 5023 1215 5068 matun.
1277 5017 1305 5082 (¹)
1320 5018 1352 5068 Ε.
1369 5018 1395 5068 ἰιι
1412 5017 1548 5069 ruentibus.

533 5127 560 5171 V·
1424 5127 1439 5166 e
