4842 6642
801 893 942 950 caurus
966 895 1124 951 uucruus
1148 895 1315 962 Qurnsus.
1568 883 1637 951 135

470 1040 564 1116 illius
588 1040 775 1134 orationis,
800 1040 934 1134 dicens,
967 1039 1086 1135 qualis
1110 1042 1227 1114 iactus
1253 1041 1377 1115 estad
1403 1043 1517 1117 verba
1545 1043 1637 1116 eius.

466 1160 567 1236 Unde
583 1160 800 1235 continuans
820 1159 914 1234 dicta
938 1161 1109 1254 dicendis,
1131 1161 1240 1234 dicit:
1267 1162 1354 1249 Quot
1368 1165 1470 1252 mnu,
1488 1163 1548 1237 ille
1566 1161 1639 1258 spi-

465 1283 557 1356 ritus
581 1281 797 1374 luminosus,
812 1273 906 1374 cori;
924 1279 1025 1374 idest„
1044 1281 1093 1355 ila
1110 1282 1287 1376 loquutus
1307 1288 1363 1356 est
1383 1301 1471 1356 cum
1490 1303 1638 1356 summa

464 1403 668 1496 allectione,
694 1404 776 1475 ond’
788 1404 823 1474 io
849 1405 893 1474 m'
906 1406 1005 1475 alten
1036 1423 1061 1474 n
1095 1404 1156 1495 lui,
1191 1401 1295 1495 idest,
1325 1409 1465 1477 attente
1495 1403 1637 1497 respexi

465 1530 502 1598 et
529 1523 649 1600 notavi
677 1524 816 1618 ipsum;
843 1529 880 1598 et
904 1523 1008 1597 dicit:
1032 1528 1154 1616 pescia
1172 1526 1297 1596 rivotsi
1319 1527 1348 1596 it
1372 1527 1446 1596 niso
1466 1527 1540 1597 atta
1567 1527 1639 1596 min

464 1647 598 1736 donna,
616 1663 659 1724 ac
676 1645 705 1718 si
722 1645 832 1719 vellet
856 1643 997 1719 dicere:
1019 1651 1144 1718 sancte
1161 1645 1270 1738 Deus,
1289 1644 1372 1738 quis
1396 1653 1452 1718 est
1473 1645 1552 1739 iste,
1572 1644 1637 1738 qui

467 1767 552 1841 lecit
576 1765 663 1838 mibi
690 1771 832 1844 tautum
861 1765 1005 1858 testum,
1032 1766 1157 1860 etqui
1189 1765 1361 1860 praedicat
1391 1765 1438 1840 de
1470 1786 1531 1840 me
1563 1773 1637 1838 tam

468 1885 664 1981 optabilia?
690 1885 733 1959 llt
758 1885 944 1978 sequitur:
971 1907 990 1958 e
1013 1887 1195 1978 stupesatto
1217 1888 1284 1979 snt,
1312 1905 1359 1959 ex
1390 1905 1433 1960 re
1456 1885 1575 1960 subita
1602 1893 1641 1958 et

470 2006 639 2097 mirabili,
664 2009 792 2097 qnod,
817 2006 919 2099 idest,
952 2026 999 2080 ex
1025 2011 1129 2101 parte
1155 2007 1250 2078 itlius
1277 2006 1436 2100 spiritus,
1462 2029 1482 2078 e
1506 2009 1640 2099 mindi,

469 2123 605 2200 scilicet
629 2147 676 2201 ex
702 2133 806 2222 parte
831 2126 1019 2220 Beatrieis;
1044 2125 1207 2201 declarat
1232 2127 1391 2200 subdens
1419 2147 1553 2220 quare:
1580 2122 1642 2200 cbe'
1693 2221 1698 2232 .
1799 2173 1804 2186 .

468 2267 515 2320 un
539 2250 627 2339 riso,
653 2247 755 2342 idest,
783 2248 917 2344 iaetitia,
943 2251 1078 2321 ardena
1104 2251 1229 2321 dentre
1255 2250 1330 2337 opti
1353 2250 1450 2321 occdi
1478 2251 1568 2348 suoi,
1592 2247 1639 2320 'in

468 2366 603 2462 quibus
629 2369 792 2443 maxime
816 2371 954 2444 eminet
977 2369 1089 2443 decor
1119 2367 1217 2462 eius;
1244 2375 1280 2442 et
1310 2367 1406 2461 dicit,
1438 2371 1500 2461 tat,
1534 2369 1639 2462 idest,

470 2496 544 2564 tam
571 2489 876 2583 superexcellens,
898 2491 998 2563 cb'io
1018 2493 1145 2582 pensat
1170 2496 1289 2562 toccar
1314 2493 1349 2562 to
1368 2478 1481 2582 fondo
1505 2491 1543 2562 di
1568 2493 1640 2562 mia

468 2613 599 2700 pruzia
615 2632 634 2682 e
650 2613 707 2684 det
723 2614 792 2683 mio
805 2614 993 2702 paradiso,
1012 2611 1102 2686 idest
1126 2611 1337 2705 pervenisse
1354 2611 1399 2684 ad
1418 2611 1527 2686 tinem
1554 2632 1641 2708 gra-

471 2731 531 2804 uae
551 2730 640 2804 mibi
661 2749 844 2805 concessae
869 2752 889 2804 a
916 2731 993 2804 Deo
1015 2737 1053 2805 et
1075 2751 1168 2804 meae
1194 2730 1438 2822 beatitudinis,
1460 2731 1564 2823 quasi
1585 2731 1641 2804 di-

469 2857 547 2924 cat:
575 2849 673 2923 visus
698 2869 781 2923 sum
810 2851 896 2923 mibi
923 2870 1004 2924 esse
1029 2852 1157 2945 plenus
1192 2849 1435 2942 beatitudiuis,
1465 2854 1520 2923 coi
1548 2854 1638 2943 miei,

469 2965 606 3044 scilicet
631 2969 746 3044 oculis
772 2970 1085 3044 intellectualibus.
1106 2970 1147 3042 Et
1165 2976 1249 3044 nola
1268 2970 1366 3063 quod
1384 2976 1493 3043 autor
1515 2975 1642 3063 aperte

470 3089 573 3185 tingit
600 3090 667 3164 boc
694 3091 860 3182 innuens,
879 3090 977 3184 quod
998 3091 1142 3164 Beatrix
1174 3090 1279 3164 valde
1304 3093 1450 3163 laetatur
1467 3091 1513 3164 de
1531 3091 1641 3164 laude

471 3217 508 3284 et
533 3211 851 3285 commendatione
876 3208 1015 3284 alumni
1042 3211 1109 3302 sui,
1129 3211 1191 3304 qui
1219 3209 1273 3283 bis
1300 3211 1513 3284 merebatur
1534 3231 1642 3305 para·

472 3331 592 3404 disum
609 3328 657 3424 (⁸),
683 3332 747 3425 qui
771 3337 845 3404 tam
873 3331 957 3422 alte,
977 3337 1049 3404 tarn
1075 3331 1201 3424 pulcre
1219 3330 1390 3404 describit
1413 3331 1531 3425 ipsum
1555 3351 1642 3425 poe

471 3450 541 3524 tice
556 3442 604 3544 (²),
619 3458 656 3524 et
675 3450 720 3524 ad
741 3450 1040 3524 manifestandam
1054 3450 1210 3545 gloriam
1225 3451 1311 3524 liei:
1327 3450 1385 3524 vel
1404 3452 1539 3543 verius,
1555 3451 1640 3546 quia

337 3615 342 3624 ·
470 3577 580 3644 autor
605 3589 650 3645 ex
679 3570 747 3644 boc
774 3571 982 3666 magnificat
1007 3577 1044 3644 et
1070 3571 1208 3644 extollit
1235 3571 1385 3664 stirpem
1404 3591 1523 3664 suam,
1545 3570 1644 3664 quod

470 3697 527 3764 est
551 3709 698 3764 summe
722 3689 947 3783 delectabile,
973 3690 1065 3763 sicut
1092 3689 1168 3783 ipse
1188 3696 1298 3764 autor
1315 3696 1471 3763 testatur
1488 3688 1525 3762 in
1543 3689 1643 3785 priu-

471 3811 564 3906 cipio
588 3810 735 3906 capituli
763 3811 932 3906 proxime
957 3810 1153 3904 sequentis.
1222 3874 1224 3877 ,

545 3933 797 4020 Indi,oudire.
825 3931 894 4004 ista
920 3937 974 4004 est
1001 3930 1160 4003 secunda
1186 3950 1272 4024 pars
1297 3928 1479 4024 generatis
1506 3929 1541 4002 iu
1568 3951 1642 4023 qua

470 4053 588 4127 dictus
613 4051 759 4146 spiritus
786 4052 990 4148 regratians
1015 4051 1092 4124 Deo
1127 4053 1285 4124 laetatur*
1306 4051 1353 4124 dc
1383 4050 1542 4124 adventu
1578 4071 1645 4124 ex·

473 4179 615 4268 pectato
639 4173 791 4265 autoris,
818 4181 856 4246 el
880 4171 988 4246 otiert
1015 4193 1055 4246 se
1081 4171 1245 4266 petitioni
1272 4192 1369 4266 suae3
1389 4179 1427 4246 et
1451 4177 1562 4247 autor
1579 4192 1645 4246 ex·

471 4313 604 4366 cusans
624 4311 665 4366 se
682 4292 904 4388 regratiatus
925 4293 985 4385 illi,
1002 4300 1038 4367 et
1057 4293 1143 4385 petit
1162 4293 1245 4386 quis
1265 4291 1646 4386 subintrantium

472 4411 658 4506 praemittit
682 4413 792 4486 altam
822 4413 1073 4507 loquutionern
1102 4420 1237 4486 elnon
1264 4412 1525 4507 intelligibilem
1552 4413 1646 4486 itlius

471 4531 629 4626 spiritus,
655 4531 796 4606 dicens:
824 4535 917 4623 indi,
942 4532 1045 4623 idest,
1071 4539 1150 4625 post
1175 4531 1270 4606 dicta
1295 4531 1421 4624 verba,
1457 4535 1491 4605 to
1521 4535 1645 4626 spiro),

472 4651 620 4745 scilicet,
646 4651 906 4748 Caeciaguidae‚
932 4654 1120 4743 placendo,
1146 4651 1249 4745 idest,
1276 4651 1400 4725 bilaris
1426 4660 1463 4725 et
1487 4652 1647 4727 delecta-

473 4771 563 4864 bilis,
597 4794 623 4844 n
652 4775 766 4866 adire,
806 4771 891 4865 qrria
924 4773 1049 4846 taetum
1089 4779 1126 4845 el
1161 4771 1374 4846 delectabile
1411 4778 1491 4846 erat
1525 4776 1646 4847 autori

536 4957 564 5015 (¹)
583 4957 611 5008 li.
628 4958 782 5020 paradisum,
798 4964 824 5007 ct
842 4972 901 5008 vere
918 4958 1064 5020 paradisum
1081 4956 1232 5007 merebatur
1247 4957 1292 5022 qui
1310 4962 1371 5008 tam.

537 5029 565 5094 l'l
581 5031 612 5082 Ε.
629 5033 728 5096 poetice
743 5033 775 5082 ud
792 5033 1013 5083 manifestandam.
