4842 6642
759 832 831 898 212
974 796 977 803 ’
1151 838 1358 895 conemur
1382 836 1550 892 nuatum

759 988 962 1085 proborum
988 986 1122 1063 emittit
1146 1006 1191 1061 ex
1219 1006 1261 1061 se
1285 986 1413 1060 lumen
1429 982 1604 1060 claritatis
1625 989 1663 1058 et
1686 982 1825 1079 gloriae,
1846 981 1933 1076 quia

759 1109 954 1205 praemium
980 1106 1270 1203 inseparabiliter
1294 1105 1495 1181 comitatur
1527 1104 1716 1197 virtulem,
1741 1110 1778 1179 et
1808 1104 1932 1179 statim

759 1252 847 1309 cum
865 1232 982 1308 virtus
1001 1234 1057 1305 est
1083 1234 1168 1303 nota
1194 1233 1250 1303 cst
1274 1228 1374 1303 clara
1391 1234 1429 1302 ct
1445 1227 1625 1323 gloriosa;
1651 1224 1734 1301 ideo
1753 1226 1849 1301 bene
1867 1245 1934 1321 per

760 1352 1044 1429 nominationem
1083 1350 1236 1424 istorum
1271 1347 1433 1444 intellige
1469 1346 1754 1422 notificationem
1787 1366 1931 1421 eornm.

759 1480 865 1547 -lit
888 1476 927 1547 at
949 1492 1061 1545 nome.
1087 1469 1151 1543 llic
1176 1474 1287 1543 antm
1313 1467 1478 1542 nominat
1501 1467 1615 1542 alium
1649 1466 1771 1542 virum
1798 1466 1931 1541 lortem

759 1594 893 1671 veteris
919 1590 1138 1685 testamenti,
1155 1588 1292 1665 scilicet
1316 1588 1447 1664 ludam
1472 1588 1733 1663 llaclrabaenm.
1753 1587 1807 1662 ld
1823 1588 1932 1662 cuius

759 1712 1033 1809 intelligentiam
1058 1716 1114 1785 est
1138 1708 1419 1804 praesciendum,
1437 1708 1537 1802 quod
1554 1707 1647 1782 luda
1670 1708 1739 1783 iste
1764 1707 1832 1782 luit
1856 1706 1933 1782 ior·

758 1833 929 1927 tissimus,
956 1831 1019 1927 qui
1045 1830 1232 1927 pugnavit,
1260 1836 1301 1903 ut
1336 1828 1471 1926 legitur
1502 1828 1596 1902 libro
1622 1829 1932 1921 llachabaeorum,

758 1975 825 2050 pro
862 1952 1110 2029 defensionem
1150 1950 1275 2045 templi
1312 1956 1396 2044 etc,
1433 1948 1499 2043 qui
1531 1948 1590 2022 dic
1625 1969 1700 2043 qna
1733 1947 1861 2023 cecidit
1896 1947 1933 2021 in

758 2072 889 2171 proelio
915 2073 1013 2147 mille
1040 2070 1171 2146 milites
1206 2070 1398 2165 interiecit,
1424 2069 1454 2143 si
1482 2070 1665 2164 scriptura
1697 2089 1770 2142 non
1800 2068 1933 2144 menti·

758 2202 833 2290 tur,
859 2193 959 2288 quod
985 2193 1078 2267 bene
1102 2190 1202 2266 credi
1228 2195 1345 2285 potest
1370 2190 1417 2265 de
1441 2189 1562 2265 amico
1587 2188 1664 2283 Ilei,
1690 2188 1838 2284 qnando
1863 2190 1933 2263 hoc

760 2319 934 2390 narratur
959 2321 995 2388 et
1021 2312 1183 2387 creditur
1211 2312 1259 2386 de
1291 2331 1446 2408 pagano,
1471 2310 1566 2384 sicut
1599 2309 1646 2386 de
1677 2311 1844 2385 Hectore.
1879 2311 1933 2384 Ad

760 2436 904 2511 literam
931 2454 1032 2531 ergo,
1050 2432 1136 2508 dicit
1156 2437 1286 2507 autor:
1304 2438 1338 2505 E
1352 2434 1424 2506 cidi
1440 2453 1488 2505 no
1504 2433 1611 2525 altro,
1631 2430 1777 2525 scilicet,
1795 2431 1932 2524 lumen,

760 2558 935 2629 muoocrst
950 2557 1134 2648 rotcoodo,
1151 2553 1254 2647 idest,
1267 2552 1490 2647 circulando,
1503 2555 1544 2625 ot
1554 2573 1657 2625 nome
1671 2554 1821 2627 dcllcdo
1833 2557 1933 2626 Μαο-

760 2676 879 2765 οαῠεο,
904 2673 968 2770 qni
994 2673 1061 2747 init
1086 2681 1161 2748 tam
1187 2674 1284 2748 altus
1305 2678 1343 2747 et
1361 2672 1630 2769 magnanimus,
1648 2678 1691 2745 nt
1709 2672 1848 2747 dictum
1866 2680 1931 2748 est.

760 2796 805 2869 Et
829 2794 991 2868 declarat
1016 2812 1164 2867 causam
1194 2799 1403 2868 moventem
1428 2792 1548 2888 ipsum
1565 2792 1795 2867 circulariter
1814 2797 1851 2867 et
1869 2813 1935 2867 ve·

760 2914 888 2990 lociter
913 2935 980 3010 per
1005 2934 1117 2988 unam
1145 2913 1457 3009 comparationem
1482 2912 1721 2988 domesticam
1739 2920 1777 2988 et
1792 2904 1828 3006 (⁴)
1848 2933 1935 3009 pro·

763 3034 881 3129 priam
918 3034 964 3107 ad
1002 3034 1228 3129 propositum
1268 3055 1389 3107 sunm.
1426 3032 1479 3107 ld
1513 3032 1620 3107 cuius
1652 3032 1935 3128 comparationis

761 3152 1036 3249 intelligentiam
1063 3159 1207 3249 oportet
1233 3154 1414 3249 prescire,
1433 3154 1533 3248 quod
1558 3153 1706 3249 paleum
1724 3159 1781 3228 est
1797 3152 1935 3228 instru-

763 3281 929 3349 mentum
952 3274 1135 3369 quoddam
1156 3276 1330 3371 ligneum,
1348 3295 1424 3370 quo
1444 3274 1552 3371 pueri
1568 3274 1700 3349 ludunt
1715 3272 1931 3369 Florentiae3

724 3486 727 3491 Ι
762 3399 799 3469 ct
825 3398 880 3468 est
904 3392 1009 3488 quasi
1026 3393 1195 3468 dimidius
1213 3396 1375 3489 trochus,
1392 3394 1471 3469 sive
1486 3395 1747 3490 semitrochus3
1765 3400 1820 3471 est
1837 3394 1935 3470 enim

761 3512 798 3586 in
823 3512 1005 3608 superiori
1030 3520 1134 3608 parte
1158 3514 1305 3609 amplus
1330 3522 1367 3589 et
1392 3515 1533 3610 planus,
1560 3516 1596 3589 in
1618 3514 1780 3590 interiori
1806 3522 1936 3590 rotun·

761 3634 842 3729 dus,
868 3633 1020 3709 tendens
1045 3634 1081 3707 in
1107 3641 1271 3709 acutum.
1291 3635 1397 3710 llodo
1422 3635 1527 3731 pueri
1552 3636 1688 3711 habent
1714 3656 1826 3710 unam
1852 3655 1937 3709 cor·

761 3755 885 3829 dulam
913 3755 970 3830 vel
996 3754 1185 3851 cingulum
1211 3754 1400 3852 alligatum
1429 3756 1492 3830 uni
1518 3756 1633 3853 virge
1647 3748 1699 3851 (¹),
1716 3762 1754 3831 et
1771 3761 1936 3831 tenentes

763 3875 904 3971 virgam
936 3874 974 3948 in
1009 3895 1135 3970 mann,
1161 3876 1372 3970 percutiunt
1393 3878 1545 3972 paleum
1575 3896 1662 3950 cum
1697 3876 1847 3951 cordula
1877 3876 1935 3951 vel

762 3995 921 4093 cingulo,
939 4015 1026 4070 cum
1043 3996 1122 4091 jam
1148 3996 1302 4091 coeperit
1328 3996 1469 4073 moveri
1496 3998 1533 4069 in
1557 3981 1712 4095 gyrum,
1738 4004 1847 4072 etex
1874 3996 1935 4071 tali

764 4115 1000 4210 percussione
1024 4114 1239 4190 continuant
1264 4115 1327 4191 din
1353 4118 1464 4192 talem
1483 4122 1627 4192 motum
1647 4116 1867 4192 circularem
1883 4107 1934 4211 (⁸),

763 4235 841 4310 sive
865 4234 1152 4310 circulationem.
1180 4236 1286 4311 llodo
1309 4236 1356 4311 ad
1381 4237 1608 4333 propositum
1626 4239 1707 4312 vult
1724 4238 1847 4313 dicere
1866 4259 1935 4313 an-

765 4363 833 4452 tor,
861 4356 959 4452 quod
985 4355 1078 4430 sicut
1104 4356 1207 4453 virga
1233 4362 1288 4432 est
1305 4379 1389 4452 qnae
1406 4365 1534 4433 causat
1552 4366 1696 4434 motum
1716 4358 1935 4434 circularem

764 4478 800 4549 in
819 4476 879 4550 illo
897 4475 1014 4571 paleo,
1040 4476 1089 4550 ita
1115 4497 1136 4549 a
1163 4475 1270 4552 simili
1295 4478 1417 4553 laetitia
1440 4486 1631 4574 umquam
1655 4478 1758 4576 virga
1781 4477 1936 4553 iaciebat

766 4603 909 4671 motum
935 4595 1152 4677 circularem
1184 4597 1222 4671 in
1253 4598 1314 4673 illo
1344 4598 1484 4693 spiritu.
1509 4598 1602 4675 llicit
1632 4619 1743 4696 ergo:
1776 4621 1796 4673 e
1824 4602 1938 4673 letitia

766 4737 831 4789 cro
861 4721 980 4811 saza,
1014 4716 1117 4811 idest,
1144 4718 1260 4815 virga,
1293 4721 1350 4793 dcl
1377 4723 1497 4813 paleo,
1530 4718 1634 4813 idest,
1665 4718 1760 4793 illius
1791 4719 1939 4815 spiritus

828 4974 856 5041 (¹)
873 4975 902 5026 n.
919 4988 934 5027 e
950 4975 975 5027 S.
991 4977 1035 5028 sed
1051 4978 1192 5041 propriam.
1256 4976 1285 5043 (¹)
1300 4979 1326 5030 S.
1342 4979 1460 5044 repub.
1526 4980 1596 5045 ms.
1612 4980 1770 5033 circnlm
1785 4980 1812 5030 in
1827 4978 1911 5044 paleo
