4842 6642
468 1218 634 1288 CANTUS
664 1221 894 1290 VIGESIMUS
924 1223 1136 1307 QUARTUS,
1160 1228 1197 1293 iu
1219 1249 1279 1312 quo
1295 1232 1430 1312 ponitur
1449 1231 1517 1296 vito
1539 1229 1640 1310 tenta,

592 1335 636 1400 od
658 1356 753 1418 quom
776 1337 956 1402 ascenditur
972 1359 1036 1420 per
1056 1340 1159 1420 fidae,
1182 1361 1269 1424 mem
1293 1347 1323 1408 ct
1343 1344 1516 1410 rudimen.

549 1599 841 1770 Osobxmzio
853 1701 950 1772 eletto
962 1701 1036 1772 ulla
1047 1721 1143 1791 prun
1155 1723 1252 1776 cena.
1264 1704 1460 1796 Postquam
1476 1703 1512 1776 in
1526 1723 1637 1798 supe-

469 1816 557 1892 riori
583 1817 741 1912 capitulo
759 1819 927 1914 proxime
945 1820 1162 1914 praecedenti
1183 1828 1292 1896 autor
1311 1827 1433 1896 noster
1451 1822 1639 1917 descripsit

469 1937 725 2013 universaliter
758 1937 828 2012 sub
859 1937 978 2033 ligura
1010 1940 1269 2037 triumphalem
1306 1941 1469 2016 militiam
1500 1942 1636 2016 summi

468 2058 710 2153 imperatoris,
728 2058 834 2134 tulus
858 2059 1048 2134 custodem
1075 2067 1113 2135 et
1137 2061 1329 2136 ductorem
1348 2061 1467 2156 posuit
1484 2063 1635 2136 Petrum

467 2178 667 2274 principem
693 2179 964 2275 apostolorum3
991 2201 1090 2256 nunc
1106 2189 1375 2276 consequenter
1392 2182 1543 2258 intendit
1562 2191 1638 2258 tra-

465 2306 568 2374 ctare
580 2300 626 2375 de
637 2300 812 2396 gradibus
825 2321 892 2394 per
904 2321 998 2396 quos
1011 2301 1310 2398 principalissime
1323 2303 1433 2398 possit
1445 2304 1589 2380 ascendi
1599 2299 1637 2397 (¹)

464 2417 510 2492 ad
528 2439 733 2513 supernum
756 2439 927 2515 regnum,
954 2420 990 2493 in
1017 2442 1092 2514 quo
1119 2421 1320 2516 triumphat
1340 2421 1397 2496 illa
1417 2423 1541 2497 militia
1569 2424 1637 2498 sub

466 2539 610 2614 Christo
628 2539 790 2634 principe
815 2547 853 2614 et
878 2541 987 2614 Petro
1003 2539 1108 2616 duee.
1131 2541 1174 2615 Et
1194 2541 1281 2635 quia
1299 2548 1374 2618 tres
1394 2549 1479 2616 sunt
1499 2542 1637 2639 gradus

467 2659 654 2756 precipui,
678 2659 815 2735 scilicet
846 2659 946 2753 tides,
972 2681 1066 2755 spes,
1092 2661 1237 2755 caritas,
1266 2661 1349 2736 ideo
1373 2662 1411 2735 in
1443 2662 1510 2736 isto
1542 2683 1638 2759 prae-

467 2781 559 2856 senti
585 2779 744 2875 capitulo
770 2780 896 2854 llllllll
929 2777 1126 2856 introducit
1154 2780 1290 2856 dictum
1325 2782 1474 2857 Petrum
1505 2782 1637 2859 lunda-

467 2907 634 2976 mentum
661 2901 744 2976 fidei
758 2892 809 2996 (²),
835 2902 899 2996 qui
925 2902 1111 2976 examinat
1128 2901 1248 2997 ipsum
1266 2909 1434 2978 autorem
1454 2903 1499 2980 de
1516 2905 1635 2999 prima
1664 2883 1668 2890 ¹

430 3007 604 3096 'virtute
627 3021 844 3117 theologica,
870 3022 1016 3117 scilicet,
1051 3021 1131 3098 lide.
1165 3023 1209 3096 Et
1243 3041 1401 3118 praesens
1435 3024 1634 3118 capitulum

390 3175 395 3188 ·
465 3141 628 3216 breviter
661 3147 779 3237 potest
808 3142 917 3218 dividi
950 3143 987 3217 in
1021 3151 1183 3238 quatuor
1216 3148 1338 3238 partes
1368 3145 1570 3240 generales.
1598 3147 1637 3220 ln

466 3261 584 3357 prima
610 3283 770 3357 quarum
797 3270 907 3338 autor
940 3262 1112 3338 describit
1144 3262 1348 3338 orationem
1385 3263 1557 3339 beatricis
1591 3266 1637 3340 ad

463 3381 663 3479 collegium
698 3383 962 3478 apostolorum.
996 3384 1037 3456 ln
1071 3383 1232 3459 secunda
1268 3383 1398 3458 beatus
1429 3385 1559 3459 Petrus
1590 3386 1636 3460 ad

463 3522 592 3597 preces
617 3502 792 3578 Beatricis
816 3502 1004 3578 examinat
1027 3511 1197 3578 autorem
1225 3502 1272 3577 de
1305 3501 1375 3578 fide
1404 3509 1441 3578 et
1472 3505 1635 3578 articulis

462 3623 557 3717 fidei,
574 3623 642 3697 ibi:
669 3628 717 3698 Di
741 3627 864 3717 queltr.
890 3625 930 3697 ln
957 3624 1064 3699 tertia
1090 3624 1220 3698 Petrus
1239 3628 1437 3718 pertractat
1462 3624 1633 3719 quaedam

462 3743 573 3818 dubia
604 3745 703 3819 circa
739 3745 931 3820 materiam
967 3743 1061 3838 fidei,
1087 3743 1159 3818 ibi:
1186 3748 1249 3816 Ma
1278 3745 1408 3816 diremi.
1434 3743 1475 3816 ln
1500 3749 1634 3836 quarta

462 3870 500 3938 et
524 3863 654 3938 ultima
679 3864 831 3958 inquirit
855 3864 903 3938 ab
927 3871 1059 3940 autore
1083 3863 1130 3938 de
1161 3863 1271 3937 modo
1301 3863 1524 3938 credulitatis
1555 3864 1634 3938 eius
1665 3855 1673 3870 '

461 3983 561 4058 circa
586 3984 718 4059 dictam
746 3984 868 4079 fidem,
894 3983 961 4058 ibi:
990 3990 1023 4058 Ε
1044 3986 1124 4076 quel
1146 3984 1271 4056 borco.
1299 3982 1350 4057 Ad
1376 3983 1536 4077 primurn
1569 4005 1635 4060 ve·

463 4104 566 4178 niens
590 4104 683 4200 dico,
710 4106 809 4200 quod
833 4113 943 4180 autor
968 4105 1139 4181 describit
1164 4104 1368 4179 orationem
1396 4103 1569 4180 Beatrieis
1587 4105 1655 4180 ad·
1683 4203 1685 4210 y

462 4223 656 4322 collegium
684 4225 947 4320 apostolorum,
975 4225 1011 4298 in
1037 4245 1111 4320 qua
1130 4224 1249 4320 primo
1270 4223 1355 4298 lacit
1376 4223 1567 4299 exordium
1588 4225 1634 4300 ad

461 4345 676 4440 captandam
705 4346 1011 4440 benevolentiam,
1036 4345 1179 4420 dicens:
1214 4348 1244 4418 0
1269 4347 1453 4436 sodalitio,
1482 4343 1585 4438 idest,
1610 4366 1634 4418 o

461 4465 687 4539 consortium
714 4466 984 4561 apostolorum3
1012 4485 1097 4539 nam
1125 4464 1256 4538 sodalis
1276 4463 1423 4559 proprie
1443 4469 1497 4537 est
1514 4463 1634 4538 socius

461 4582 498 4657 in
524 4603 673 4678 meusa3
699 4584 797 4660 unde
822 4585 928 4660 dicit:
961 4588 1059 4659 eletto
1092 4586 1165 4657 olto
1198 4604 1296 4677 prore
1323 4604 1424 4674 cena,
1453 4581 1555 4677 idest,
1586 4584 1632 4658 ad

459 4725 606 4780 coenam
624 4706 769 4780 Domini
796 4706 831 4779 in
858 4706 917 4781 die
933 4705 1031 4780 lovis
1051 4705 1176 4798 sancti,
1195 4711 1233 4778 et
1253 4725 1319 4799 per
1338 4723 1567 4799 consequens
1584 4705 1631 4778 ad

523 4963 553 5031 (¹)
568 4967 599 5017 E.
616 4967 764 5018 ascendere.
829 4965 834 4974 ’
1014 4964 1042 5029 (¹)
1059 4927 1090 5017 m
1106 4968 1184 5017 lolius
1199 4965 1268 5018 utel.
