4842 6642
892 877 914 943 8
1284 888 1487 946 nonnarum
1511 893 1680 946 nnnnnrsr

890 1032 997 1108 netiae
1026 1054 1141 1129 prope
1178 1034 1416 1110 Concordiam
1450 1057 1523 1109 non
1553 1036 1661 1132 longe
1691 1038 1740 1112 ab
1768 1037 1933 1130 Aquileia
1959 1037 2059 1130 quod

890 1154 1014 1228 dividit
1039 1154 1175 1230 Forum
1206 1154 1290 1228 lulli
1319 1176 1342 1229 a
1369 1157 1530 1230 Marclria
1558 1157 1754 1250 Trivisina;
1780 1163 1818 1232 et
1841 1163 1897 1232 est
1922 1158 2060 1234 llumen

892 1295 1005 1368 rapax
1030 1282 1068 1348 et
1093 1274 1213 1350 fallax.
1240 1275 1380 1348 Athesis
1404 1282 1460 1352 est
1485 1277 1623 1352 dumen
1639 1277 1738 1371 quod
1754 1277 1890 1352 labitur
1910 1297 1977 1372 per
1990 1277 2062 1353 Ve-

891 1415 1020 1469 ronam
1046 1395 1091 1469 ad
1112 1396 1262 1470 modum
1283 1396 1461 1490 serpentis
1478 1398 1644 1490 tortuosi,
1664 1398 1711 1473 de
1728 1418 1803 1492 qno
1819 1398 1904 1474 alibi
1921 1398 2059 1474 dictum

891 1523 955 1592 est.
982 1517 1027 1590 Et
1051 1518 1148 1611 quod
1174 1525 1230 1592 est
1263 1516 1390 1612 peius:
1423 1513 1470 1592 nc*
1490 1540 1555 1608 per
1579 1539 1673 1592 esser
1700 1520 1843 1609 bottulo,
1871 1519 1962 1594 idest
1993 1520 2059 1594 tla-

890 1638 1021 1733 gellata
1053 1657 1119 1732 per
1151 1636 1373 1728 Eocelinum,
1408 1637 1471 1731 qui
1503 1638 1712 1731 biarchiam,
1747 1639 1961 1713 viridarium
1992 1659 2058 1714 vo·

890 1758 1083 1851 luptatum,
1109 1757 1194 1830 lecit
1210 1757 1316 1849 quasi
1334 1758 1526 1832 heremum
1546 1759 1746 1832 solitudinis
1762 1759 1928 1851 deserte,
1944 1779 2058 1834 macor

887 1881 918 1950 si
938 1885 1052 1972 pente,
1078 1877 1180 1970 idest,
1199 1897 1272 1952 non
1290 1878 1498 1971 corrigitur,
1517 1899 1590 1954 non
1606 1880 1843 1974 emendatum
1864 1881 1945 1955 ideo
1962 1901 2058 1956 nova

890 2017 997 2092 poena
1028 2004 1179 2091 paratur
1208 1996 1433 2070 sibi—Mo.
1460 1997 1526 2072 llic
1550 1998 1693 2074 Cunitia
1718 1999 1938 2094 ltraenuntiat
1963 2018 2058 2074 nove

890 2117 1030 2212 llagella
1055 2117 1092 2191 in
1118 2117 1221 2191 brevi
1248 2123 1426 2191 eventura
1458 2118 1674 2212 provinciae3
1699 2126 1737 2193 et
1761 2119 1880 2213 primo
1912 2119 2058 2212 Paduae,

888 2257 973 2330 quae
998 2238 1098 2332 prius
1123 2238 1243 2312 luerat
1261 2237 1398 2312 tamdiu
1417 2238 1578 2312 desolata
1595 2259 1663 2334 per
1682 2239 1914 2332 Eccelinum3
1933 2244 2059 2332 postea

889 2359 956 2432 luit
980 2357 1160 2453 llagellata
1186 2378 1252 2451 per
1275 2351 1441 2448 aliuml¹l
1468 2365 1668 2454 tyrannum
1700 2357 1865 2451 Veronae,
1903 2358 1966 2451 qui
1993 2377 2059 2433 vo·

889 2485 993 2552 catus
1019 2486 1073 2552 est
1098 2477 1203 2555 Canis
1228 2478 1381 2552 Grandis
1406 2478 1453 2551 de
1477 2479 1512 2553 la
1537 2478 1652 2554 Scala.
1679 2478 1733 2552 ml
1753 2479 1853 2571 quod
1869 2483 1924 2552 est
1940 2477 2060 2552 scien-

888 2598 991 2690 dum,
1016 2597 1116 2690 quod
1142 2597 1300 2692 paduani
1325 2619 1422 2672 anno
1448 2598 1592 2672 Domini
1609 2597 1818 2691 mmccxlii,
1837 2619 1972 2694 magno
1992 2618 2058 2691 ap·

889 2725 1018 2812 paratu
1057 2717 1153 2810 belli,
1193 2724 1278 2811 puta
1314 2738 1399 2793 cum
1432 2716 1577 2792 duobus
1612 2718 1770 2792 millibus
1807 2718 1988 2811 equitum,
2021 2725 2058 2792 et

888 2837 1013 2933 viginti
1040 2838 1197 2912 millibus
1215 2838 1378 2932 peditum
1398 2816 1612 2914 invaserunt
1632 2839 1844 2929 licentiam,
1866 2859 1952 2932 quae
1968 2838 2058 2912 alias

889 2958 1008 3032 luerat
1026 2978 1168 3032 eorum.
1190 2957 1308 3050 Canis,
1324 2959 1472 3052 juvenis
1488 2967 1662 3033 strenuus
1682 2965 1720 3034 et
1740 2958 1954 3054 intrepidus,
1979 2959 2057 3034 riso
2097 2962 2099 2965 ’

888 3079 991 3174 signo
1018 3079 1152 3152 facium
1177 3078 1384 3152 ardentium
1412 3080 1448 3152 in
1474 3079 1650 3171 turribus,
1676 3080 1876 3154 Vicentiarn
1902 3078 2058 3154 incredi-

888 3200 948 3273 bili
975 3199 1162 3274 celeritate
1187 3200 1296 3274 venit.
1324 3201 1366 3272 llt
1392 3200 1621 3276 considerato
1645 3221 1692 3274 err
1717 3201 1790 3274 alta
1815 3199 1909 3272 turri
1931 3199 2059 3274 ordine

889 3319 1044 3397 bostium
1072 3318 1376 3412 inordinatorum,
1402 3340 1468 3414 per
1492 3341 1603 3414 agros
1630 3320 1853 3414 vagantium,
1875 3340 1963 3394 curn
1989 3320 2058 3394 mi·

887 3460 957 3513 nus
983 3447 1132 3515 centum
1158 3441 1342 3534 equitibus
1368 3448 1405 3516 et
1430 3442 1554 3536 populi
1580 3442 1690 3515 turba
1715 3441 1823 3514 irruit
1852 3461 1965 3536 super
1988 3442 2058 3516 du-

887 3579 968 3634 cem
996 3559 1265 3654 paduanorum,
1286 3560 1350 3655 qui
1369 3560 1456 3635 dato
1474 3569 1579 3655 tergo
1595 3567 1750 3636 ceteros
1762 3552 1800 3652 (²)
1819 3582 1945 3636 senum
1967 3583 2057 3637 con·

888 3680 996 3768 vertit
1028 3681 1064 3754 in
1097 3681 1233 3776 lugam.
1267 3682 1374 3756 Canis
1402 3683 1503 3755 velut
1532 3683 1641 3776 lupus
1672 3683 1765 3756 inter
1794 3703 1893 3773 ovas,
1928 3702 2058 3758 ornnes

887 3799 1053 3893 dispersit
1076 3821 1162 3874 cum
1189 3822 1303 3896 parva
1328 3801 1450 3893 caede3
1477 3801 1583 3902 multi
1608 3801 1702 3895 capti
1727 3807 1824 3895 sunt,
1845 3802 1940 3877 inter
1964 3823 2058 3895 quos

887 3921 1045 3996 lacobus
1062 3921 1108 3996 de
1124 3921 1294 3996 Carraria
1312 3942 1469 4018 magnus
1485 3922 1653 4017 princeps
1672 3921 1875 4015 paduanus,
1900 3929 1937 3996 ει
1959 3925 2057 3997 llus-

888 4051 988 4116 satus
1016 4050 1134 4137 poeta.
1162 4042 1343 4116 Paduanis
1368 4063 1497 4138 pacem
1531 4043 1736 4138 petentibus
1770 4063 1842 4136 par
1876 4042 1961 4118 data
1990 4051 2055 4119 est.

887 4166 972 4238 Post
988 4163 1177 4240 biennium
1196 4163 1332 4238 iterum
1351 4163 1508 4257 paduani
1527 4184 1593 4258 per
1612 4164 1738 4237 dolum
1759 4169 1900 4238 tentant
1919 4164 2057 4240 babere
2106 4263 2110 4271 Ι

887 4285 1097 4361 Vicenliam.
1125 4283 1233 4360 Canis
1249 4303 1335 4359 curn
1357 4285 1545 4380 Ugucione
1565 4285 1612 4359 de
1634 4285 1777 4358 Fazolla
1790 4275 1828 4375 (³)
1857 4285 1937 4358 viro
1961 4291 2057 4360 stre·

888 4405 1073 4499 nuissimo,
1093 4406 1281 4499 explorata
1299 4405 1513 4499 proditione,
1531 4405 1579 4491 de
1597 4411 1704 4479 nocte
1720 4404 1815 4480 clam
1833 4405 1982 4479 intrarit
1997 4406 2058 4480 Vi-

886 4525 1062 4619 centiam;
1080 4533 1117 4601 et
1136 4526 1182 4600 de
1199 4546 1310 4600 mane
1333 4526 1420 4601 dato
1436 4528 1541 4623 signo
1557 4548 1643 4602 cum
1666 4527 1742 4599 suis
1762 4525 1900 4600 inradit
1918 4527 2057 4620 bostem

885 4647 932 4722 de
956 4667 1031 4739 quo
1056 4644 1204 4738 quidam
1231 4649 1444 4722 veronensis
1469 4649 1622 4724 metrice
1645 4648 1808 4742 scripsit:
1831 4653 1915 4720 Eece
1932 4651 2058 4722 Omnis:

885 4769 1021 4860 sopicrc
1037 4768 1109 4858 lupi
1133 4772 1200 4842 eto.
1222 4768 1380 4862 Turpius
1395 4758 1431 4861 (⁴)
1450 4769 1538 4865 luga
1565 4771 1659 4844 lacta
1685 4776 1741 4844 est
1763 4788 1851 4842 cum
1876 4769 2057 4844 occisione

948 4949 977 5014 (¹)
994 4956 1017 5009 t,
1033 4965 1116 5000 nnunn
1133 4957 1281 5015 tyrannum.
1468 4954 1496 5017 ι’)
1513 4957 1544 5005 E.
1561 4963 1670 5007 caeteros
1686 4956 1823 5005 convertit.

950 5026 976 5091 l'l
993 5027 1023 5078 R·
1039 5027 1071 5078 de
1088 5027 1200 5091 anloln.
1468 5033 1496 5094 (¹)
1513 5033 1543 5082 lt.
1558 5046 1574 5082 a
1590 5038 1615 5092 ι,
1631 5033 1727 5096 Turpis
1741 5031 1812 5096 linga.
