4842 6642
800 877 872 948 tou
1189 893 1395 951 conuuruu
1419 897 1589 950 raninisi

799 1039 938 1131 aulaea,
973 1039 1122 1134 scilicet,
1152 1039 1383 1115 ascendendo
1420 1059 1487 1136 per
1519 1041 1675 1135 scalam3
1706 1049 1745 1116 at
1773 1041 1880 1118 dieite
1911 1047 1978 1136 pol

802 1161 830 1231 ε’
843 1163 985 1234 ooootie
1009 1168 1091 1234 tutto
1115 1163 1152 1235 to
1176 1182 1231 1254 aii,
1265 1181 1288 1236 a
1319 1160 1439 1254 simili,
1471 1181 1568 1235 coine
1598 1161 1713 1250 tarto,
1744 1161 1847 1256 ἰάθη,
1879 1161 1974 1244 deut

806 1288 958 1355 venerat
982 1281 1102 1378 primo
1117 1288 1310 1376 tamquam
1330 1281 1565 1356 involucrum
1588 1288 1831 1379 aggregatum
1853 1281 1972 1358 simul.

807 1399 867 1474 list
891 1400 988 1476 enim
1016 1401 1126 1477 turbo
1149 1402 1433 1477 circumvolutio
1451 1407 1646 1478 ventorum
1665 1407 1753 1496 elce
1773 1403 1859 1478 licet
1874 1404 1973 1484 enini

803 1521 963 1616 predicti
1001 1523 1149 1617 spiritus
1186 1529 1223 1598 et
1261 1542 1390 1598 omnes
1423 1521 1483 1598 alil
1516 1541 1612 1618 quos
1644 1529 1754 1596 autor
1787 1522 1974 1619 descripsit

802 1642 1040 1718 ascendentes
1057 1638 1093 1736 (⁴)
1114 1664 1180 1739 per
1199 1643 1361 1741 singuliis
1379 1663 1505 1740 sperae
1524 1641 1749 1717 ostenderint
1771 1663 1813 1717 iio
1837 1642 1875 1716 in
1900 1642 1974 1717 litis

801 1762 1017 1858 corporibus
1043 1763 1287 1858 planetarum,
1313 1769 1438 1838 tamen
1461 1781 1594 1838 ornnes
1610 1759 1746 1837 habent
1765 1783 1851 1837 suaa
1871 1761 1973 1838 sedai

802 1885 840 1956 in
865 1883 960 1958 coelo
978 1905 1175 1981 empyreo3
1201 1882 1284 1958 ideo
1301 1883 1396 1958 bene
1411 1883 1515 1980 linglt
1530 1903 1596 1958 eos
1615 1882 1790 1959 redivisse
1805 1880 1852 1957 ad
1872 1901 1974 1958 iuni·

734 2032 738 2043 ·
803 2023 907 2077 mum
935 2005 1053 2100 scalae,
1080 2023 1164 2100 quae
1190 2005 1420 2100 protenditur
1446 2005 1636 2100 usquead
1662 2005 1791 2078 Deum.

876 2129 928 2198 Lo
953 2128 1049 2200 dona
1074 2128 1206 2200 doario.
1234 2127 1304 2200 lata
1330 2133 1386 2200 est
1410 2133 1542 2221 quarta
1569 2147 1653 2222 para
1670 2115 1916 2222 generatam,
1935 2124 1973 2198 iu

802 2268 875 2341 qua
901 2254 1012 2321 autor
1036 2245 1208 2322 describit
1232 2265 1343 2320 suum
1362 2266 1554 2322 ascensum
1574 2246 1620 2321 ail
1639 2252 1809 2321 octaraui
1825 2263 1972 2341 operam

803 2366 970 2441 Beatiice
983 2365 1192 2462 impellente
1209 2366 1348 2461 ipsum3
1362 2373 1400 2441 et
1416 2365 1572 2440 osteuillt
1589 2365 1775 2460 quomodo
1790 2365 1864 2460 ipsa
1879 2365 1971 2440 Beu-

804 2486 877 2560 trlx
904 2485 1031 2561 lecerit
1055 2508 1143 2561 euni
1162 2486 1295 2583 agilem
1313 2493 1352 2562 et
1368 2485 1532 2562 velocem
1551 2487 1597 2561 ail
1614 2486 1843 2581 sequeniluru
1861 2485 1974 2564 illotus

803 2605 950 2702 spiritus
975 2607 1212 2683 ascendentes
1231 2628 1296 2702 per
1317 2599 1503 2700 smirnii)
1530 2607 1853 2703 contemplationis.
1873 2607 1973 2682 Unile

800 2725 908 2802 dicit:
935 2730 986 2799 Lo
1007 2729 1105 2801 dolce
1124 2728 1259 2819 donno,
1280 2727 1415 2803 scillcet
1435 2727 1594 2822 Beotiir,
1611 2747 1685 2822 qua
1704 2725 1803 2801 nulla
1819 2735 1874 2801 ost
1891 2727 1972 2822 pul-

803 2844 902 2921 crior
933 2847 1082 2922 scientia
1117 2847 1153 2920 in
1188 2847 1307 2942 terris,
1340 2849 1389 2920 mi
1415 2851 1517 2942 piare
1549 2851 1661 2922 mem
1692 2867 1717 2920 o
1749 2849 1806 2920 lor
1836 2867 1877 2920 su
1905 2867 1973 2940 pur

802 2968 916 3060 puello
941 2969 1040 3040 reolo
1071 2989 1137 3041 con
1170 2989 1219 3042 itit
1253 2969 1309 3040 rol
1336 2987 1457 3060 certon,
1490 2965 1593 3062 idest,
1622 2967 1701 3041 solo
1732 2972 1824 3040 nutu
1855 2965 1971 3060 aciei,

802 3091 840 3161 et
864 3085 968 3160 ilicit:
985 3079 1028 3179 sl,
1050 3087 1154 3182 idest,
1180 3087 1216 3160 in
1243 3093 1399 3182 tantum,
1416 3107 1482 3161 suo
1507 3083 1612 3181 noll,
1640 3087 1728 3183 qula
1752 3093 1808 3162 eei
1825 3087 1972 3162 scientio

802 3207 1103 3302 supernaturale,
1130 3211 1226 3282 aime
1250 3209 1287 3282 io
1313 3211 1384 3281 iota
1409 3215 1553 3299 notura,
1574 3227 1658 3302 quoe
1676 3228 1742 3303 per
1761 3229 1802 3283 se
1819 3227 1891 3282 non
1909 3229 1973 3303 po·

803 3331 898 3400 terat
923 3345 1004 3400 esse
1028 3325 1214 3402 sufficiens
1239 3327 1285 3402 ad
1310 3326 1580 3403 ascendendum
1611 3349 1678 3424 per
1707 3327 1805 3405 illam
1837 3327 1973 3403 scalam

801 3465 886 3541 quae
909 3445 1071 3522 ascendit
1096 3447 1141 3522 ad
1168 3443 1431 3523 neum-ite*
1452 3451 1534 3523 moi.
1566 3449 1631 3524 llic
1660 3454 1771 3525 rotor
1802 3447 1974 3545 exprimit

800 3552 1127 3664 imperceptibilem
1154 3551 1383 3644 velocitatem
1418 3570 1513 3645 iuius
1545 3591 1623 3646 see
1654 3571 1874 3648 eseeesieeis
1908 3589 1974 3666 pei

802 3708 913 3761 unam
932 3689 1245 3783 comparationem
1264 3691 1323 3765 rel
1340 3691 1638 3786 superlatlonem.
1656 3693 1700 3766 Et
1715 3693 1878 3768 breviter
1896 3693 1975 3766 iuli

739 3909 744 3922 ἱ
801 3804 924 3884 dicere
949 3809 1048 3917 quod
1075 3831 1146 3885 non
1173 3817 1291 3906 potest
1317 3811 1481 3924 reperire
1498 3813 1557 3888 liic
1574 3815 1852 3888 convenientem
1869 3833 1972 3888 corn-

800 3929 1039 4026 pnratiouem.
1067 3929 1173 4005 Unde
1196 3929 1302 4005 dicit:
1323 3928 1377 4006 Ne*
1394 3935 1467 4005 moi
1485 3924 1515 4006 ol
1534 3941 1628 4007 rotto
1649 3941 1754 4025 moto,
1772 3932 1877 4028 idest,
1894 3940 1970 4008 toni

801 4049 921 4145 velox,
945 4054 987 4146 ptr
1012 4046 1182 4144 puepplil,
1209 4050 1356 4146 scilicet,
1382 4051 1477 4128 intra
1502 4053 1652 4148 coelum,
1679 4057 1767 4128 atoue
1797 4057 1972 4130 euronio

800 4195 820 4245 e
842 4173 923 4244 colo
947 4173 1215 4263 maroneae,
1233 4169 1319 4265 quia
1340 4171 1423 4246 leve
1448 4169 1664 4249 naturaliter
1682 4171 1795 4249 tendit
1811 4193 1972 4268 sursum,

800 4295 837 4366 et
853 4312 969 4387 grove
986 4292 1178 4387 deorsum3
1197 4292 1302 4388 quasi
1321 4291 1435 4367 dicat:
1454 4312 1566 4368 omne
1581 4293 1680 4388 quod
1699 4302 1871 4372 movetur
1887 4317 1971 4371 eur-

800 4431 882 4485 sum
909 4411 967 4487 rel
993 4411 1166 4487 deorsum
1194 4432 1268 4487 non
1294 4419 1466 4488 movetur
1492 4413 1540 4488 ita
1567 4414 1751 4510 velociter,
1768 4417 1972 4508 clt'appao-

799 4533 895 4622 ptior
919 4535 951 4604 si
969 4539 1107 4625 potesse
1130 4535 1204 4606 olle
1230 4535 1302 4605 mio
1320 4535 1393 4626 ele,
1413 4533 1517 4628 inest,
1534 4533 1633 4628 quod
1652 4542 1772 4631 posset
1789 4533 1970 4632 purillcurl

800 4671 885 4740 meo
902 4652 1039 4729 volatui
1059 4651 1303 4750 uelocissim03
1331 4651 1429 4730 uuile
1451 4674 1519 4740 pec
1544 4653 1633 4752 avis,
1655 4675 1723 4742 nec
1743 4655 1887 4754 sagitta,
1905 4675 1973 4730 uec

802 4770 924 4866 fulgur
939 4779 1111 4846 movetur
1125 4778 1200 4846 tani
1216 4773 1386 4848 celeriter
1399 4773 1492 4848 sicut
1506 4794 1576 4870 ego
1588 4775 1734 4850 ascendi
1753 4797 1818 4870 per
1837 4775 1970 4851 didon

862 4961 889 5021 (¹)
904 4959 930 5010 S.
947 4961 1095 5012 ascendero.
1284 4961 1312 5026 (¹)
1329 4961 1359 5012 E.
1376 4961 1504 5026 generalis
1518 4963 1595 5014 liuius
1612 4963 1727 5028 capltuli‚
1745 4966 1770 5014 in
1787 4979 1846 5030 quii.

862 5034 890 5098 (Ἴ
905 5035 936 5086 E.
951 5036 1048 5086 scalam
1065 5037 1133 5087 hunc
1149 5039 1382 5102 contemplationis.
