4842 6642
907 753 1043 808 caurus
1069 755 1197 808 nonus.
1592 741 1637 806 15

470 895 533 971 rici
559 917 672 990 quam
704 895 775 988 alii,
807 895 905 989 quod
933 902 1006 970 tota
1036 918 1134 991 aqua
1165 917 1249 991 quae
1282 895 1367 970 lacit
1396 896 1499 970 uobis
1533 916 1637 972 mare

469 1015 778 1091 mediterraneum
807 1016 904 1110 quod
932 1017 1065 1090 labitur
1091 1036 1157 1112 per
1182 1023 1345 1090 nostram
1369 1021 1505 1089 terram
1533 1016 1636 1091 habi-

467 1137 627 1230 tabilem,
658 1137 769 1211 intrat
798 1143 934 1213 terram
971 1138 1066 1213 iuter
1094 1137 1253 1213 hiricam
1288 1144 1327 1211 et
1357 1135 1564 1231 Hispaniam
1599 1138 1638 1211 iu

467 1263 634 1332 extremo
660 1256 862 1331 Occidentis
887 1277 951 1352 per
981 1265 1179 1354 angustum
1211 1257 1416 1350 brachium,
1451 1257 1551 1349 quod
1585 1256 1639 1331 di-

467 1377 563 1452 citur
594 1377 760 1450 strictum
793 1375 924 1451 sihittae
956 1379 1064 1472 juxta
1103 1384 1266 1452 montem
1298 1376 1531 1452 Gibeltanum
1566 1386 1635 1454 etc.

467 1499 572 1572 Nunc
597 1499 643 1572 ad
669 1497 811 1572 literam
838 1497 922 1571 dicit
946 1505 1074 1570 autor:
1102 1500 1147 1569 Le
1169 1500 1295 1590 parole
1318 1518 1391 1591 suc,
1419 1498 1567 1592 scilicet,
1595 1497 1638 1570 il-

467 1622 547 1713 lius,
572 1621 821 1694 incominciuro
847 1621 951 1712 altor,
979 1620 1105 1714 supple
1131 1619 1271 1694 dicere:
1298 1624 1334 1692 la
1359 1622 1523 1712 mappior
1543 1621 1638 1691 aelle

467 1745 505 1815 in
521 1743 580 1814 obe
596 1743 739 1831 tuoque
754 1741 784 1811 si
800 1740 951 1831 sponda,
965 1737 1067 1830 idest,
1082 1759 1185 1813 mare
1200 1739 1522 1834 mediterraneum,
1536 1738 1637 1832 quod
1681 1793 1688 1802 .

468 1862 599 1936 dicitur
618 1879 721 1934 mare
737 1858 866 1952 leonis3
882 1865 919 1932 et
936 1858 1019 1932 lacit
1039 1859 1291 1953 exceptionem
1309 1859 1356 1933 ad
1373 1859 1635 1933 verificandum

467 1983 604 2055 dictum
632 2002 754 2073 suum,
776 1979 917 2054 dicens:
941 1982 1027 2072 seor
1055 1982 1093 2053 di
1116 1983 1195 2071 quel
1219 2001 1331 2069 merc,
1357 1979 1493 2054 scilieet
1522 1979 1637 2054 Ocea·

469 2123 571 2194 num,
589 2103 649 2174 che
672 2103 900 2190 inphirlunda
926 2103 962 2173 la
988 2107 1099 2189 terra,
1116 2099 1207 2174 idest
1228 2098 1339 2196 cingit
1363 2106 1475 2173 totam
1498 2107 1636 2174 terram

469 2220 676 2295 incircuitu
694 2221 730 2292 in
752 2220 903 2294 modum
924 2240 1081 2312 coronae,
1103 2226 1201 2292 tanto
1218 2241 1277 2291 sen
1296 2241 1356 2310 ou,
1373 2219 1474 2314 idest,
1492 2225 1636 2293 tautum

469 2341 678 2416 extenditur
711 2361 776 2435 per
811 2348 961 2433 terram,
987 2347 1044 2414 tro
1074 2343 1291 2415 discordanti
1315 2343 1377 2433 titi,
1409 2340 1512 2431 idest,
1543 2341 1639 2416 iuter

471 2461 545 2535 duo
571 2461 677 2536 litora
695 2481 779 2555 quae
798 2467 883 2535 sunt
908 2460 1150 2536 discordantia
1167 2461 1203 2534 in
1221 2460 1409 2554 omnibus3
1431 2460 1513 2534 hinc
1538 2460 1636 2535 enim

405 2639 407 2642 .
470 2586 556 2654 suut
581 2581 777 2673 christiani,
804 2579 887 2654 iude
911 2580 1096 2674 saraceni;
1122 2579 1179 2653 bic
1206 2580 1331 2676 frigus,
1356 2579 1403 2653 ibi
1429 2580 1529 2654 calor
1554 2585 1637 2671 etc,

470 2721 489 2770 e
514 2707 637 2774 cunno
663 2704 701 2773 ul
723 2703 807 2794 sole,
835 2699 925 2774 idest
950 2707 1077 2773 contra
1103 2708 1226 2774 ortum
1246 2700 1330 2772 solis
1346 2700 1423 2775 sive
1440 2700 1636 2792 levantem,

429 2913 434 2924 ¹
471 2822 531 2893 cite
552 2824 594 2914 [a
620 2823 829 2912 meridiano,
858 2819 944 2911 quia
969 2819 1103 2893 scilicet
1129 2819 1227 2892 vadit
1253 2840 1370 2914 usque
1395 2820 1637 2912 Hierusalem,

470 2960 554 3033 quae
579 2947 634 3014 est
660 2939 695 3012 iu
724 2939 842 3013 medio
869 2944 1002 3010 nostrae
1017 2942 1125 3011 terrae
1152 2938 1366 3031 habitabilis,
1383 2938 1477 3013 sicut
1497 2939 1636 3013 dictum

469 3065 525 3133 est
541 3059 647 3155 plene
660 3060 821 3133 secundo
835 3058 993 3166 capitulo
1007 3058 1210 3154 Purgatorii
1225 3064 1306 3152 etc,
1321 3051 1360 3132 et'
1374 3057 1482 3134 dicit:
1501 3049 1537 3132 td
1550 3061 1640 3132 douc

465 3183 549 3272 pria
574 3182 651 3252 saxol
670 3184 734 3274 sor
759 3182 781 3252 l'
795 3183 989 3269 orizzontc,
1015 3178 1117 3272 idest,
1144 3179 1180 3251 iu
1214 3199 1289 3271 qua
1321 3186 1420 3252 terra
1451 3178 1636 3254 habitabili

468 3299 561 3374 dicta
582 3322 679 3394 aqua
697 3298 780 3375 iacit
798 3300 1024 3374 horizontem
1042 3306 1242 3393 autequam
1266 3299 1412 3374 recedat
1428 3301 1475 3374 ab
1493 3301 1639 3377 Oceano

469 3426 505 3495 et
543 3421 652 3496 intret
690 3427 841 3515 terram,
868 3421 953 3514 quia
989 3422 1026 3494 in
1057 3425 1225 3494 extremo
1254 3428 1365 3494 terrae
1399 3428 1453 3495 est
1487 3423 1639 3496 horizon

470 3541 572 3638 large
597 3542 790 3636 loquendo.
805 3545 915 3614 -ot
939 3544 1063 3632 quella.
1090 3540 1155 3614 llic
1180 3541 1326 3634 Fulcus,
1355 3542 1543 3636 praemissa
1570 3541 1637 3616 ista

468 3661 655 3755 positione,
681 3683 779 3736 nunc
804 3661 974 3756 exprimit
1001 3681 1105 3735 suam
1133 3660 1300 3755 patriam,
1332 3660 1478 3734 diceus:
1515 3664 1556 3733 Io
1586 3665 1640 3754 sut

469 3786 634 3857 litterano
667 3787 704 3856 di
736 3787 849 3875 quello
885 3786 987 3875 ealle,
1020 3783 1121 3874 idest,
1149 3782 1356 3855 maritimus
1392 3783 1574 3857 habitator
1600 3781 1637 3854 in

469 3903 575 3978 litore
592 3911 716 3977 nostro
735 3903 843 3977 huius
857 3903 969 3976 maris
983 3902 1251 3976 mediterranei.
1272 3903 1315 3976 Et
1332 3901 1502 3977 describit
1522 3903 1639 3997 ipsam

470 4023 624 4116 patriam
658 4044 680 4097 a
710 4023 930 4116 llumiuibuS,
961 4021 1107 4097 diceus:
1140 4031 1198 4095 tra
1229 4024 1324 4097 Ebro
1354 4045 1373 4096 e
1403 4029 1555 4096 Macra:
1585 4030 1640 4098 est

471 4143 568 4218 enim
589 4144 709 4217 Ebrus
730 4145 863 4218 lluvius
888 4143 986 4238 apud
1011 4143 1202 4218 Massiliam
1220 4151 1303 4244 th.
1322 4145 1442 4217 Macra
1468 4163 1557 4217 vero
1583 4151 1638 4218 est

471 4263 603 4336 lluvius
631 4285 741 4359 rapax
767 4264 865 4358 apud
891 4263 1073 4338 civitatem
1099 4264 1213 4336 Luuae
1237 4283 1303 4359 per
1321 4263 1465 4356 vallem,
1484 4284 1568 4358 quae
1584 4265 1640 4338 di-

470 4383 565 4460 citur
589 4383 770 4458 Lunisana
805 4383 841 4456 iu
871 4383 1075 4458 confinibus
1107 4384 1258 4457 Tusciae.
1292 4384 1394 4458 Unde
1425 4384 1531 4458 dicit:
1565 4388 1638 4479 cte,

471 4501 571 4597 idest,
596 4503 660 4597 qui
685 4505 816 4598 Macra,
845 4511 948 4596 porta
976 4506 1004 4576 il
1034 4505 1206 4576 Genooese
1240 4506 1303 4576 dol
1337 4509 1506 4595 Tuscano,
1532 4505 1640 4600 juxta

471 4622 581 4697 illud:
613 4628 741 4698 Tustiae
771 4626 1230 4717 commemoratione,
1261 4625 1372 4715 l'pber
1404 4631 1437 4697 et
1468 4627 1641 4717 Alpes.-

472 4746 529 4817 nd
552 4765 632 4818 uno.
663 4743 728 4818 llic
753 4744 886 4818 Fulcus
917 4743 1038 4818 adhuc
1064 4743 1233 4818 describit
1266 4743 1401 4818 clarius
1433 4765 1538 4818 suam
1574 4767 1639 4840 pa-

471 4863 594 4958 triam,
611 4873 648 4939 et
672 4885 695 4939 a
721 4864 791 4939 situ
816 4874 853 4940 et
873 4887 896 4939 a
914 4864 1142 4940 memorabili
1159 4864 1232 4938 lato
1250 4864 1339 4938 eius
1357 4866 1402 4938 lit
1418 4865 1502 4939 dicit
1519 4865 1637 4960 primo
