4842 6642
776 813 849 878 not
921 817 925 824 '
1167 823 1372 878 connuruu
1399 823 1563 877 utuinisi

776 965 936 1062 intelligi,
953 966 1115 1042 subdens
1138 974 1176 1044 et
1201 967 1424 1062 respondens
1452 967 1568 1042 tacitae
1598 965 1800 1059 quaestioni,
1826 987 1898 1040 ooo
1924 987 1947 1038 a

773 1090 875 1177 pudo
900 1090 960 1160 cte
984 1089 1100 1160 ruom
1124 1109 1306 1164 roormrru
1333 1090 1393 1162 alt
1406 1108 1523 1177 uomo,
1550 1086 1651 1176 idest,
1671 1106 1743 1160 non
1765 1107 1810 1160 eo
1837 1086 1944 1161 modo

775 1227 850 1300 quo
883 1228 981 1282 unus
1007 1209 1116 1282 nomo
1142 1215 1292 1303 superat
1318 1216 1357 1282 ct
1380 1208 1464 1284 lucit
1498 1206 1573 1280 vim
1614 1205 1729 1300 alleri,
1762 1227 1821 1278 mu
1853 1209 1948 1280 uince

776 1329 831 1416 lei,
853 1326 954 1420 idest,
980 1327 1043 1401 sed
1070 1327 1128 1402 illa
1158 1327 1292 1402 caritas
1322 1336 1360 1401 et
1389 1348 1473 1422 spos
1501 1327 1611 1402 uincit
1642 1327 1757 1421 ipsam
1784 1325 1946 1423 divinam

777 1447 1015 1540 voluntatem,
1037 1441 1166 1539 perche*
1188 1451 1287 1522 ouole
1311 1469 1405 1521 esser
1431 1450 1539 1537 unta,
1567 1445 1668 1538 idest,
1686 1453 1723 1520 et
1743 1445 1862 1520 divina
1883 1467 1948 1520 vo-

776 1567 896 1640 luntas
920 1567 972 1642 sic
997 1567 1103 1661 victa,
1121 1571 1218 1642 uince
1234 1589 1301 1644 coo
1317 1589 1383 1642 suc
1407 1569 1618 1656 occiduum,
1636 1567 1740 1662 idest,
1757 1587 1824 1640 sna
1845 1566 1947 1640 heni-

776 1688 924 1784 gnitnte.
951 1689 994 1762 nt
1018 1689 1064 1762 ud
1097 1689 1370 1786 intelligendum
1405 1691 1512 1784 plene
1540 1691 1650 1763 talem
1683 1687 1834 1764 modum
1868 1686 1948 1760 vin-

776 1808 880 1883 cendi
905 1809 1159 1885 consideretur
1184 1813 1396 1905 exemplum
1426 1810 1460 1884 in
1488 1809 1601 1884 nobis.
1628 1808 1831 1903 Aliquando
1848 1807 1944 1885 enim

748 2006 753 2014 ,
775 1929 916 2023 occidit,
942 1929 1037 2003 sicut
1051 1923 1088 2021 (¹)
1114 1929 1325 2004 Aristoteles
1342 1930 1465 2006 scribit
1486 1949 1583 2004 nono
1600 1928 1824 2023 diuinorum,
1846 1936 1883 2002 et
1909 1929 1944 2026 in

778 2069 839 2124 me
855 2049 1051 2144 aliquando
1068 2071 1150 2123 sum
1170 2057 1356 2146 expertus
1371 2050 1468 2144 quod
1483 2071 1579 2123 unus
1597 2049 1737 2123 amicus
1750 2045 1946 2142 aliquando

777 2170 887 2244 habet
911 2170 1181 2246 contentionem
1208 2179 1245 2245 et
1270 2171 1551 2266 disputationem
1579 2191 1664 2244 cum
1690 2169 1810 2242 amico
1836 2189 1948 2264 super

747 2340 750 2347 ·
776 2290 899 2384 aliqua
917 2311 970 2383 re,
987 2297 1025 2364 ct
1043 2290 1152 2364 vincit
1173 2298 1209 2364 et
1227 2290 1407 2365 convincit
1428 2291 1546 2385 ipsum
1568 2289 1729 2383 ratione3
1757 2297 1880 2364 tamen
1902 2308 1947 2364 ex

777 2410 983 2485 curialitate
995 2416 1032 2484 et
1045 2410 1277 2504 placibilitate
1291 2432 1337 2486 ne
1354 2411 1414 2486 ille
1433 2411 1569 2486 rubore
1586 2409 1842 2502 confundatur,
1860 2430 1950 2483 con-

778 2521 969 2622 cediturl²l
997 2530 1064 2604 sibi
1091 2531 1280 2605 victoriam
1307 2551 1441 2624 ceusae,
1468 2538 1505 2604 et
1530 2531 1580 2604 sic
1606 2531 1721 2604 victor
1744 2530 1821 2602 vult
1842 2527 1948 2620 vinci,

777 2657 814 2725 ct
841 2658 964 2724 tannen
989 2650 1036 2725 de
1063 2650 1114 2724 rei
1136 2651 1291 2754 veritate
1308 2651 1438 2745 vincit3
1460 2651 1509 2726 ita
1526 2659 1581 2725 est
1599 2650 1634 2724 in
1656 2641 1949 2746 propositol³t==

780 2778 831 2845 Lo
850 2776 983 2865 primu.
1010 2773 1075 2846 llic
1100 2773 1223 2866 aquila
1250 2771 1343 2847 lactu
1371 2773 1438 2847 isto
1455 2772 1632 2868 positione
1652 2772 1808 2868 explicut
1833 2771 1947 2866 ipsam

778 2893 1017 2985 questionem
1052 2893 1203 2986 autoris,
1239 2893 1381 2968 dicens:
1417 2898 1469 2966 Lo
1496 2897 1618 2985 primu
1653 2895 1722 2966 olla
1749 2894 1806 2964 del
1834 2894 1950 2982 ciplio,

778 3013 880 3106 idest,
904 3014 1026 3088 urrima
1053 3013 1195 3087 Traiani
1223 3034 1306 3107 quae
1333 3022 1388 3088 est
1414 3014 1530 3108 prima
1556 3012 1637 3106 ciiii,
1658 3034 1742 3087 num
1765 3012 1877 3087 David
1896 3018 1951 3086 est

778 3134 816 3206 io
842 3135 963 3208 medio
988 3135 1227 3230 propupillu,
1253 3156 1272 3207 c
1297 3138 1333 3209 la
1359 3139 1493 3226 putatu,
1524 3134 1626 3226 idest,
1658 3133 1779 3209 anima
1811 3133 1949 3228 Riphei,

779 3258 878 3348 tisun
891 3257 1156 3345 ηιαναυίρὶῑανε,
1175 3255 1278 3348 idest,
1296 3253 1383 3329 dant
1401 3255 1463 3328 tibi
1482 3275 1631 3330 causum
1654 3253 1805 3328 mirandi
1825 3261 1861 3328 ct
1881 3254 1945 3327 du·

779 3375 925 3468 nitendi,
954 3373 1083 3468 percle*
1113 3397 1157 3449 ne
1186 3378 1263 3450 ocdi
1297 3379 1333 3449 lc
1366 3379 1491 3467 repioo
1525 3377 1617 3466 depli
1654 3377 1770 3464 anpeu
1803 3376 1950 3467 diptota,

778 3494 879 3589 idest,
906 3494 992 3588 qnia
1019 3496 1118 3570 vides
1143 3516 1207 3570 eos
1232 3496 1452 3572 adornantes
1476 3497 1626 3589 coelum,
1644 3495 1742 3589 quod
1760 3496 1949 3592 estpntria

778 3616 1014 3712 angelorum3
1041 3617 1144 3710 quasi
1171 3616 1285 3692 dicat:
1312 3617 1399 3710 quia
1430 3617 1530 3691 vides
1555 3637 1618 3691 eos
1652 3617 1688 3689 io
1717 3616 1784 3690 istu
1811 3617 1949 3690 coelesti

781 3735 1076 3829 beatitudine-
1087 3739 1269 3829 De'corpi.
1297 3737 1362 3811 llic
1387 3737 1510 3831 aquila
1537 3735 1730 3830 respondet
1760 3735 1949 3829 qoaeslioni

781 3855 983 3951 propositas,
1010 3863 1047 3931 et
1071 3857 1156 3930 dicit
1181 3857 1359 3932 breviter:
1386 3863 1488 3932 certe
1513 3863 1553 3930 tu
1582 3877 1652 3930 non
1687 3855 1798 3930 debes
1824 3855 1949 3930 mirari

779 3975 826 4050 dc
850 3976 1049 4052 salvatione
1075 3978 1242 4070 istorum,
1269 3977 1355 4071 quia
1380 3976 1514 4050 animae
1540 3997 1671 4050 eorum
1698 3997 1769 4048 uon
1795 3979 1889 4048 uscir
1914 3977 1951 4048 di

780 4101 880 4189 corpi
901 4100 1032 4189 pedeti,
1058 4097 1161 4189 idest,
1188 4118 1261 4172 non
1289 4097 1425 4172 mortui
1452 4102 1536 4170 sont
1563 4097 1705 4193 pagani,
1727 4116 1823 4170 come
1843 4098 1951 4182 credi,

781 4238 840 4291 mu
863 4221 1021 4292 oudam
1044 4221 1082 4292 io
1103 4221 1222 4312 sermo
1244 4221 1336 4311 sede,
1362 4217 1510 4311 scilicet,
1541 4217 1747 4292 christiana.
1779 4219 1823 4290 Et
1848 4215 1951 4292 dicit:

782 4342 870 4431 quel,
903 4339 1048 4430 scilicet,
1078 4339 1238 4433 Ripheus
1276 4338 1311 4410 in
1351 4337 1432 4431 lide,
1462 4341 1514 4412 dd
1534 4341 1629 4431 piedi
1661 4339 1818 4430 passuri,
1849 4335 1952 4430 idest,

781 4461 868 4555 quin
884 4459 1035 4534 credidit
1055 4459 1254 4534 adventum
1280 4458 1410 4533 Christi
1437 4458 1500 4552 qui
1527 4457 1682 4533 debebat
1709 4457 1793 4552 pati,
1820 4479 1838 4528 e
1864 4460 1954 4548 quel,

780 4583 926 4676 scilicet,
951 4581 1140 4673 Troianus,
1166 4580 1202 4653 in
1234 4579 1315 4670 lide,
1342 4582 1394 4654 de'
1407 4582 1503 4672 pledi
1536 4584 1647 4672 possi,
1677 4580 1762 4673 quio
1800 4578 1952 4654 credidit

787 4751 876 4760 --—-

843 4817 873 4878 (¹)
891 4816 920 4867 E.
937 4822 1023 4879 prout.
1336 4812 1364 4877 (¹)
1382 4813 1412 4863 E.
1429 4827 1444 4864 o
1461 4813 1486 4864 S.
1504 4814 1631 4864 concedit.

845 4890 872 4953 (⁸5
890 4892 920 4942 E.
937 4893 1068 4956 proposito
1093 4906 1162 4942 nnuc
1186 4897 1276 4942 nostro
1292 4891 1423 4956 quomodo
1446 4891 1566 4940 vincatur
1593 4891 1662 4940 Deus
1686 4891 1793 4940 caritate
1814 4892 1841 4938 et
1861 4900 1954 4951 spo.-

784 4973 823 5021 La
836 4972 931 5034 primo.
