4842 6642
573 1204 738 1275 cautus
765 1208 1009 1289 wensinus,
1033 1213 1069 1277 in
1091 1234 1150 1295 quo
1172 1220 1313 1279 movetur
1335 1214 1438 1279 ultera
1460 1219 1591 1297 quanio

654 1366 659 1375 .
712 1324 742 1384 et
764 1320 905 1399 solmiac,
929 1327 959 1387 et
982 1324 1085 1407 longit
1106 1324 1146 1389 dc
1161 1324 1452 1406 predestinatione.

575 1574 787 1785 Quarum
811 1676 901 1746 colui
925 1676 985 1746 cle
1010 1682 1091 1749 bauo
1108 1678 1134 1749 'l
1153 1680 1284 1750 mondo
1302 1681 1446 1751 Minnio.
1466 1679 1664 1771 Postquam

494 1794 530 1866 in
557 1794 737 1890 superiori
763 1793 921 1889 capitulo
946 1796 1115 1889 proxime
1147 1797 1365 1892 praecedenti
1400 1804 1510 1872 autor
1541 1806 1666 1873 noster

495 1914 695 1989 introduxit
714 1914 874 2008 aquilam
897 1914 1041 2010 signum
1058 1916 1209 2010 justitiae
1226 1918 1263 1989 in
1281 1938 1436 2012 corpore
1452 1917 1563 2011 lovis,
1580 1924 1665 2012 quat

494 2035 728 2127 pertractavit
754 2054 866 2108 unam
895 2034 1133 2128 questionem
1159 2035 1207 2109 de
1233 2037 1412 2131 profunda
1429 2037 1570 2132 justitia
1587 2038 1667 2130 Dei,

493 2162 529 2229 et
566 2155 755 2251 redarguit
790 2176 896 2251 reges
930 2155 1082 2229 iniustos
1116 2156 1383 2231 contrariantes
1416 2158 1567 2254 regibus
1601 2158 1665 2252 qui

492 2276 638 2348 suntin
666 2276 740 2370 ipsa
767 2275 908 2368 aquila3
937 2295 1035 2349 nunc
1060 2284 1330 2371 consequenter
1357 2279 1392 2351 in
1419 2278 1487 2351 isto
1513 2279 1580 2351 xx
1604 2298 1665 2352 ca·

491 2395 605 2489 pitulo
631 2394 828 2469 introducit
858 2393 992 2468 dictam
1028 2395 1188 2488 aquilam
1226 2395 1271 2469 ad
1306 2397 1572 2471 nominandum
1598 2396 1666 2470 ali·

491 2522 581 2610 quot
609 2516 754 2610 spiritus
780 2514 993 2589 famosiores
1018 2515 1114 2589 inter
1140 2517 1241 2609 alios,
1259 2538 1304 2591 ex
1324 2518 1459 2611 quibus
1480 2525 1536 2592 est
1561 2537 1664 2591 com-

493 2636 607 2731 posita
635 2636 709 2729 ipsa
736 2636 870 2729 aquila.
898 2635 941 2707 Et
966 2655 1126 2731 praesens
1149 2637 1349 2731 capitulum
1367 2644 1486 2732 petest
1502 2637 1663 2712 breviter

491 2755 599 2831 dividi
634 2756 668 2827 in
705 2762 866 2850 quatuor
892 2762 1011 2849 partes
1043 2758 1246 2853 generales.
1279 2758 1320 2831 ln
1351 2759 1469 2853 prima
1500 2777 1661 2852 quarum

491 2882 600 2951 autor
624 2876 796 2951 describit
820 2876 1087 2972 dispositionem
1115 2878 1248 2972 aquilae
1279 2886 1317 2953 et
1346 2879 1493 2953 illarum
1519 2878 1663 2953 anima·

492 3019 587 3070 rum.
615 2998 655 3069 ln
682 2997 841 3070 secunda
868 2996 990 3091 aquila
1017 2998 1181 3071 nominat
1206 2999 1372 3092 quinque
1403 2998 1550 3093 spiritus
1580 2997 1663 3072 illu·

491 3128 595 3215 streS,
622 3121 688 3194 ibi:
718 3126 767 3192 La
790 3124 945 3213 partein
962 3142 1025 3193 me.
1052 3122 1091 3194 ln
1113 3121 1219 3195 tertia
1237 3120 1375 3196 dictum
1393 3121 1538 3217 signum
1557 3120 1663 3195 solvit

491 3262 607 3314 unrrrn
636 3241 789 3313 dubium
817 3240 916 3334 quod
943 3242 1103 3314 nascitur
1129 3260 1195 3346 pro
1230 3242 1375 3314 duabus
1409 3240 1553 3314 illarum
1583 3241 1663 3314 ani·

491 3382 653 3455 marum,
679 3361 749 3433 ibi:
775 3366 820 3434 Et
844 3382 1014 3452 aaroepnc.
1048 3361 1086 3434 lu
1119 3368 1251 3455 quarta
1278 3368 1314 3435 et
1341 3362 1469 3436 ultima
1493 3360 1663 3437 describit

490 3482 706 3556 immensam
730 3482 1013 3577 profunditatem
1034 3480 1359 3577 predestinationis
1379 3482 1522 3575 divinae,
1540 3482 1609 3557 ibi:
1632 3488 1663 3557 0

485 3604 779 3694 predestinacion.
807 3602 860 3676 Ad
886 3602 1047 3697 primum
1074 3622 1164 3697 ergo
1181 3601 1263 3675 dico
1280 3602 1378 3695 quod
1398 3608 1509 3675 autor
1524 3601 1662 3676 descri-

488 3723 540 3797 bit
564 3722 835 3818 dispositionem
853 3723 987 3817 aquilae
1005 3729 1041 3796 et
1060 3722 1221 3815 ipsarum
1238 3722 1467 3815 animarum;
1486 3729 1524 3795 et
1541 3722 1661 3816 primo

489 3842 660 3938 exprimit
686 3843 1013 3916 manifestationem
1042 3842 1188 3916 illarum
1214 3841 1423 3915 animarum
1450 3861 1518 3935 pro
1547 3862 1660 3937 appa·

490 3963 621 4039 ritione
646 3963 847 4037 stellarum.
877 3962 931 4036 Ad
956 3962 1061 4036 cuius
1087 3961 1359 4057 intelligentiam
1378 3969 1434 4036 est
1453 3968 1661 4056 praenotan-

440 4146 447 4161 .
488 4085 590 4179 dum,
605 4084 702 4178 quod
721 4089 830 4157 autor
848 4084 973 4157 volens
986 4082 1180 4157 ostendere
1192 4083 1379 4176 quomodo
1392 4083 1525 4157 animae
1540 4082 1660 4156 beate

487 4204 583 4279 illius
597 4204 688 4301 signi
702 4203 835 4297 aquilae
850 4202 1177 4276 manifestabantur
1190 4202 1355 4297 singulae,
1365 4202 1470 4295 binae,
1481 4208 1597 4275 terme
1608 4193 1661 4292 (¹l,·

489 4324 525 4397 in
547 4324 621 4398 suis
641 4324 789 4418 pusillis,
808 4322 893 4396 iacit
910 4322 1222 4417 comparationem
1241 4322 1399 4397 nobilem
1418 4328 1455 4395 et
1473 4320 1657 4415 propriam

487 4445 533 4519 de
551 4446 637 4538 boc;
656 4450 693 4517 et
712 4442 813 4538 fingit
830 4441 929 4535 quod
946 4441 983 4514 in
1000 4448 1160 4517 mentem
1179 4433 1216 4533 (¹)
1236 4462 1341 4515 suam
1361 4440 1459 4515 venit
1475 4441 1537 4515 ille
1552 4446 1658 4514 actus

487 4586 598 4659 quem
627 4564 710 4639 facit
734 4564 870 4638 coelum
898 4562 1045 4657 quando
1070 4564 1122 4636 sol
1149 4563 1262 4637 tendit
1287 4562 1334 4636 ad
1359 4582 1544 4655 occasum,
1570 4561 1659 4655 quia

486 4686 619 4760 scilicet
646 4693 733 4759 tunc
758 4684 914 4761 ostendit
939 4685 1060 4758 stellas
1086 4702 1169 4777 quae
1194 4684 1343 4756 suntin
1368 4702 1424 4757 eo.
1446 4683 1500 4756 dd
1521 4703 1657 4777 propo·

550 4949 576 5011 (¹)
592 4948 623 4997 E·
640 4948 724 4998 irino·
987 4896 990 4903 ¹
1095 4944 1122 5006 l')
1138 4945 1163 4995 S.
1179 4949 1267 4995 merlo
1282 4958 1329 5002 roa
1344 4945 1423 4995 venit.
