4842 6642
718 871 857 927 cunnus
882 849 1040 929 nncruus'
1065 874 1242 941 ouanrus.
1494 859 1562 926 127

390 1013 518 1090 cedine
543 1020 581 1090 et
605 1015 857 1112 delectatione,
884 1017 989 1110 quasi
1014 1017 1126 1092 dicat:
1153 1019 1348 1110 hucusque
1371 1035 1445 1089 non
1479 1012 1563 1107 vidi,

391 1155 459 1210 uec
483 1134 607 1210 audivi
634 1157 727 1231 rem,
753 1157 838 1231 quae
858 1137 1002 1213 drnlcius
1018 1138 1221 1213 oblectaret
1236 1137 1403 1212 animum
1424 1155 1563 1211 meum.

390 1261 572 1330 -Forsa
599 1257 664 1332 llic
688 1267 799 1332 autor
835 1266 1002 1334 removet
1033 1280 1145 1334 unam
1179 1256 1444 1334 dubitationem
1475 1255 1566 1331 inci·

390 1378 538 1454 dentem
565 1399 610 1453 er
637 1379 734 1456 dicto
760 1400 846 1474 sn03
864 1387 902 1454 et
919 1380 1038 1475 primo
1055 1379 1170 1476 tangit
1188 1379 1316 1474 ipsam,
1341 1377 1472 1452 deinde
1494 1376 1566 1450 sol·

392 1499 454 1572 vit.
472 1497 527 1573 Ad
545 1499 644 1593 qnod
670 1507 724 1574 est
749 1499 938 1574 sciendum
963 1500 1064 1594 quod
1091 1506 1213 1595 posset
1229 1498 1337 1573 obiici
1354 1497 1477 1572 autori
1495 1496 1564 1570 sic:

392 1625 432 1692 tn
459 1619 547 1694 dicis
572 1618 671 1714 quod
698 1619 796 1694 nulla
825 1639 883 1694 res
910 1620 977 1693 luit
1003 1621 1297 1714 hactenusque
1313 1624 1414 1692 tanta
1438 1616 1566 1691 dulce·

393 1741 479 1815 dine
502 1740 670 1836 ligaverit
695 1747 732 1815 te
757 1739 852 1814 sicut
878 1761 1038 1837 praesens
1062 1747 1209 1834 cantus3
1236 1759 1326 1834 ergo
1358 1745 1398 1812 tu
1431 1737 1566 1812 videris

394 1861 432 1934 in
459 1863 527 1935 lroc
552 1862 728 1956 praelerre
754 1861 948 1936 melodiam
975 1863 1070 1936 illius
1087 1868 1217 1935 cantus
1238 1859 1455 1956 placibilitali
1473 1879 1566 1934 ocu·

394 1983 515 2056 lurum
542 1983 741 2056 Beatricisi
766 1983 858 2057 uicit
883 2003 995 2079 ergo:
1022 1988 1132 2056 Forse
1164 1985 1200 2055 lc
1234 1983 1308 2054 noio
1338 1982 1470 2073 parole
1491 2001 1566 2074 par

392 2109 517 2196 troppo
530 2125 605 2197 osc,
619 2103 721 2199 idest,
739 2111 1033 2200 presumptuosa,
1046 2106 1289 2197 promouendo,
1304 2103 1451 2195 scilicet,
1470 2104 1565 2177 illius

394 2221 560 2296 melodiae
586 2231 727 2316 cantus,
758 2244 831 2297 non
858 2223 1071 2319 excipiendo
1101 2226 1295 2315 lamenti
1322 2225 1445 2316 placer
1475 2225 1569 2314 depli

393 2345 489 2417 oceli
511 2344 601 2436 dclii,
628 2345 762 2419 scilicet
779 2343 965 2438 Bealricis‚
991 2342 1038 2418 de
1063 2363 1224 2438 quorum
1244 2342 1489 2438 pulcritudine
1509 2350 1568 2418 to-

396 2464 487 2538 tiens
513 2463 650 2538 dictum
671 2465 797 2540 estvel
815 2465 951 2539 dictum
979 2470 1035 2538 est
1060 2483 1207 2559 semper
1224 2469 1473 2558 praeterquam
1494 2463 1569 2556 lric;
1658 2449 1661 2456 ’

393 2583 431 2657 in
465 2584 617 2681 singulis
651 2586 749 2660 enim
778 2585 892 2681 speris
920 2605 1030 2680 supra
1067 2583 1255 2677 descripsit
1276 2577 1314 2674 (¹)
1351 2583 1566 2677 superexal-

394 2703 569 2779 tationem
596 2697 789 2797 Beatric'is3
816 2704 873 2778 hic
900 2725 988 2779 vero
1014 2703 1160 2778 videtur
1185 2703 1319 2777 oblitus
1344 2703 1435 2796 eius,
1453 2710 1491 2777 et
1511 2703 1567 2778 di-

393 2823 459 2898 cit:
484 2827 541 2898 nei
565 2827 673 2917 puali,
699 2825 801 2917 idest,
828 2825 865 2898 in
890 2824 1024 2918 quibus
1049 2823 1164 2898 oculis
1189 2823 1374 2917 Beatricis‚
1401 2825 1567 2897 meando

395 2949 466 3018 mio
490 2947 580 3018 coto
605 2948 650 3019 to
671 2966 776 3038 poso,
805 2945 891 3040 quin
917 2943 1065 3037 scilicet,
1097 2943 1146 3018 nil
1171 2943 1270 3018 alind
1305 2944 1393 3039 petit
1419 2943 1567 3038 qrrando

395 3066 552 3140 miratur
577 3069 705 3141 oculos
730 3067 824 3141 illos:
851 3065 1046 3161 praeinnnit
1061 3056 1097 3158 θ)
1125 3065 1235 3139 tacite
1260 3064 1360 3159 quod
1385 3065 1568 3160 appetitus

393 3187 473 3260 eius
499 3187 687 3281 quietatur
704 3185 741 3261 in
762 3185 1009 3282 speculatione
1035 3205 1148 3260 sacrae
1174 3184 1377 3280 scripturae,
1395 3184 1445 3258 ita
1468 3185 1568 3280 quod

394 3327 467 3382 non
481 3307 662 3383 desiderat
673 3306 783 3382 aliud.
797 3349 847 3362 -
860 3311 922 3380 Mo
939 3309 995 3380 ciri
1009 3309 1037 3379 s
1050 3309 1190 3380 cncede.
1207 3305 1272 3380 llic
1288 3313 1399 3380 autor
1417 3325 1569 3402 respon-

393 3428 454 3503 det
480 3427 692 3521 obiectioni;
727 3435 764 3502 et
790 3425 946 3502 finaliter
970 3427 1007 3499 iu
1033 3425 1167 3501 ellectu
1199 3427 1281 3500 vult
1314 3425 1438 3500 dicere
1471 3425 1570 3519 qnod

394 3549 563 3645 quamvis
597 3547 766 3622 videatur
798 3546 1043 3642 postposuisse
1074 3545 1346 3641 placibilitatem
1385 3545 1568 3636 Berenicis,

395 3672 481 3766 quia
508 3691 581 3744 non
608 3669 691 3744 lecit
716 3667 1072 3742 commendationem
1095 3686 1268 3762 expresse
1285 3666 1332 3740 de
1352 3665 1570 3760 superexal-

395 3797 470 3866 tata
496 3789 741 3885 pulcritudine
767 3789 858 3882 eins,
886 3794 1010 3862 tamen
1039 3787 1149 3862 tacite
1182 3787 1277 3861 bene
1302 3786 1388 3861 lecit
1413 3785 1570 3860 mentio-

396 3931 498 4004 nem3
525 3931 611 3984 nam
638 3907 876 3983 describendo
901 3907 1130 3982 dnlcedinem
1157 3914 1288 3981 cantus
1313 3908 1459 3982 illarum
1490 3905 1571 3980 ani·

396 4051 541 4104 marum
577 4049 644 4124 pro
683 4027 824 4120 maiori,
859 4047 970 4122 quem
1005 4027 1187 4102 audiverit
1217 4028 1406 4121 hactenus,
1432 4036 1470 4102 et
1503 4045 1570 4121 per

395 4169 622 4244 consequens
655 4147 841 4243 descripsit
871 4147 1050 4222 maiorem
1075 4147 1571 4244 pulcritudinemsseatricis,

396 4269 481 4364 quia
514 4289 630 4342 unum
663 4267 909 4363 praesupponit
944 4268 1148 4362 reliquum;
1175 4270 1271 4344 sicut
1301 4269 1401 4344 enim
1438 4268 1572 4344 totiens

394 4389 531 4464 dictum
558 4396 613 4463 est
638 4409 783 4483 semper
810 4389 957 4483 qnando
982 4389 1128 4463 Beatrix
1156 4391 1318 4466 ascendit
1335 4391 1382 4464 ad
1399 4391 1570 4466 altiorem

394 4530 538 4604 speram
566 4509 724 4583 efficitur
751 4510 912 4604 pulcrior
937 4518 975 4584 et
1001 4510 1145 4605 clarior,
1172 4511 1259 4604 quia
1286 4511 1424 4586 invenit
1452 4511 1573 4586 maius

395 4650 529 4724 corpus
555 4634 591 4704 et
616 4629 813 4705 nobiliores
837 4623 989 4704 animas.
1012 4631 1117 4704 Nunc
1134 4630 1218 4704 vide
1235 4630 1380 4705 literam
1399 4651 1487 4724 quae
1504 4633 1574 4708 erit

394 4749 506 4823 lacilis
523 4749 552 4822 si
574 4749 668 4823 bene
685 4749 836 4842 notasti3
858 4749 942 4823 dicit
959 4757 1088 4824 antor:
1111 4755 1173 4823 Ma
1189 4753 1244 4824 cli
1259 4754 1288 4824 ε’
1301 4754 1444 4845 nonem,
1468 4751 1573 4846 idest,

805 4919 1113 4927 ----—-—-———-

458 5012 486 5074 (ἦ
503 5011 534 5061 Ε.
549 5011 685 5075 descripsit
700 5023 803 5075 semper
820 5011 1012 5062 exallalionem.
1200 5014 1229 5076 (¹)
1244 5013 1276 5063 ll.
1293 5013 1385 5063 innuit.
