4842 6642
887 800 931 866 14
1274 810 1478 866 conburunt
1503 811 1670 866 unnaotsr

880 952 1003 1028 anima
1030 952 1137 1026 beata
1155 951 1253 1026 videt
1271 951 1501 1028 allectionem
1522 952 1673 1046 autoris,
1692 951 1777 1046 quia
1799 951 1990 1046 participat
2007 951 2053 1027 de

879 1072 1002 1146 divino
1032 1072 1181 1147 lumine.
1208 1071 1300 1146 Dicit
1331 1093 1440 1168 ergo:
1467 1075 1560 1146 Dios
1572 1075 1621 1162 io,
1646 1093 1669 1144 o
1694 1072 1792 1144 beato
1826 1075 1950 1165 spirto,
1983 1075 2054 1144 Dio

881 1195 964 1267 aede
989 1200 1084 1287 tuto,
1113 1192 1199 1287 quia
1225 1192 1335 1267 etiam
1362 1192 1504 1266 occulta
1531 1192 1697 1267 cordium
1725 1192 1833 1284 videt,
1863 1215 1882 1264 e
1911 1200 1970 1266 tuo
1995 1215 2052 1266 oa

882 1316 947 1388 der
971 1317 999 1388 ε’
1010 1317 1133 1405 imuic,
1151 1313 1253 1406 idest,
1271 1312 1461 1408 participat
1484 1313 1531 1387 de
1557 1311 1698 1387 lumine
1725 1312 1815 1406 eius,
1834 1313 1921 1407 quia
1940 1312 2053 1410 respi-

882 1434 982 1509 ciens
1001 1435 1120 1509 Deum
1143 1441 1319 1527 tanquam
1342 1431 1533 1527 speculum
1553 1432 1678 1506 videns
1692 1432 1886 1508 veritatem
1910 1454 2051 1528 rerum,

882 1547 913 1627 si
937 1556 996 1627 cite
1020 1556 1118 1626 naulo
1134 1557 1251 1644 copta
1276 1556 1313 1626 di
1336 1547 1385 1644 εδ,
1407 1552 1508 1647 idest,
1527 1551 1638 1646 ipsius
1655 1552 1731 1644 Dei,
1747 1560 1851 1644 puolo
1867 1573 1961 1626 esser
1973 1557 2051 1646 suin

883 1683 975 1766 ute,
1000 1675 1102 1769 idest,
1129 1675 1263 1749 iurtiva
1288 1681 1325 1748 et
1349 1675 1493 1748 occulta
1519 1674 1592 1748 tibi.
1620 1673 1664 1746 Et
1688 1673 1810 1747 subdit
1840 1673 2051 1767 petitionem

883 1815 1001 1888 suam,
1013 1794 1155 1869 dicens:
1175 1815 1293 1888 quare
1309 1813 1400 1889 ergo
1419 1793 1448 1866 si
1466 1793 1654 1890 cognoscis
1672 1814 1794 1868 meam
1812 1794 2050 1868 intentionem

883 1935 956 1988 non
984 1933 1045 1988 me
1069 1918 1285 1990 coniectast
1301 1920 1403 1988 certe
1422 1933 1494 2010 ego
1516 1934 1588 1987 nou
1609 1919 1842 2007 expectarem
1862 1921 1965 1988 tuam
1987 1933 2053 2008 pe·

882 2034 1045 2109 titionem
1072 2033 1103 2108 si
1127 2053 1388 2130 cognoscerem
1417 2033 1465 2106 ita
1490 2039 1594 2107 tuam
1630 2033 1857 2110 voluntatem
1888 2034 1983 2110 sicut
2012 2040 2053 2106 tu

882 2154 1070 2250 cognoscis
1103 2174 1236 2228 meam.
1263 2152 1354 2227 Dicit
1380 2173 1493 2250 ergo:
1524 2156 1662 2246 ducque
1686 2158 1722 2228 lc
1747 2175 1829 2228 voce
1857 2163 1930 2246 tua,
1955 2156 2015 2228 cte
2031 2157 2057 2229 'l

882 2278 945 2350 ciet
975 2277 1148 2365 castolla,
1184 2273 1286 2366 idest,
1318 2273 1485 2367 delectat,
1516 2295 1652 2366 sempre
1682 2277 1739 2348 col
1767 2281 1882 2368 coum,
1918 2274 2054 2349 scilicet

882 2415 1019 2470 osanna
1044 2395 1091 2469 de
1116 2414 1191 2488 quo
1211 2393 1348 2467 dictum
1374 2400 1430 2468 est
1454 2414 1578 2488 supra,
1599 2397 1637 2469 di
1663 2396 1865 2492 pudsuoctt
1883 2397 1950 2487 pti,
1975 2393 2055 2468 illo-

883 2540 967 2592 rum
1006 2519 1223 2592 thronorum
1261 2517 1318 2590 vel
1357 2515 1640 2610 principatuum,
1676 2516 1723 2590 de
1760 2515 1893 2610 quibus
1931 2515 2055 2589 scribit

883 2637 1046 2712 Ezechiel
1073 2638 1260 2732 propheta,
1288 2641 1329 2708 ut
1353 2635 1470 2730 patuit
1502 2635 1539 2708 in
1572 2635 1802 2731 Purgatorio,
1829 2637 2056 2730 chasamori

882 2763 1027 2853 uculo,
1056 2757 1158 2850 idest,
1185 2756 1362 2849 habitum,
1393 2758 1430 2828 di
1460 2760 1509 2830 sei
1540 2759 1608 2846 ale,
1634 2757 1728 2831 sicut
1760 2756 1966 2850 expositum
1998 2763 2054 2830 est

882 2879 943 2972 ibi,
967 2873 1096 2972 perche*
1121 2897 1194 2950 nou
1223 2878 1395 2970 sodtrsoce
1422 2879 1460 2949 oi
1492 2879 1571 2950 mei
1602 2879 1694 2968 droti,
1724 2877 1871 2970 scilicet,
1901 2876 2054 2951 dicendo

884 2999 971 3072 mihi
996 2996 1077 3090 quis
1102 3017 1154 3090 es,
1179 3002 1378 3089 antequam
1411 3003 1533 3091 petam
1563 2996 1609 3070 de
1641 2998 1728 3071 boc:
1759 2987 1820 3087 put
1844 3018 1918 3070 non
1942 3003 2053 3070 cuot-

881 3121 974 3194 dere'
987 3122 1022 3192 io
1035 3124 1094 3192 tuo
1106 3119 1289 3207 manando
1302 3117 1406 3209 idest,
1418 3124 1519 3191 certe
1532 3138 1602 3214 ego
1616 3137 1688 3190 non
1701 3125 1934 3211 expectarem
1949 3111 2062 3190 tuam'

882 3238 1104 3334 petitionem,
1131 3237 1204 3311 imo
1230 3237 1472 3332 praevcnirem
1499 3242 1545 3331 te,
1570 3241 1646 3310 s'io
1672 3241 1876 3312 m'intoossi
1899 3259 1995 3311 come
2019 3244 2056 3310 tu

881 3363 1036 3449 timtnti,
1050 3358 1152 3452 idest,
1166 3357 1194 3430 si
1213 3377 1284 3454 ego
1297 3356 1428 3432 scirem
1439 3351 1476 3450 (⁴)
1491 3357 1538 3432 ita
1557 3378 1621 3432 cor
1638 3366 1676 3433 et
1691 3358 1912 3434 desiderium
1933 3365 2053 3453 tuum,

881 3480 975 3554 sicut
991 3483 1032 3552 tu
1053 3463 1279 3552 scis'meum.
1301 3477 1425 3552 Trahit
1445 3477 1543 3552 enim
1561 3486 1670 3552 autor
1688 3499 1804 3551 unum
1832 3478 1988 3553 verbum
2006 3498 2053 3552 er

882 3599 950 3674 isto
971 3597 1186 3694 pronomine
1204 3603 1257 3690 tu,
1275 3604 1312 3671 et
1332 3597 1430 3671 atiud
1448 3618 1493 3672 er
1513 3598 1581 3672 isto
1601 3597 1818 3693 pronomine
1840 3618 1920 3693 ego.
1940 3597 2054 3672 Simili

884 3719 993 3793 modo
1012 3717 1182 3793 formavit
1198 3737 1310 3811 supra
1330 3717 1428 3791 aliud
1447 3718 1602 3792 verbum
1621 3717 1658 3791 in
1677 3717 1784 3792 tertia
1804 3738 1971 3813 persona,
1990 3717 2053 3791 ubi

882 3840 989 3917 dicit:
1015 3841 1178 3932 c'intuio,
1205 3836 1305 3931 quod
1329 3842 1446 3931 sonat,
1472 3837 1582 3912 intrat
1606 3837 1643 3911 in
1668 3859 1776 3932 eum-3
1802 3847 1839 3916 et
1865 3838 1915 3912 ita
1939 3841 2053 3912 m'io-

883 3963 998 4053 moso,
1027 3959 1186 4035 lacerem
1203 3949 1240 4050 (²)
1268 3977 1329 4031 me
1353 3964 1402 4049 tc,
1427 3960 1584 4045 timmii,
1610 3957 1712 4052 idest,
1739 3959 1825 4033 lacis
1853 3966 1888 4034 tc
1915 3979 1985 4034 me.
2003 3997 2054 4012 —

883 4085 933 4155 Lu
958 4084 1132 4173 maggior.
1160 4079 1224 4153 Hic
1250 4084 1358 4152 autor
1383 4077 1484 4172 ponit
1510 4078 1782 4172 responsionem
1801 4080 1884 4153 dicti
1907 4081 2054 4176 spiritus

882 4202 927 4278 ad
954 4222 1059 4276 suam
1086 4199 1323 4297 petitionem:
1350 4198 1412 4292 qui
1443 4198 1562 4293 primo
1595 4200 1799 4275 manifestat
1824 4221 1865 4275 se
1888 4223 1910 4275 a
1937 4202 2053 4296 patria

881 4344 962 4417 sua,
989 4343 1100 4417 quam
1127 4319 1364 4395 artificialiter
1390 4319 1637 4414 multipliciter
1662 4321 1843 4415 describit,
1869 4329 1908 4396 et
1932 4322 2053 4419 incipit

882 4464 905 4518 a
931 4445 1039 4540 longe
1063 4443 1273 4518 describens
1294 4463 1399 4516 mare
1425 4442 1460 4515 in
1486 4443 1592 4516 cuius
1610 4442 1685 4517 imo
1711 4443 1831 4518 littore
1858 4443 1971 4537 posita
1997 4448 2053 4517 est

884 4562 1010 4638 civitas
1035 4562 1270 4637 Massiliensis.
1297 4561 1352 4635 Ad
1372 4560 1486 4635 ‚cuius
1519 4562 1662 4656 plenam
1694 4563 1967 4660 intelligentiam
1997 4570 2054 4637 est

882 4685 1002 4779 primo
1029 4683 1228 4758 notandum
1249 4682 1348 4778 quod
1374 4681 1468 4756 sicut
1493 4682 1643 4756 tradunt
1671 4703 1801 4757 omnes
1832 4690 1905 4757 tam
1940 4683 2053 4758 histo-

947 4943 974 5004 (¹)
990 4946 1013 5002 t,
1029 4955 1222 5006 cognoscerem.
1356 4901 1360 4906 -
1470 4941 1498 5006 (¹)
1514 4943 1545 4994 E.
1560 4943 1633 5004 idest,
1650 4944 1772 4995 iacerem.
