4842 6642
912 817 1050 873 caurus
1075 819 1243 874 uncinus.
1615 810 1662 878 33

489 962 626 1038 riorem
656 962 744 1054 sole,
780 961 829 1035 ita
862 961 1067 1037 intellectus
1096 964 1282 1038 humanus
1314 986 1387 1040 nou
1418 973 1536 1061 potest
1560 988 1664 1043 eom-

487 1082 719 1178 prehendere
736 1101 815 1156 rem
835 1081 1029 1157 clariorem
1048 1084 1136 1178 sole,
1158 1083 1276 1178 qualis
1295 1105 1392 1160 nunc
1413 1092 1492 1162 erat
1517 1088 1663 1164 claritas

486 1203 672 1294 Beatricis.
707 1203 752 1278 Et
786 1203 844 1279 bic
877 1211 962 1278 nota
993 1204 1178 1299 propriam
1213 1213 1251 1280 et
1275 1206 1445 1281 subtilem
1480 1207 1662 1282 fictionem

487 1323 648 1418 autoris;
674 1325 768 1400 sicut
792 1324 846 1401 sol
872 1331 928 1398 est
954 1325 1073 1399 maius
1103 1345 1238 1420 corpus
1262 1327 1412 1402 coeleste
1438 1332 1475 1402 et
1502 1328 1663 1402 lumino-

486 1446 562 1522 sius
589 1445 798 1522 illuminans
824 1452 970 1540 caetera,
996 1445 1045 1521 ita
1071 1447 1108 1520 in
1125 1467 1171 1522 eo
1189 1455 1275 1520 sunt
1292 1449 1434 1524 maiora
1451 1455 1488 1524 et
1505 1450 1662 1524 clariora

488 1565 634 1662 ingenia
659 1565 901 1641 illuminantia
926 1573 1071 1641 caetera.
1099 1566 1163 1642 llic
1188 1567 1288 1642 enim
1314 1576 1400 1642 sunt
1431 1570 1664 1645 excellentis·

488 1687 572 1760 simi
602 1686 770 1762 doctores
803 1687 1119 1783 supereminentes
1150 1698 1188 1764 et
1219 1688 1441 1764 illustrantes
1469 1690 1661 1766 ecclesiam

488 1808 565 1901 Dei,
590 1807 637 1882 de
662 1807 797 1902 quibus
821 1807 942 1882 statim
969 1807 1131 1902 dicetur3
1158 1807 1240 1884 ideo
1271 1809 1365 1884 beue
1395 1809 1498 1908 lingit
1522 1810 1663 1886 Beatri-

356 1935 358 1942 ’
486 1947 567 2004 cem
589 1928 681 2002 adeo
707 1928 927 2003 luminosam
954 1927 991 2002 iu
1017 1949 1173 2023 corpore
1198 1929 1293 2004 solis.

564 2052 708 2123 Tolera
725 2052 828 2141 pain.
856 2049 925 2122 Ista
952 2054 1008 2122 est
1034 2048 1140 2122 tertia
1163 2070 1247 2144 pars
1263 2050 1446 2145 generalis
1460 2044 1509 2144 (¹),
1528 2050 1565 2124 in
1586 2072 1661 2146 qua

485 2177 596 2246 autor
621 2169 792 2244 describit
810 2169 846 2243 in
863 2169 1026 2266 generali
1045 2168 1187 2242 animas
1203 2169 1422 2244 clarissimas
1442 2177 1663 2264 apparentes

487 2293 523 2366 in
549 2311 706 2386 corpore
731 2290 835 2385 solis3
863 2296 900 2364 et
923 2289 1009 2365 dicit
1034 2290 1154 2384 primo
1175 2289 1274 2384 quod
1301 2295 1408 2364 erant
1432 2290 1523 2366 tales
1544 2289 1662 2385 qualis

487 2411 634 2488 Beatrix
652 2410 831 2505 descripta
849 2415 914 2486 est.
936 2409 1038 2486 Unde
1058 2410 1165 2484 dicit:
1185 2414 1238 2482 Lc
1255 2417 1385 2501 quarta
1398 2413 1575 2503 samiptia,
1593 2409 1664 2484 sci·

489 2532 583 2625 licet,
607 2531 795 2605 clarorum
821 2529 1018 2604 doctorum
1043 2535 1153 2624 secta,
1179 2549 1265 2623 quae
1290 2535 1345 2604 est
1375 2535 1508 2624 quarta
1533 2551 1662 2604 asceu-

489 2651 608 2729 dendo
623 2642 673 2744 (²),
690 2670 755 2724 era
780 2651 831 2724 tot
854 2653 959 2743 puni,
977 2650 1079 2743 idest
1100 2656 1176 2725 tam
1195 2650 1388 2745 splendens
1404 2641 1439 2743 (Ψ)
1458 2652 1553 2727 sicut
1569 2651 1662 2727 Bea-

491 2773 562 2847 trlx
587 2771 624 2844 in
643 2771 708 2846 ista
730 2791 838 2866 spera
864 2770 959 2865 solis,
986 2772 1063 2844 dell’
1076 2773 1148 2845 ulto
1169 2773 1299 2864 padre,
1324 2771 1461 2848 scilicet
1484 2771 1580 2866 solis,
1600 2774 1661 2845 cite

490 2913 626 2984 sempre
650 2893 686 2964 Ia
710 2894 826 2983 saria,
846 2889 981 2966 scilicet
1006 2889 1161 2964 mirabili
1188 2891 1326 2965 virtute
1350 2911 1430 2985 sua,
1453 2895 1660 2966 mostrando
1758 2972 1760 2976 ³

490 3035 586 3088 come
610 3016 721 3106 spiro,
751 3011 853 3104 idest,
883 3011 1011 3104 intluit,
1043 3033 1061 3084 e
1089 3031 1185 3084 come
1211 3013 1325 3106 fiplrb,
1358 3013 1461 3107 idest,
1491 3018 1658 3110 generat.

491 3136 534 3210 Et
559 3134 616 3209 bic
642 3140 726 3209 uota
753 3131 852 3228 quod
878 3152 944 3227 per
969 3133 1039 3206 hoc
1071 3138 1181 3206 antor
1213 3132 1275 3207 dat
1306 3133 1455 3229 intelligi
1481 3133 1580 3227 quud
1605 3132 1662 3206 in·

489 3254 638 3330 fluentia
664 3254 748 3328 solis
774 3253 859 3328 lacit
883 3253 970 3326 istos
995 3253 1217 3328 excellentes
1241 3252 1429 3346 doctores3
1448 3254 1542 3328 sicut
1562 3254 1660 3328 enim

488 3380 543 3450 est
568 3380 672 3469 pater
698 3380 933 3448 terrenorum
969 3372 1016 3448 ita
1049 3378 1086 3447 et
1119 3370 1361 3447 literatorum.
1376 3379 1471 3446 -E
1493 3377 1661 3448 Beatrice.

488 3494 553 3572 Hic
578 3500 689 3570 autor
714 3494 813 3588 ponit
838 3499 1064 3588 praeceptum
1091 3492 1266 3569 Beatrlcis
1291 3492 1337 3566 ad
1361 3513 1401 3568 se
1418 3492 1515 3568 circa
1534 3515 1663 3590 regra-

490 3614 677 3692 tiatlonem
703 3612 903 3688 taciendam
930 3613 977 3688 de
1010 3617 1109 3687 tanta
1134 3612 1254 3708 gratia
1279 3612 1346 3686 sibi
1371 3612 1542 3687 divinitus
1572 3634 1663 3688 con-

490 3754 616 3828 cessa;
643 3734 740 3808 uude
765 3733 871 3808 dicit:
898 3740 931 3807 E
963 3738 1122 3808 beatrice
1145 3725 1327 3825 nominari,
1360 3734 1488 3829 supple
1518 3734 1660 3810 dicere:

489 3857 678 3947 rtnprozio
703 3857 730 3928 it
752 3857 808 3927 sol
830 3857 922 3946 cepti
945 3857 1075 3945 ampeli,
1093 3852 1228 3928 scilieet
1243 3854 1376 3948 Deum,
1392 3854 1456 3947 qui
1482 3855 1664 3930 illuminat

490 3977 639 4072 angelos
663 3975 701 4048 in
726 3975 832 4069 coelo,
850 3975 944 4050 sicut
961 3975 1014 4050 sol
1031 3972 1231 4068 corporalis
1244 3961 1281 4065 (⁴)
1308 3975 1476 4049 homines
1492 3976 1529 4048 in
1548 3983 1660 4068 terra,

491 4099 551 4170 cde
576 4099 653 4169 tba
678 4099 789 4170 lenam
813 4097 953 4170 sembi!
965 4086 1014 4189 (⁶),
1032 4095 1118 4190 quia
1136 4095 1190 4168 sol
1210 4093 1407 4169 materialis
1423 4095 1579 4169 sentitur
1596 4117 1663 4190 per

492 4217 723 4312 operationes
748 4237 832 4291 suas
858 4215 1086 4309 sensibiliter,
1116 4215 1179 4290 sed
1211 4215 1310 4290 lleus
1339 4215 1663 4309 comprehenditur

491 4341 612 4414 solum
624 4358 711 4413 cum
730 4337 927 4430 intellectu,
942 4337 1004 4410 ubi
1019 4337 1079 4412 ille
1092 4357 1177 4412 crim
1192 4339 1460 4410 sensu-duct·
1473 4337 1510 4408 di
1521 4339 1662 4410 morial.

491 4461 557 4539 llic
581 4465 690 4534 autor
715 4458 871 4534 ostendit
897 4457 1084 4552 quomodo
1111 4456 1326 4532 obedienter
1343 4455 1468 4530 lecerit
1485 4455 1664 4551 imperata

492 4581 700 4660 describens
739 4601 844 4654 suam
883 4577 1157 4654 devotissimam
1195 4575 1463 4670 dispositionem
1499 4576 1546 4651 ad
1582 4577 1666 4653 red-

555 4808 583 4873 (¹)
601 4809 631 4860 Ε.
647 4809 775 4873 generalia
791 4809 869 4860 buius
885 4807 1001 4873 capituli,
1017 4809 1043 4858 ln
1059 4820 1119 4871 qua.
1265 4806 1294 4869 (¹)
1311 4807 1342 4857 Ε.
1359 4807 1386 4856 in
1401 4806 1572 4856 ascendendo.

555 4887 583 4948 (¹)
600 4887 631 4936 E.
647 4887 788 4948 splendida.
1005 4884 1032 4946 (¹)
1049 4883 1080 4934 E.
1097 4884 1248 4947 corporales
1264 4885 1381 4936 bominac
1396 4882 1570 4934 illuminatio
1586 4887 1664 4934 terra.

555 4965 582 5027 (¹)
599 4965 630 5015 Ε.
646 4964 747 5014 mandit
759 4977 807 5028 par
820 4977 869 5016 aaa
882 4964 991 5027 prozim
1006 4967 1034 5013 at
1049 4966 1169 5013 uountcr
1184 4962 1319 5023 sensibilis,
1335 4963 1396 5026 quia
1412 4961 1453 5012 sul
1467 4959 1617 5011 materialis.

627 5073 653 5117 Y·
1518 5069 1532 5110 3
