4842 6642
711 822 851 878 esurus
876 823 1093 878 rurossurus
1116 821 1311 878 secundus.
1527 810 1601 878 lou

429 968 585 1044 familias
605 967 725 1064 gentis
741 966 914 1062 antiqua.
929 1007 979 1022 -
992 972 1052 1041 Da
1075 975 1205 1060 questu
1224 967 1288 1043 llic
1307 975 1417 1042 autor
1438 967 1600 1042 declarat

428 1096 467 1166 et
490 1088 679 1186 distinguit
703 1087 885 1183 duplicem
909 1096 1061 1185 mntem
1078 1108 1164 1184 quae
1179 1088 1339 1184 possidet
1358 1089 1493 1164 coelum
1521 1090 1602 1164 eni-

427 1229 584 1307 pyreum
610 1207 768 1282 divisum
791 1206 828 1281 in
844 1207 989 1282 duabus
1009 1208 1173 1303 partibus
1191 1208 1395 1284 secundum
1417 1207 1600 1303 duplicem

429 1335 637 1426 respectum
662 1327 765 1403 fideir
792 1328 893 1403 etad
910 1329 1104 1404 clariorem
1124 1328 1399 1425 intelligentiam
1418 1329 1528 1403 lrrrius
1545 1329 1601 1402 di-

428 1449 574 1526 visionis
598 1455 744 1544 oportet
767 1457 986 1544 praenotare,
1005 1448 1104 1544 quod
1120 1455 1231 1524 autor
1248 1457 1383 1544 noster,
1400 1448 1430 1523 si
1447 1447 1600 1544 dignum

427 1571 473 1645 sit
497 1569 722 1664 exemplum,
742 1568 868 1644 dividit
893 1574 1011 1644 totum
1032 1569 1168 1644 coelum
1186 1589 1404 1666 empyreum
1423 1589 1469 1644 eo
1490 1569 1605 1644 modo·

428 1711 504 1786 qno
537 1689 711 1765 diuiditur
744 1695 818 1764 tota
853 1697 973 1783 terra,
1012 1690 1172 1766 circulus
1205 1711 1368 1786 namque
1402 1697 1512 1766 terrae
1544 1691 1601 1765 di-

427 1823 563 1899 viditur
588 1823 625 1896 in
649 1821 742 1896 duas
767 1829 889 1918 partes
913 1823 1087 1918 aequales,
1112 1822 1218 1898 cuius
1244 1843 1317 1897 una
1344 1821 1520 1898 medietas
1544 1829 1600 1897 est

426 1945 523 2038 Asia,
555 1944 627 2018 alra
656 1943 831 2018 medietas
860 1949 917 2018 est
947 1944 1115 2038 Europa3
1147 1963 1232 2018 nam
1266 1942 1386 2018 lirina
1417 1961 1502 2037 que
1534 1963 1599 2038 po-

428 2065 527 2138 nitur
555 2085 623 2160 pro
654 2063 760 2139 tertia
791 2063 999 2138 continetur
1027 2064 1063 2136 iu
1095 2062 1179 2137 dsia
1218 2063 1365 2159 proprie
1401 2061 1599 2157 loquendo,

427 2185 522 2259 sicut
546 2185 671 2259 scribit
694 2185 920 2280 Augustinus
945 2183 991 2259 de
1015 2184 1169 2292 Ciuitate
1192 2183 1270 2277 Dei,
1296 2190 1332 2258 et
1358 2183 1536 2257 Salustius
1562 2189 1599 2258 et

428 2305 545 2378 multi.
580 2304 686 2379 Modo
715 2305 762 2378 ad
795 2304 1039 2400 propositum:
1073 2303 1276 2400 imaginare
1308 2303 1443 2379 coelum
1471 2323 1600 2399 empy-

429 2447 534 2500 reum
561 2445 642 2500 esse
666 2424 859 2518 circulum,
879 2443 991 2519 quem
1018 2445 1092 2499 una
1114 2424 1209 2498 linea
1237 2431 1335 2498 recta
1362 2423 1596 2518 aequidislan-

428 2553 485 2622 ter
508 2545 644 2619 dividat
667 2545 704 2618 in
729 2545 823 2619 duas
845 2550 968 2640 partes
993 2545 1165 2639 aeqrrales,
1191 2550 1229 2618 et
1253 2543 1290 2618 in
1318 2565 1390 2618 una
1416 2550 1520 2638 parte
1540 2544 1600 2618 vel

423 2664 659 2740 semicirculo
687 2669 784 2738 stant
813 2685 942 2739 omnes
972 2663 1033 2757 illi,
1054 2664 1117 2758 qui
1147 2664 1273 2738 salvati
1299 2671 1385 2738 sunt
1409 2663 1455 2737 de
1480 2662 1595 2737 veteri

425 2789 678 2880 Testamenlo3
704 2786 773 2861 alia
800 2806 885 2881 pars
911 2785 1031 2860 meda
1047 2786 1231 2860 contineat
1256 2785 1414 2859 salvatos
1440 2777 1597 2877 novi(¹):

428 2907 494 2981 ista
519 2913 576 2982 est
596 2907 736 2982 melior.
762 2908 839 2982 lloc
864 2907 1053 3002 praemisso
1082 2905 1374 2980 descendendum
1401 2904 1527 2980 estad
1553 2905 1597 2979 li-

428 3035 559 3120 teram,
585 3029 692 3102 cuius
716 3028 895 3103 sententia
921 3027 1083 3102 breviter
1107 3033 1163 3101 est
1187 3027 1280 3120 talis,
1305 3025 1404 3120 quod
1429 3026 1466 3100 iu
1492 3033 1596 3121 parte

421 3150 498 3243 jam
536 3149 716 3244 descripta
754 3150 934 3246 superius,
966 3149 1002 3222 in
1041 3169 1115 3244 qua
1155 3154 1385 3243 reponuntur
1423 3147 1601 3222 mulieres

425 3269 594 3364 hebraee,
624 3279 710 3345 sunt
741 3291 872 3347 omnes
901 3270 1030 3346 salvati
1063 3270 1127 3366 qui
1157 3269 1392 3345 crediderunt
1423 3268 1460 3343 in
1494 3270 1599 3345 Clui-

423 3395 521 3462 stum
549 3399 762 3465 venturum.
796 3390 899 3467 Unde
931 3399 1106 3466 construe
1139 3389 1215 3465 sic:
1252 3393 1337 3479 (tuci
1372 3391 1431 3462 cte
1467 3391 1600 3463 medet-

420 3518 497 3584 tero
528 3512 567 3584 iu
595 3515 707 3586 croto
742 3521 899 3603 uenmro,
929 3511 1024 3586 sicut
1054 3511 1241 3607 prophetat
1270 3517 1308 3584 et
1337 3509 1449 3584 sancti
1477 3515 1598 3605 patres

422 3630 559 3705 hebraei
601 3637 638 3706 et
676 3631 787 3706 etiam
823 3631 930 3706 electi
965 3638 1055 3706 ante
1090 3631 1290 3706 adventum
1329 3629 1472 3724 Christi,
1509 3651 1597 3703 sono

421 3755 536 3842 usuri,
581 3751 683 3846 idest,
717 3753 835 3847 locati,
873 3755 922 3826 do
959 3759 1077 3849 questu
1103 3734 1220 3845 porte,
1246 3751 1391 3844 sedicet,
1425 3749 1595 3846 praedicta

422 3870 530 3944 dictae
557 3892 668 3966 rosae3
694 3878 732 3947 et
756 3871 842 3948 dicit
852 3897 872 3961 z,
886 3875 979 3947 unde
1003 3875 1141 3965 itfiorc
1164 3866 1186 3944 e*
1207 3879 1360 3963 maturo,
1382 3869 1484 3962 idest,
1510 3889 1596 3964 per-

422 3991 539 4066 lectus
565 4013 735 4087 numero,
752 3995 792 4067 di
814 4001 894 4068 tutte
918 3995 950 4066 le
972 4014 1033 4067 sue
1053 3995 1174 4087 soplie,
1191 3975 1278 4087 quia
1304 3990 1438 4066 scilicet
1463 4011 1593 4066 omnes

421 4111 526 4186 sedes
561 4119 647 4186 sunt
681 4113 798 4207 plenae
821 4133 868 4188 ex
893 4112 988 4187 dicta
1023 4119 1137 4208 parte,
1172 4112 1221 4186 ita
1255 4110 1357 4205 quod
1389 4111 1511 4184 nullus
1546 4109 1593 4184 ibi

421 4231 578 4327 amplius
614 4239 842 4327 expectatur,
875 4232 961 4327 quia
999 4233 1223 4328 completum
1244 4221 1280 4323 (¹)
1318 4231 1595 4306 Testamentum

423 4360 537 4428 vetus.
565 4353 609 4426 Et
634 4352 756 4428 subdit
781 4351 882 4447 quod
908 4353 1035 4427 salvati
1061 4353 1145 4428 nori
1171 4353 1392 4427 Testamenti
1426 4357 1523 4424 stant
1547 4369 1592 4424 os

419 4474 490 4548 alia
512 4481 626 4569 parte,
647 4473 791 4548 diceus:
817 4477 903 4563 Quoi
925 4476 985 4546 ode
1009 4495 1035 4546 o
1062 4477 1174 4547 custo
1194 4481 1319 4546 ueruto
1343 4473 1444 4545 edder
1468 4475 1494 4545 li
1518 4474 1594 4564 nisi,

418 4594 563 4688 scilicet,
589 4594 774 4669 christiani
796 4595 880 4669 novi
899 4593 1133 4686 Testamenti,
1151 4592 1214 4686 qui
1237 4590 1471 4667 crediderunt
1487 4591 1593 4665 Clrri-

419 4721 519 4786 stum
540 4715 618 4809 jam
647 4715 792 4788 uenisse
811 4721 849 4788 et
865 4733 1013 4809 passum
1035 4711 1157 4805 luisse,
1174 4715 1349 4786 sirinano
1366 4713 1485 4805 omn,
1503 4731 1593 4786 eon

481 4975 509 5039 (¹)
525 4975 556 5025 E.
571 4977 633 5025 nori
649 4975 823 5026 Testamentl:
840 4975 896 5025 ista.
1092 4969 1122 5032 (⁵)
1137 4971 1168 5022 li.
1184 4972 1340 5036 completur.
