4842 6642
721 874 861 930 CANTUS
883 871 1100 930 munemne
1122 875 1285 930 mulus·
1521 863 1591 930 515

412 1027 606 1118 promptus
629 1019 677 1095 ad
701 1018 923 1114 nuendum
947 1019 1047 1114 quod
1071 1018 1204 1115 prohat
1228 1039 1295 1114 per
1322 1017 1508 1113 etinctum,
1534 1009 1590 1092 di-

412 1160 519 1217 ceus:
545 1137 609 1216 cisi
634 1143 673 1215 to
700 1143 774 1214 nnio
801 1142 892 1214 nuto
920 1141 1077 1215 censano
1106 1142 1261 1230 nucea,
1286 1138 1389 1234 idest,
1422 1157 1527 1214 mera
1552 1141 1591 1212 et

413 1281 519 1357 pura,
543 1282 565 1335 c
587 1248 652 1355 pet
678 1281 700 1334 c
723 1255 801 1354 piri,
825 1259 932 1354 qnasi
959 1259 1069 1354 dicat,
1094 1259 1270 1336 mutiuuo
1300 1258 1499 1334 crescendo
1524 1277 1592 1354 per

415 1382 572 1480 gratiam
593 1381 764 1475 intusum,
779 1383 925 1454 iocum
937 1401 1006 1474 per
1025 1378 1061 1456 io
1080 1383 1210 1474 suppio
1229 1381 1309 1454 nest
1322 1383 1395 1454 atto
1413 1383 1500 1472 tuce,
1520 1377 1591 1453 sci·

416 1503 515 1596 licet,
536 1501 689 1595 divium
713 1506 752 1576 et
775 1499 881 1576 dicit:
906 1503 967 1575 otc
988 1503 1039 1574 dn
1062 1493 1102 1575 ni
1123 1496 1145 1575 e*
1167 1517 1264 1574 uero.
1292 1500 1368 1575 Hoc
1387 1498 1484 1594 dicit,
1503 1497 1592 1593 quia

417 1622 537 1698 omnis
562 1622 628 1696 tur
652 1625 999 1716 quantumcumque
1022 1639 1170 1718 magun,
1186 1619 1247 1694 vel
1267 1619 1364 1715 sniis,
1381 1618 1441 1694 rei
1457 1616 1591 1716 augeli,

418 1743 476 1818 rel
501 1742 600 1818 beati
625 1761 699 1816 non
723 1747 780 1816 est
795 1762 818 1816 a
839 1761 891 1836 se,
908 1741 974 1816 sed
988 1739 1169 1837 dependet
1184 1741 1234 1816 ab
1250 1740 1318 1816 ista
1336 1747 1477 1816 aetema
1494 1740 1589 1816 luce.

417 1863 463 1938 ut
486 1863 545 1938 hic
568 1869 656 1938 nota
680 1861 781 1958 quod
806 1861 1015 1937 huiusmodi
1031 1861 1135 1957 vnio,
1152 1868 1348 1958 postquam
1366 1860 1590 1938 transcendit
1638 1935 1643 1944 ,

417 1983 596 2059 terminos
611 1983 800 2058 naturales
811 1989 850 2058 et
862 1981 987 2073 tendet
1002 1982 1041 2057 iu
1056 1982 1219 2058 divinam
1236 1982 1445 2078 essentiam,
1471 1988 1590 2079 potest

416 2101 488 2178 dici
504 2108 643 2199 raptus
656 2102 720 2198 qui
737 2101 806 2176 tuit
822 2101 861 2178 iu
876 2107 1010 2178 autore
1025 2101 1166 2178 virtute
1181 2101 1314 2178 diviua.
1325 2107 1444 2178 -Dn
1465 2103 1592 2196 ᾳιᾰηοὶ

416 2223 481 2298 ffic
504 2229 616 2298 antor
640 2227 865 2320 protestatur
893 2222 994 2319 quod
1022 2221 1200 2297 visionem
1229 2241 1337 2298 suum
1370 2244 1444 2298 uon
1474 2228 1593 2320 potest

418 2343 541 2420 verbis
566 2343 763 2439 explicare,
788 2361 858 2418 uec
876 2347 1001 2418 mente
1021 2360 1287 2436 rememorare,
1308 2341 1452 2419 dicens:
1472 2346 1508 2417 11
1522 2345 1592 2416 mio

420 2465 527 2538 mer
555 2467 598 2557 tis
629 2465 788 2555 maio,
827 2461 936 2557 idest,
976 2481 1061 2538 men
1097 2461 1189 2538 usto
1233 2461 1487 2538 intellectualis
1525 2461 1594 2536 iuit

419 2583 550 2679 maior,
574 2585 625 2656 dn
648 2585 765 2675 maci
787 2583 946 2676 monn,
968 2601 1090 2677 usque
1103 2581 1142 2656 in
1162 2581 1287 2678 finem,
1304 2584 1402 2656 ctc'i
1417 2585 1487 2656 mio
1500 2601 1593 2676 pcr-

420 2705 479 2776 tcr
503 2705 677 2796 mmostt,
707 2701 811 2796 idoet,
836 2722 950 2796 quam
982 2721 1067 2776 men
1096 2701 1306 2796 eloquentia
1337 2701 1610 2778 demonstrare·

421 2824 553 2919 possit3
575 2829 614 2898 et
637 2823 742 2898 dicit:
759 2825 820 2898 otc
842 2841 868 2896 n
891 2826 943 2898 tot
960 2825 1050 2897 msto
1065 2825 1158 2916 cede,
1176 2823 1264 2918 quia
1283 2823 1430 2920 loquela
1439 2817 1477 2918 (¹)
1496 2825 1592 2902 cedit

422 2942 646 3039 intellectum
671 2949 710 3019 et
734 2963 808 3019 non
837 2945 958 3020 solum
984 2943 1130 3040 loquela
1155 2943 1220 3020 scd
1249 2943 1360 3020 etium
1387 2945 1610 3040 memoriap

420 3062 637 3138 undedieit:
650 3086 671 3139 e
685 3066 1145 3140 momenmentum
1160 3063 1593 3159 commanducantes

422 3182 658 3277 excellentie,
692 3202 778 3278 qua
806 3183 920 3259 uncit
942 3189 981 3258 et
1012 3190 1164 3279 superat
1196 3183 1422 3260 intellectum
1457 3183 1595 3260 nedum

422 3303 655 3379 memoriam.
680 3304 726 3379 st
749 3303 809 3379 iric
834 3310 920 3380 uota
945 3304 1045 3399 quod
1069 3306 1183 3380 nomo
1211 3305 1294 3401 plus
1319 3312 1438 3401 potest
1463 3305 1595 3381 intelli·

421 3441 513 3519 gere
540 3422 845 3520 de·1ieo‚quam
870 3442 1082 3500 memorare
1108 3425 1167 3500 sel
1196 3423 1331 3500 dicere.
1360 3423 1461 3499 Unde
1485 3432 1595 3500 autor

421 3548 546 3618 noster
571 3563 671 3620 nunc
695 3549 797 3620 recte
821 3544 935 3620 refert
958 3565 1001 3620 se
1024 3544 1063 3620 iu
1087 3543 1161 3619 iiue
1189 3543 1293 3618 istim
1322 3543 1403 3618 libri
1434 3544 1594 3620 Paradisi
1700 3583 1704 3594 ·

421 3662 469 3737 ad
494 3663 530 3738 id
555 3664 656 3758 quod
679 3671 902 3761 protestatus
925 3670 982 3740 eet
1013 3664 1052 3739 in
1083 3663 1261 3760 principio
1293 3664 1385 3758 eius,
1411 3663 1476 3738 ubi
1505 3664 1610 3740 dixit*

422 3785 540 3860 cirre:
551 3782 682 3879 percite*
695 3785 970 3883 oppressnndosi
983 3787 1023 3859 ot
1036 3805 1102 3858 ruo
1117 3787 1233 3858 &sire
1248 3789 1370 3857 nmtro
1386 3787 1547 3858 mutuno
1563 3787 1597 3857 si

419 3909 602 4000 profonda
618 3907 931 3998 emunctorium
956 3907 993 3980 to
1017 3908 1189 3980 mannan
1209 3925 1283 3979 non
1304 3898 1377 3999 poci
1403 3907 1476 4000 ire,-
1502 3905 1598 3998 ideo,

422 4043 447 4097 o
480 4024 608 4120 tector,
641 4025 672 4099 si
705 4024 860 4100 solerter
890 4024 1101 4100 consideras
1140 4025 1209 4100 noc
1242 4043 1347 4120 opus,
1381 4023 1596 4120 perpendes,

423 4144 522 4239 quod
547 4165 740 4240 uunquam
755 4145 824 4220 iuit
848 4121 1036 4242 poeta'qui
1056 4145 1140 4240 plus
1155 4143 1327 4220 habuerit
1344 4149 1464 4218 totum
1485 4163 1596 4218 suum

424 4267 549 4341 thema
574 4265 685 4340 omui
708 4265 904 4340 collectum
930 4285 1007 4361 pne
1030 4264 1148 4340 oculis
1172 4263 1305 4339 mentis
1326 4262 1449 4360 quoad
1465 4283 1597 4340 omues

421 4394 545 4483 partes
569 4387 639 4482 sui,
665 4407 779 4482 quam
803 4393 916 4462 autor
944 4387 1013 4462 iste
1044 4383 1434 4481 circumspectissimus
1464 4391 1535 4460 etc.
1551 4421 1602 4440 -

429 4509 548 4596 Qrtntc.
575 4506 640 4581 flio
664 4505 837 4582 describit
868 4505 1059 4582 contusam
1091 4503 1310 4581 memoriam
1341 4522 1419 4579 suae
1452 4503 1602 4578 visinms

424 4646 492 4722 per
507 4647 622 4702 unam
643 4626 957 4724 comparutionem
973 4625 1211 4701 subtiiiimam
1233 4632 1270 4700 et
1294 4623 1498 4699 summarie
1523 4623 1604 4698 ruit

425 4745 549 4822 dicere
573 4746 673 4841 quod
696 4767 795 4822 nunc
817 4745 948 4822 accidit
972 4745 1039 4820 sibi
1064 4745 1159 4820 siem
1175 4744 1373 4840 aliquando
1390 4743 1602 4837 somnianti,
1677 4747 1679 4752 “

490 5005 520 5069 (¹)
535 5005 567 5058 Β·
582 5005 740 5072 *wih-
