4842 6642
722 827 861 883 caurus
885 792 1112 886 coronemus>
1126 829 1322 886 secundus.
1537 821 1605 888 lut

444 975 497 1046 Or
514 975 617 1047 miro
632 973 697 1050 llic
710 973 923 1050 Bernardns
939 976 1056 1073 tangit
1072 976 1183 1051 altam
1202 974 1467 1072 providentiam
1487 977 1615 1051 aeterni

440 1093 538 1190 regis
562 1093 599 1168 in
624 1094 801 1171 divisione
826 1101 863 1170 et
887 1095 1118 1172 ordinatione
1142 1117 1220 1171 suae
1245 1095 1361 1190 aulae3
1387 1102 1424 1172 et
1450 1096 1614 1172 breviter

442 1215 522 1289 rult
533 1213 657 1291 dicere
669 1212 769 1310 quod
785 1215 832 1291 de
847 1216 1033 1292 veteribus
1044 1223 1082 1292 et
1095 1217 1198 1292 novis
1217 1216 1382 1292 fidelibus
1399 1217 1529 1293 Christi
1548 1218 1616 1292 ba-

442 1333 618 1410 bitabltnr
636 1335 834 1410 Paradisus
855 1336 1056 1430 aequaliter.
1071 1336 1174 1412 Unde
1191 1336 1277 1413 dicit
1296 1337 1438 1412 autori:
1457 1341 1509 1412 Or
1522 1341 1617 1412 mua

442 1457 464 1529 t
476 1458 549 1529 otto
569 1457 770 1548 provveder
791 1457 925 1548 diuino
943 1455 1046 1550 idest,
1065 1455 1308 1552 provisionem
1329 1476 1515 1531 summam
1538 1458 1616 1551 Dei,

442 1570 503 1649 ott
525 1577 632 1649 tauro
656 1597 675 1648 e
699 1577 722 1648 t
734 1578 829 1649 ultro
853 1582 986 1670 osoetto
1002 1577 1095 1651 delto
1108 1579 1201 1671 sede,
1220 1576 1357 1652 scilicet
1383 1583 1457 1650 tam
1483 1578 1616 1652 veteris

442 1715 556 1790 quem
571 1695 655 1770 novi
665 1695 900 1791 Testamenti,
914 1699 1127 1788 reuomente
1138 1687 1293 1790 emptori
1306 1703 1423 1789 questo
1434 1699 1615 1791 qinrdino,

441 1813 586 1907 seilicet,
613 1815 825 1911 paradisum
850 1837 937 1892 cum
965 1836 1146 1891 numerus
1179 1816 1263 1891 novi
1293 1816 1503 1911 aequabitur
1528 1837 1614 1891 cum

440 1935 562 2009 divino
583 1936 779 2033 proposito.
792 1941 889 2016 -E
904 1940 1018 2032 coppi.
1036 1936 1103 2012 llio
1119 1936 1330 2012 Bernardns
1347 1937 1518 2012 describit
1535 1960 1619 2034 spe-

440 2054 580 2131 cialiter
607 2040 717 2132 situm
744 2064 782 2134 et
806 2055 963 2154 gloriam
993 2057 1236 2152 parvulorum
1268 2056 1506 2131 innocentum
1540 2064 1614 2132 tam

442 2176 575 2252 veteris
599 2197 713 2272 qnam
734 2177 820 2252 nori
840 2177 1076 2271 Testamenti,
1093 2183 1132 2252 et
1147 2175 1295 2251 discutit
1313 2197 1425 2251 unam
1445 2178 1620 2272 quaestio-

442 2317 525 2372 nem
545 2297 644 2372 circa
661 2317 738 2372 eos.
755 2297 799 2370 ut
815 2297 935 2392 primo
948 2297 1158 2373 Bernardns
1178 2297 1336 2371 ostendit
1357 2298 1478 2372 autori
1501 2319 1619 2393 quare

438 2437 462 2490 a
490 2416 611 2492 medio
636 2416 730 2492 inira
757 2417 951 2511 utriusque
976 2418 1089 2514 partis
1114 2422 1201 2492 sunt
1217 2417 1323 2513 positi
1341 2417 1484 2514 parvuli
1510 2418 1617 2493 inno-

441 2544 576 2632 centes,
595 2537 682 2632 quia
704 2539 832 2613 salvati
859 2546 945 2614 sunt
963 2558 1036 2620 non
1052 2539 1208 2634 propriis
1227 2538 1365 2614 meritis
1386 2539 1451 2614 sed
1476 2539 1613 2616 alienis.

443 2657 543 2732 Unde
568 2657 654 2732 dicit
678 2657 820 2734 autori:
842 2664 875 2733 Ε
895 2662 999 2753 coppi
1022 2661 1083 2734 cle
1103 2681 1170 2752 per
1194 2660 1289 2734 nullo
1312 2663 1466 2754 montio
1491 2664 1614 2734 moin)

438 2780 590 2868 ostede
609 2778 747 2854 scilicet
772 2801 795 2855 a
823 2778 946 2875 pneris
973 2781 1029 2855 rel
1055 2779 1229 2876 parvulis,
1252 2782 1315 2854 dul
1336 2783 1454 2872 oredo
1478 2783 1524 2855 in.
1539 2777 1613 2874 ott,

439 2897 541 2992 idest,
566 2919 590 2974 a
615 2897 710 2975 linea
739 2921 824 2995 qnae
850 2900 1045 2976 intersecat
1063 2921 1183 2974 rosam
1210 2921 1277 2996 per
1304 2901 1465 2980 medium
1494 2909 1614 2976 trans-

439 3021 651 3116 versaliter3
685 3021 783 3096 unde
815 3020 912 3117 dicit,
937 3024 998 3095 cte
1018 3023 1120 3116 fiodo,
1148 3021 1251 3118 idest,
1277 3021 1371 3115 ierit,
1403 3026 1434 3096 te
1461 3025 1528 3098 duc
1557 3025 1614 3097 ot-

437 3144 624 3233 rorezr'om',
659 3141 766 3236 idest,
798 3141 1045 3218 distinctiones
1078 3141 1269 3237 prodicus
1304 3144 1539 3218 bebraeorum
1576 3150 1614 3218 et

438 3264 735 3359 christianorum,
761 3284 786 3336 a
820 3283 940 3336 mezzo
968 3265 997 3336 u
1029 3270 1148 3356 douo,
1177 3261 1282 3358 idest,
1314 3263 1412 3339 circa
1447 3263 1611 3340 medium

437 3383 598 3479 spatium
626 3401 730 3456 rosae·
756 3381 963 3480 imaginare
988 3401 1080 3478 ergo
1105 3381 1198 3456 duas
1223 3381 1338 3458 lineas
1360 3390 1478 3458 rectas
1499 3383 1614 3458 inter·

438 3510 606 3580 secantes
630 3523 670 3578 se
695 3501 733 3576 in
759 3521 842 3576 rosa
869 3501 906 3574 in
925 3500 1075 3575 modum
1097 3501 1230 3596 crucis,
1248 3501 1298 3575 ita
1315 3501 1413 3596 quod
1432 3503 1502 3576 sint
1520 3523 1615 3597 qua-

441 3629 526 3699 tuor
551 3623 760 3718 quarteria:
786 3623 823 3696 in
847 3622 993 3697 duobus
1017 3608 1269 3717 superioribus
1300 3628 1396 3698 stant
1426 3623 1522 3700 beati
1551 3644 1616 3699 re·

439 3743 526 3819 teris
551 3750 589 3818 et
624 3742 709 3817 novi
735 3741 955 3818 Testamenti
982 3742 1043 3838 qui
1081 3748 1300 3818 meruerunt
1336 3743 1372 3816 in
1407 3743 1479 3818 rita
1514 3743 1611 3818 illam

438 3871 614 3940 aeternam
641 3863 927 3958 beatitudinem3
954 3863 991 3936 in
1015 3861 1093 3936 aliis
1118 3861 1264 3936 duobus
1294 3863 1490 3958 quarteriis
1520 3863 1611 3939 inle-

440 3984 597 4059 rioribus
623 3987 719 4057 stant
743 3982 793 4056 illi
818 3982 881 4078 qui
909 3982 994 4057 nibil
1020 3981 1155 4058 mereri
1182 3982 1500 4078 potueruntsicut
1526 4005 1612 4079 par-

439 4104 513 4178 vuli
539 4103 603 4198 qui
622 4102 838 4199 premortui
858 4109 944 4178 sunt
960 4108 1159 4196 autequam
1179 4102 1358 4178 baberent
1376 4124 1484 4179 usum
1506 4103 1609 4179 liberi

437 4225 589 4319 arbitrii,
615 4224 709 4298 sicut
734 4229 834 4319 patet
857 4224 958 4298 clare
983 4221 1020 4296 in
1047 4223 1116 4297 bac
1149 4220 1266 4320 ligura
1293 4245 1314 4297 a
1341 4223 1457 4299 latere
1482 4224 1609 4320 posita.
1632 4269 1703 4284 --

437 4346 480 4420 Et
505 4343 646 4420 subdit:
673 4364 735 4417 rou
754 4365 824 4437 per
848 4346 1005 4433 toloni,
1025 4342 1127 4437 idest,
1146 4350 1296 4438 propter
1322 4343 1496 4418 meritum
1523 4344 1611 4418 alie-

438 4486 541 4558 num,
569 4462 706 4539 scilicet
738 4484 805 4560 per
835 4463 943 4538 fldem
976 4469 1171 4560 parentum
1207 4463 1244 4535 in
1276 4463 1392 4558 prima
1424 4469 1543 4557 aetate,
1576 4472 1612 4538 et

435 4606 502 4682 per
520 4584 837 4660 circumcisionem
856 4585 893 4658 ln
910 4583 1071 4660 secunda
1088 4589 1209 4675 etate,
1228 4601 1311 4678 quae
1332 4588 1438 4657 erant
1463 4581 1609 4678 signum

437 4705 617 4802 baptismi,
635 4711 672 4781 et
689 4725 756 4799 per
773 4705 893 4800 ipsum
910 4703 1132 4801 baptismum
1150 4707 1231 4798 post
1246 4702 1430 4778 Christum
1449 4723 1610 4798 passum,

439 4827 533 4902 sicut
557 4825 804 4901 declarabitur
824 4825 947 4922 paullo
966 4823 1080 4918 inlra;
1106 4823 1188 4898 ideo
1214 4822 1316 4898 dicit:
1333 4845 1399 4897 con
1416 4832 1507 4898 certe
1526 4845 1611 4898 coo·

439 4949 584 5039 dotum,
609 4952 648 5021 et
672 4945 843 5042 exprimit
869 4947 931 5041 qui
961 4951 1048 5020 sunt
1079 4944 1134 5018 isti
1167 4944 1293 5018 salvati
1330 4945 1429 5020 nullo
1461 4945 1610 5042 proprio
