4842 6642
946 779 992 846 dd
1334 789 1540 846 somnum
1563 790 1731 844 nmmrsr

944 959 990 1014 ex
1010 937 1127 1013 tribus
1143 935 1470 1034 propositionibus3
1495 955 1657 1030 quarum
1674 933 1794 1032 prima
1811 941 1968 1008 vocatur
1984 934 2117 1027 maior,

943 1059 1104 1136 secunda
1130 1058 1264 1152 minor,
1289 1056 1396 1131 tertia
1421 1055 1619 1132 oouclusio.
1641 1055 1748 1130 llodo
1772 1053 1971 1152 syllogismi
1996 1054 2119 1128 nomi-

823 1249 827 1260 .
944 1201 1035 1255 num
1065 1199 1163 1275 saepe
1187 1186 1274 1254 sunt
1297 1176 1477 1270 defectivi,
1501 1177 1589 1272 quia
1615 1196 1689 1250 non
1713 1174 1937 1250 concludunt
1969 1195 2116 1250 rerum.

944 1299 1116 1398 Arguunt
1148 1299 1247 1374 euim
1276 1298 1473 1395 aliqnando
1505 1297 1558 1373 sic
1576 1290 1614 1390 (¹)
1646 1295 1891 1394 syllogistice:
1923 1318 2115 1373 summum

946 1421 1084 1496 bonnm
1110 1429 1167 1496 est
1192 1419 1281 1494 illud
1298 1418 1397 1514 quod
1413 1424 1534 1515 potest
1560 1417 1652 1494 dare
1680 1417 1819 1492 homini
1847 1417 2028 1513 omnia3*
2052 1417 2117 1493 sed

946 1543 1100 1640 pecnnia
1134 1549 1253 1638 potest
1289 1540 1380 1616 dare
1418 1539 1557 1614 homini
1587 1539 1725 1632 omnia,
1750 1559 1842 1636 ergo
1876 1529 2116 1634 pecunia*('l

947 1669 1002 1738 est
1026 1683 1216 1737 summum
1242 1661 1398 1736 bonum:
1416 1659 1534 1734 maior
1558 1666 1616 1734 est
1640 1658 1844 1752 manilesta,
1860 1665 1898 1733 et
1915 1659 2035 1732 minor
2050 1658 2118 1734 de·

946 1783 1107 1858 claretur
1124 1787 1275 1878 propter
1289 1799 1491 1856 commune
1506 1779 1662 1854 dictum:
1674 1777 1806 1853 Omnia
1823 1799 1890 1873 pro
1904 1769 1942 1870 (³)
1962 1777 2116 1874 pecnnia

946 1903 1040 1978 lacta
1066 1909 1171 1976 sunt:
1197 1921 1289 1998 ergo
1313 1899 1499 1976 conclusio
1524 1920 1637 1974 vera:
1663 1905 1701 1974 et
1724 1905 1827 1974 certe
1843 1899 1911 1974 ista
1932 1898 2119 1974 conclusio

947 2043 1021 2096 non
1046 2021 1154 2116 valet,
1181 2021 1268 2117 qnia
1293 2021 1414 2096 minor
1430 2027 1487 2095 est
1503 2021 1609 2114 lalsm
1630 2041 1716 2093 nam
1734 2020 1889 2114 pecunia
1907 2040 1981 2094 non
1997 2020 2119 2094 solum

949 2163 1022 2218 non
1048 2147 1164 2238 potest
1188 2141 1312 2217 lacere
1335 2141 1523 2215 hominem
1541 2139 1797 2231 sufficientem,
1814 2139 1878 2214 sed
1894 2139 2015 2237 potius
2035 2139 2121 2215 lacit
2169 2169 2181 2180 ·

948 2283 1037 2338 eum
1063 2262 1230 2358 pluribus
1253 2261 1496 2358 indigentem
1513 2261 1602 2354 quia
1626 2279 1724 2354 saepe
1748 2261 1967 2356 pecuniosus
1984 2260 2121 2358 indiget

889 2423 894 2432 ·
948 2383 1086 2459 auxilio
1111 2383 1274 2476 alterius,
1300 2404 1375 2476 qno
1400 2401 1506 2455 suam
1532 2380 1726 2476 pecuniam
1745 2389 1908 2475 tueatur,
1927 2386 1970 2455 ut
1990 2382 2122 2478 probat

948 2503 1105 2578 Boetius.
1132 2502 1236 2578 Unde
1260 2501 1369 2577 dicit:
1403 2503 1482 2593 quei
1512 2503 1573 2574 clte
1603 2504 1629 2575 ti
1654 2503 1769 2596 sonno
1801 2504 1840 2574 in
1871 2501 1977 2574 bosso
2009 2503 2121 2574 datter

948 2627 1046 2716 lali,
1064 2623 1167 2717 idest,
1185 2622 1395 2698 affectiones
1420 2628 1514 2716 tuas,
1531 2622 1619 2716 quia
1645 2621 1782 2697 lacinnt
1806 2623 1925 2697 solnm
1951 2643 2121 2717 querere

948 2745 1121 2820 inferiora
1141 2751 1301 2838 terrena,
1318 2748 1357 2818 el
1373 2744 1444 2816 hnc
1459 2749 1588 2817 contra
1605 2742 1770 2818 ordinem
1788 2743 1915 2818 datum
1933 2765 2000 2840 per
2016 2763 2123 2820 crea·

950 2872 1068 2939 torem
1096 2863 1228 2959 speciei
1253 2865 1437 2956 humanae,
1464 2862 1528 2956 qui
1552 2868 1608 2937 est
1632 2863 1784 2938 tendere
1803 2864 2021 2939 naturaliter
2037 2885 2123 2938 snr-

949 3004 1035 3058 sum
1068 2982 1115 3057 ad
1146 3003 1275 3057 veram
1308 2982 1529 3075 felicitatem,
1562 2981 1656 3056 siout
1686 2984 1882 3078 probatum
1913 2989 1969 3058 est
2002 2983 2123 3078 primo

950 3104 1109 3200 capitulo
1135 3103 1246 3178 huius
1270 3103 1443 3178 Paradisi.
1457 3143 1508 3158 -
1522 3105 1584 3175 cti
1598 3106 1721 3177 dietro
1739 3103 1804 3178 llic
1821 3111 1931 3179 autor
1951 3105 2045 3180 lacta
2063 3124 2124 3178 re-

951 3224 1194 3320 prehensione
1219 3222 1395 3320 generali,
1413 3221 1607 3298 confirmat
1631 3223 1746 3319 ipsam
1772 3223 1957 3300 inductive
1980 3223 2125 3299 discur-

951 3365 1037 3420 rens
1069 3365 1136 3440 per
1167 3343 1270 3418 varia
1303 3343 1422 3418 studia
1452 3342 1658 3438 hominum,
1683 3350 1722 3419 et
1751 3344 1914 3420 breviter
1942 3345 2126 3440 percurrit

950 3463 1160 3560 principalia
1178 3463 1298 3538 studia
1316 3463 1525 3557 hominum3
1540 3463 1639 3538 uude
1655 3464 1760 3539 dicit:
1777 3468 1850 3560 cli,
1866 3465 1968 3558 idest,
1980 3465 2124 3561 aliquis,

949 3605 1011 3658 sen
1034 3587 1118 3675 pino
1142 3587 1256 3658 dicen
1280 3604 1305 3656 o
1329 3587 1425 3674 inno,
1442 3583 1537 3658 sicut
1556 3583 1695 3680 legistae
1720 3585 1784 3679 qui
1809 3593 2018 3680 sequuntur
2036 3587 2125 3682 jura

952 3702 1070 3779 civilia
1094 3710 1132 3778 et
1151 3703 1328 3778 ventilant
1348 3703 1428 3777 lites
1444 3710 1483 3778 el
1497 3703 1643 3800 jurgia3
1660 3710 1698 3779 et
1718 3704 1774 3778 isti
1795 3713 1968 3800 quarunt
1984 3712 2027 3779 ut
2043 3706 2126 3802 plu-

954 3823 1089 3897 rimum
1109 3843 1242 3898 vanam
1260 3823 1479 3918 lelicitatem,
1506 3830 1592 3918 puta
1619 3823 1762 3898 divitias
1785 3832 1824 3900 et
1850 3827 2019 3920 honores,
2034 3847 2127 3900 con-

952 3949 1009 4018 tra
1036 3963 1130 4038 quos
1149 3941 1289 4018 Seneca
1314 3943 1351 4016 in
1377 3943 1556 4040 tragoedia
1584 3944 1699 4038 prima
1714 3933 1774 4038 (⁸):
1799 3944 1865 4020 llic
1889 3944 2038 4040 superbi
2064 3965 2127 4019 ra-

952 4063 1054 4138 biosa
1080 4063 1147 4138 lori
1169 4063 1295 4160 jurgia
1321 4070 1403 4157 eto,
1423 4085 1443 4137 e
1466 4065 1522 4137 oli
1543 4067 1596 4137 od
1618 4067 1792 4159 usonem,
1809 4065 1955 4160 scilicet,
1975 4066 2127 4159 medici3

952 4189 1006 4257 est
1031 4183 1130 4258 enim
1156 4181 1389 4278 aphorismus
1415 4175 1624 4276 maximat&
1652 4184 1689 4257 in
1708 4184 1908 4260 medicina:
1925 4186 2025 4262 unde
2040 4186 2128 4282 llip-

954 4323 1082 4397 pocras
1096 4293 1133 4396 (⁶)
1161 4302 1392 4378 doctissimus
1429 4302 1658 4378 medicorum
1694 4303 1778 4378 lecit
1816 4304 1950 4380 librum
1981 4307 2129 4402 aphori-

955 4441 1134 4516 smorum,
1152 4444 1265 4517 quem
1291 4421 1463 4498 Gallenos
1486 4429 1612 4518 postea
1637 4425 1924 4499 commentarit:
1949 4432 1987 4501 et
2012 4427 2132 4522 primo

1018 4697 1046 4758 (¹)
1061 4695 1088 4747 S.
1104 4697 1172 4748 dont
1188 4699 1338 4764 syllogistn.

1018 4772 1046 4832 Γ)
1061 4773 1098 4823 Le
1113 4773 1203 4836 prrote
1220 4774 1261 4826 irs
1275 4777 1285 4826 i
1300 4778 1353 4827 dne
1368 4779 1502 4830 ntmisohl
1517 4791 1565 4828 ion
1579 4777 1693 4842 snppllto
1708 4777 1753 4828 dul
1767 4777 1860 4830 codice
1875 4779 1992 4829 Bam.

1020 4847 1046 4910 τ’)
1063 4850 1089 4900 S.
1105 4863 1121 4900 o
1137 4849 1169 4900 n
1186 4863 1233 4913 per
1249 4854 1396 4915 pecnntnm.
1519 4855 1547 4917 (⁸)
1563 4855 1595 4906 li.
1611 4855 1704 4918 primi,
1721 4855 1810 4906 docus
1823 4857 1874 4906 rior
1889 4855 1941 4906 illc
1955 4853 2070 4919 ruperit.

1020 4926 1047 4988 (⁸)
1064 4925 1094 4976 E.
1110 4927 1223 4979 nullm
1239 4930 1359 4994 qum
1373 4931 1410 4982 in.
1519 4932 1547 4996 (Ἰ
1563 4933 1595 4984 li.
1609 4933 1790 4997 Hippocraten.
