4842 6642
664 922 666 931 Ι
804 849 942 904 caurus
968 849 1125 906 uncinus
1150 851 1293 906 annuus.
1584 839 1630 908 63

457 997 603 1073 videtur
629 996 841 1091 relinquere
866 995 1073 1087 commoda,
1108 993 1254 1070 delicias
1286 1002 1324 1070 et
1352 995 1424 1071 alia
1454 996 1632 1092 placibilia

457 1117 623 1213 divitum,
656 1121 707 1193 ad
735 1119 962 1208 laaoccazio,
988 1115 1135 1210 scilicet,
1160 1137 1265 1212 papae
1297 1123 1443 1212 quarto,
1468 1138 1488 1189 e
1511 1120 1560 1191 da
1585 1120 1635 1191 lai

456 1238 536 1312 ebbe
559 1241 682 1331 ptimo
712 1241 841 1330 cipido,
875 1236 978 1331 idest,
1013 1235 1258 1333 privilegium,
1290 1258 1314 1309 a
1346 1257 1413 1309 saa
1442 1238 1633 1330 rodolone,-

457 1357 544 1453 quia
569 1380 642 1434 non
669 1359 752 1434 licet
777 1358 900 1432 iacere
925 1356 1091 1432 ordinem
1119 1356 1176 1431 vel
1203 1357 1372 1453 regulam
1398 1356 1478 1431 siue
1502 1363 1633 1431 aucto-

457 1481 574 1574 ritate,
595 1480 739 1556 licentia
764 1487 801 1555 et
827 1499 1005 1555 consensu
1025 1477 1217 1553 Pontificis.
1232 1482 1371 1552 -Pot
1392 1478 1458 1553 llic
1474 1479 1633 1552 Thomas

458 1601 630 1676 describit
660 1599 975 1676 confirmationem
1011 1599 1147 1674 ordinis
1178 1599 1371 1694 Francisci,
1401 1599 1548 1674 diceus:
1580 1603 1633 1671 La

458 1729 563 1796 suala
588 1724 718 1814 captia,
744 1720 847 1813 idest,
874 1721 1055 1814 voluntas,
1080 1723 1114 1793 d'
1127 1728 1197 1794 esto
1223 1723 1516 1810 archimandrita,
1540 1719 1632 1795 idest

460 1842 564 1918 istius
589 1841 743 1936 pastoris
768 1839 969 1933 Francisci3
986 1840 1278 1915 brebimandrila
1303 1840 1401 1916 cuim
1428 1839 1560 1914 dicitur
1583 1840 1632 1915 ab

460 1963 601 2035 Arcton
626 1959 725 2056 quod
751 1968 805 2034 est
835 1961 1013 2055 princeps,
1040 1965 1076 2033 el
1102 1961 1272 2053 Mandra,
1302 1959 1400 2054 quod
1430 1964 1485 2034 est
1513 1979 1631 2055 grex;

461 2079 558 2154 unde
583 2079 886 2174 drcbimandrita‚
919 2079 1022 2173 idest,
1056 2079 1222 2174 princeps
1255 2079 1389 2176 gregis,
1416 2079 1534 2174 qualis
1566 2077 1632 2152 luit

458 2200 684 2292 Franciscus,
710 2221 822 2296 quem
849 2205 1029 2294 sequutus
1062 2206 1116 2273 est
1151 2193 1337 2273 maximus
1367 2220 1485 2296 grox3
1508 2202 1549 2294 [a
1572 2220 1633 2272 re-

458 2322 594 2410 dimita,
612 2320 715 2415 idest,
734 2327 911 2395 exornata
925 2311 975 2414 (¹),
1000 2321 1038 2394 dt
1061 2321 1213 2393 soconda
1238 2340 1387 2413 corona,
1415 2318 1518 2413 idest,
1545 2339 1635 2393 eon-

459 2440 677 2537 firmatione,
703 2442 749 2516 de
775 2463 849 2536 qua
876 2441 1003 2515 babuit
1033 2440 1236 2515 secundum
1263 2439 1509 2536 privilegium,
1539 2440 1633 2515 sicut

458 2562 640 2638 habuerat
664 2563 824 2658 primum
858 2581 925 2657 pro
960 2560 1180 2654 laudatione,
1203 2582 1271 2654 por
1300 2563 1449 2652 onorio,
1475 2560 1538 2655 qui
1565 2560 1633 2634 luit

459 2703 552 2778 papa
578 2704 765 2777 romanus,
784 2682 846 2777 qui
873 2681 957 2756 iecit
973 2672 1009 2774 (²)
1037 2679 1236 2755 Minoribus
1260 2681 1505 2778 privilegium,
1532 2679 1632 2776 quod

460 2810 604 2897 possent
630 2822 735 2877 sacra
766 2801 975 2875 ministrare
1000 2807 1037 2875 et
1061 2800 1254 2897 dignitates
1283 2801 1490 2897 spirituales
1517 2800 1631 2876 babe-

460 2942 512 2997 re.
540 2923 583 2996 Et
609 2923 677 2996 boc
703 2921 783 2996 dico
818 2921 908 2994 suit:
932 2923 994 3013 poi
1023 2923 1083 2994 cle
1116 2923 1152 2994 la
1183 2930 1283 3012 pente
1303 2923 1483 3013 poverello
1512 2921 1633 2994 arebba

459 3043 571 3114 dietro
597 3063 621 3114 a
645 3043 775 3134 costul3
801 3040 928 3114 babuit
953 3040 1050 3115 enim
1077 3040 1293 3115 Francisous
1317 3039 1509 3115 duodecim
1527 3041 1634 3115 disci·

460 3162 566 3256 pulos
583 3160 629 3236 ad
646 3160 886 3234 imitationem
903 3160 1033 3235 Cbristi
1050 3149 1099 3254 (³),
1121 3160 1184 3255 qui
1202 3179 1331 3235 omnes
1349 3160 1500 3236 luerunt
1516 3160 1640 3234 sancti>

459 3280 528 3354 viri
553 3289 688 3375 praeter
715 3302 832 3356 unum
859 3281 922 3375 qui
949 3280 1061 3355 exivit
1086 3280 1266 3376 ordinem,
1293 3290 1331 3355 et
1356 3281 1473 3356 iactus
1498 3287 1554 3355 est
1580 3282 1634 3355 le-

459 3523 671 3614 canterebde,
697 3522 800 3617 idest,
825 3520 1005 3598 cantanda
1030 3527 1110 3596 erat
1127 3530 1165 3596 et
1181 3521 1400 3597 celebranda
1418 3542 1484 3617 per
1503 3522 1633 3597 orbem

460 3643 506 3718 ad
530 3642 685 3739 gloriam
713 3643 791 3736 Dei,
817 3642 881 3737 qui
906 3642 1004 3716 dedit
1029 3642 1095 3715 sibi
1123 3648 1262 3716 tantam
1287 3642 1458 3738 gratiam,
1484 3648 1525 3716 ut
1545 3662 1635 3717 can-

463 3769 605 3838 taretur
630 3771 667 3839 et
692 3765 946 3840 celebraretur
969 3767 1007 3836 ia
1032 3767 1151 3854 pluria
1176 3766 1233 3838 del
1255 3766 1331 3855 cccl,
1356 3764 1442 3858 quia
1463 3764 1544 3838 eius
1560 3765 1633 3839 vita

462 3885 657 3978 plusquam
683 3885 848 3960 bumana
872 3884 1020 3958 cederet
1044 3882 1091 3958 ad
1116 3883 1272 3980 gloriam
1298 3883 1428 3980 gratiae
1448 3883 1579 3958 divinae
1597 3891 1634 3958 ct

461 4002 649 4078 infusionis
674 4005 840 4078 coelestis.
854 4009 950 4076 -Ε
965 4006 1038 4097 poi.
1065 4002 1131 4077 Hic
1155 4003 1325 4098 Thomas,
1351 4002 1538 4098 descriptis
1563 4025 1634 4100 pu-

462 4121 564 4197 blicis
589 4123 762 4218 operibus
787 4122 979 4217 Francisci,
1013 4143 1111 4196 nunc
1140 4123 1292 4198 intendit
1322 4122 1530 4199 describere
1555 4124 1635 4198 eius

463 4243 643 4338 privatam
670 4243 794 4337 vitam,
821 4264 933 4339 quam
960 4242 1064 4316 duxit
1090 4262 1155 4338 per
1180 4250 1345 4318 sanctam
1370 4242 1634 4340 ponitentiae,

462 4382 528 4458 per
563 4361 805 4437 tentationum
839 4363 937 4436 viam
971 4361 1126 4457 publicae
1159 4363 1345 4438 utilitatis
1365 4364 1419 4438 bd
1453 4364 1551 4460 quod
1581 4371 1637 4440 est

461 4481 623 4555 breviter
655 4481 921 4577 praesciendum
957 4481 1055 4576 quod
1088 4481 1302 4558 Franciscus
1319 4474 1367 4580 (⁸),
1399 4486 1563 4581 perlecto
1599 4493 1637 4561 et

462 4602 618 4676 stabilito
644 4601 779 4677 Ordine
803 4602 872 4676 sub
898 4602 1176 4677 confirmatione
1196 4604 1331 4700 babila,
1349 4611 1388 4681 et
1403 4605 1487 4680 data
1507 4605 1635 4703 regula

462 4729 599 4816 sancta,
619 4721 783 4796 transivit
810 4742 913 4796 mare
934 4726 970 4797 et
994 4721 1204 4818 praedicavit
1221 4723 1330 4798 iidem
1349 4725 1544 4800 saracenis.
1565 4724 1636 4802 Sed

525 4908 554 4973 (¹)
570 4910 596 4960 S.
613 4915 712 4962 ornata.
981 4913 1007 4976 (²)
1024 4913 1055 4962 E.
1072 4913 1180 4964 indulsit
1195 4914 1342 4966 Minoribus
1356 4915 1489 4967 trabibus.

525 4986 552 5050 (⁸)
567 4987 599 5037 Ε.
612 4987 674 5038 Jasn
690 4987 793 5042 Cbnsti
981 4991 1009 5054 (¹)
1026 4990 1056 5041 E.
1073 4991 1163 5043 malus
1178 4991 1341 5044 Frucieeua
