4842 6642
871 778 1011 836 munus
1036 781 1263 836 aaronstuus.
1578 772 1649 838 457

479 925 595 998 immo
618 923 819 1020 spirituale,
845 923 1044 1020 immobile,
1066 946 1134 1002 uec
1160 935 1216 1002 est
1239 926 1337 1002 aliud
1360 948 1473 1021 quarn
1492 927 1568 1024 ipsa
1584 927 1652 1001 lux

479 1043 599 1119 divina
624 1049 662 1118 et
685 1063 793 1118 amor
818 1045 972 1120 divinus.
990 1047 1093 1122 Unde
1118 1047 1222 1122 dicit:
1244 1052 1349 1122 Lame
1373 1044 1395 1123 e*
1417 1043 1523 1140 lassi,
1547 1047 1654 1140 idest,
1795 1071 1796 1074 ¹

479 1164 576 1259 apud
602 1169 779 1259 punctum
808 1163 1038 1260 altissimum,
1062 1169 1123 1240 cllo
1149 1172 1230 1263 succ
1254 1169 1383 1243 obidilc
1407 1171 1442 1240 lo
1471 1172 1651 1259 creatore,

430 1359 434 1365 .
480 1285 627 1379 scilicet,
662 1285 781 1360 Deum
814 1286 1046 1380 invisibilem,
1080 1308 1106 1359 o
1141 1291 1255 1381 pullu
1287 1267 1472 1380 measure,
1507 1287 1654 1380 scilicet,
1754 1373 1756 1380 ‚

480 1405 598 1480 beatae
622 1407 681 1482 vel
707 1407 903 1502 angetlcae3
929 1415 968 1481 et
991 1407 1095 1483 dicit:
1122 1411 1182 1481 cte
1205 1411 1253 1482 ltu
1278 1411 1314 1482 lo
1337 1429 1404 1484 suo
1414 1429 1506 1503 poce
1520 1412 1596 1482 solo
1613 1411 1651 1482 ia

479 1530 584 1601 aeder
613 1530 673 1621 lui,
709 1527 797 1622 quia
829 1527 928 1602 aliud
962 1547 1035 1603 nou
1070 1534 1126 1604 est
1155 1529 1345 1625 paradisus
1377 1550 1490 1625 quam
1524 1529 1650 1604 videre

479 1649 617 1724 benun
645 1649 725 1722 vult
749 1667 840 1745 ergo
864 1648 901 1722 in
927 1649 1060 1724 ellectu
1087 1648 1221 1743 dicere,
1244 1649 1344 1743 quod
1365 1651 1492 1724 lumen
1518 1649 1649 1724 divinae

477 1768 607 1866 gratius
631 1767 787 1863 disponit
803 1768 971 1862 spirltum
990 1767 1142 1844 beatum
1160 1775 1198 1844 et
1218 1769 1424 1866 angelicum
1449 1770 1496 1845 ad
1522 1767 1649 1844 viden·

477 1890 566 1965 dum
582 1882 620 1982 (¹)
639 1895 783 1964 mnium
810 1895 991 1984 quantum
1017 1889 1137 1987 placet
1161 1889 1227 1986 ipsi
1253 1891 1417 1966 Creatori
1443 1889 1557 1965 videri
1582 1909 1649 1986 per

475 2010 590 2107 ipsam
616 2016 840 2085 creaturam.
859 2011 966 2085 Nulla
983 2009 1082 2085 enim
1107 2016 1164 2086 est
1187 2017 1362 2086 creatura
1384 2009 1508 2086 videns
1534 2031 1646 2106 qnam

475 2152 546 2206 uou
572 2137 742 2228 oporteat
766 2151 848 2205 esse
873 2130 1117 2206 illuminatam
1141 2131 1190 2206 ab
1216 2130 1276 2206 illa
1291 2133 1395 2206 'luce
1410 2135 1506 2204 -E
1522 2133 1563 2204 si.
1581 2129 1646 2206 llic

474 2257 584 2328 autor
608 2249 780 2327 describit
806 2251 1020 2346 qualitatem
1047 2257 1084 2326 et
1110 2252 1352 2346 quantitatem
1379 2250 1475 2326 illius
1500 2249 1647 2325 luminis

474 2372 574 2467 quod
602 2372 688 2448 lacit
718 2371 856 2447 dictum
887 2372 1025 2446 ooelum
1057 2392 1289 2469 empyreum,
1314 2372 1457 2448 dicens:
1488 2378 1525 2446 et
1557 2370 1644 2446 illud

475 2493 614 2587 lumen,
639 2495 672 2565 si
696 2488 861 2584 tomus,
890 2491 992 2586 idest,
1018 2491 1203 2587 dilatatur,
1221 2495 1259 2566 ia
1279 2495 1432 2568 circulm
1453 2495 1586 2586 pipare,
1606 2499 1644 2566 et

476 2614 581 2711 plena
607 2614 686 2708 ipso
712 2612 864 2706 lumine,
890 2632 975 2707 qum
1000 2611 1120 2709 ligura
1146 2611 1336 2688 circularis
1366 2619 1421 2688 est
1450 2610 1643 2708 perlectior

476 2755 588 2829 quam
623 2733 826 2830 intelligere
861 2753 1076 2828 possumus3
1111 2742 1149 2810 el
1182 2733 1269 2808 dicit
1297 2733 1343 2808 de
1369 2732 1582 2828 quantitate,
1608 2733 1646 2804 ia

477 2861 585 2947 mato,
614 2856 674 2927 cte
697 2856 734 2926 lo
758 2873 824 2926 suu
847 2855 1114 2947 circonsereuzo
1134 2852 1280 2928 sarebbe
1297 2859 1422 2946 troppo
1442 2856 1547 2944 lorpo
1569 2855 1646 2926 aa·

475 2981 558 3046 trtru
583 2975 623 3047 ul
644 2976 730 3064 sole,
755 2971 860 3066 quasi
880 2971 996 3046 dicat:
1023 2973 1195 3066 quamvis
1219 2974 1273 3048 sol
1298 2973 1343 3047 sit
1369 2973 1488 3048 maius
1512 2991 1647 3068 corpus
1792 2965 1797 2974 '

475 3093 643 3187 sceleste,
669 3098 725 3168 est
749 3092 847 3167 euim
874 3091 993 3169 maior
1018 3099 1119 3167 terra
1144 3093 1292 3188 centies,
1319 3099 1356 3168 et
1386 3091 1567 3167 illuminet
1590 3099 1647 3166 to-

475 3221 555 3288 tum
587 3212 768 3287 mundum
802 3212 955 3308 vicibus,
988 3220 1114 3289 tamen
1145 3221 1243 3290 esset
1272 3219 1442 3289 centrum
1475 3219 1513 3289 et
1550 3233 1647 3308 puu-

473 3342 575 3409 ctum
601 3335 697 3410 iutra
722 3333 812 3409 illud
837 3335 975 3409 coelnm
1001 3355 1234 3432 empyreum,
1265 3342 1304 3410 et
1329 3334 1522 3409 minimum
1551 3356 1645 3430 puu-

471 3463 586 3531 ctum.
617 3455 663 3528 Et
693 3455 814 3530 subdit
846 3454 1033 3549 quomodo
1064 3455 1126 3528 liat
1160 3454 1300 3530 visibile
1330 3455 1469 3530 dictum
1497 3454 1645 3546 lumen;

472 3577 566 3652 sicut
592 3577 720 3651 lumen
744 3574 829 3650 solis
854 3574 1014 3650 edicitur
1040 3575 1143 3650 nobis
1168 3575 1308 3650 risibile
1335 3596 1399 3670 per
1426 3575 1644 3651 reverbera-

475 3699 613 3773 tionem
643 3702 682 3772 et
715 3695 971 3771 retractionem
999 3694 1188 3770 radiorum
1225 3697 1260 3770 in
1291 3703 1441 3792 terram,
1471 3696 1521 3770 ita
1554 3691 1642 3768 illud

474 3819 601 3893 lumen
620 3816 786 3892 divinum
804 3837 871 3912 per
889 3816 1126 3892 reflexionem
1147 3838 1304 3893 suorum
1324 3819 1510 3894 radiorum
1531 3836 1647 3912 super¹

474 3959 620 4034 speram
646 3957 793 4012 nonam.
820 3937 924 4011 Unde
936 3928 988 4030 (¹),
1013 3944 1098 4010 tutu
1122 3958 1189 4012 suu
1211 3927 1411 4030 parcenao,
1434 3939 1536 4032 idest,
1567 3943 1642 4012 tota

473 4058 686 4154 apparentia
711 4057 808 4133 illius
833 4057 992 4150 luminis,
1014 4061 1106 4153 susci
1129 4061 1167 4133 di
1190 4063 1333 4150 roppio,
1356 4058 1451 4146 illius
1476 4057 1641 4135 eiusdem

473 4179 633 4273 luminis,
658 4182 798 4273 replesse
823 4180 863 4252 ul
884 4199 1019 4252 sommo
1044 4181 1102 4253 del
1120 4179 1243 4252 monle
1256 4183 1387 4272 ptimo,
1408 4178 1509 4272 idest,
1531 4197 1643 4272 super

474 4319 682 4376 convexum
709 4320 816 4376 noum
840 4320 977 4397 sperae:
1003 4306 1042 4374 et
1075 4299 1180 4374 dicit:
1209 4303 1281 4393 ulte,
1311 4299 1413 4393 idest,
1444 4298 1542 4394 quod
1569 4299 1644 4394 pri-

472 4441 577 4494 mum
616 4419 927 4515 mobilemque
959 4423 1085 4513 quoru,
1121 4420 1268 4514 scilicet,
1305 4442 1329 4496 a
1367 4419 1470 4497 radio
1505 4420 1641 4496 summi

471 4539 630 4634 luminis,
657 4543 773 4615 maere
805 4548 1010 4633 aponum,
1037 4539 1124 4635 quia
1149 4539 1244 4634 capit
1271 4547 1425 4635 motum,
1452 4540 1638 4636 virtutem,

470 4667 508 4735 et
544 4665 763 4756 potestatem
801 4681 914 4754 quam
949 4659 1060 4734 babet
1094 4679 1207 4754 super
1234 4679 1367 4736 omues
1401 4661 1513 4736 coelos
1547 4680 1642 4755 quos

531 4920 561 4986 (¹)
576 4921 608 4974 li.
623 4921 656 4974 ad
671 4922 812 4974 ridendum
827 4935 856 4973 re
872 4926 983 4974 uatum.
1166 4919 1196 4984 (⁸)
1213 4921 1243 4972 li.
1260 4921 1334 4974 liudo
1350 4921 1428 4974 dicit:
1444 4927 1519 4972 tutta
