4842 6642
977 857 1024 924 aa
1369 867 1573 944 conducunt
1598 868 1770 922 nnannrsr

977 1014 1107 1090 ultimo
1120 1015 1382 1090 Bonaventura
1394 1013 1566 1089 describit
1578 1012 1842 1109 professionem
1851 1009 2042 1106 Dominici,
2051 1028 2155 1084 oom-

978 1134 1157 1211 mendans
1183 1133 1264 1208 eius
1289 1133 1456 1208 ordinem
1482 1140 1521 1208 et
1545 1133 1693 1209 tratres:
1721 1132 1820 1208 unde
1844 1131 1950 1207 dicit:
1976 1133 2026 1204 Di
2053 1130 2157 1204 nort

975 1259 1070 1352 seon
1090 1257 1156 1348 poi
1185 1256 1318 1328 diversi
1350 1255 1431 1347 riui
1457 1251 1562 1348 idest,
1587 1259 1668 1350 post
1692 1274 1781 1328 eum
1807 1250 1954 1348 sequuti
1984 1254 2070 1324 sunt
2099 1248 2155 1323 di·

978 1377 1075 1454 versi
1100 1375 1233 1451 iratres
1258 1383 1449 1470 tamquam
1476 1374 1545 1450 rivi
1569 1374 1660 1449 clari
1685 1396 1709 1450 a
1733 1372 1937 1449 clarissimo
1961 1371 2063 1446 fonte
2082 1370 2153 1445 Do·

979 1497 1126 1593 minici;
1153 1493 1252 1570 unde
1281 1494 1392 1570 dicit:
1418 1496 1523 1588 onde,
1548 1494 1652 1590 idest,
1677 1515 1724 1570 ex
1751 1493 1887 1589 quihus
1917 1489 2017 1586 rivis,
2039 1493 2063 1565 t
2074 1497 2154 1564 orto

978 1621 1150 1710 rotmiro,
1176 1616 1280 1711 idest,
1305 1615 1471 1711 ecclesia,
1498 1636 1611 1710 quarn
1634 1616 1713 1712 jam
1743 1635 1856 1709 supra
1887 1612 2032 1689 vocavit
2064 1612 2152 1688 hor-

979 1747 1070 1834 tum,
1096 1741 1128 1812 si
1151 1741 1248 1829 rino,
1273 1736 1377 1832 idest,
1404 1736 1581 1833 irrigatur
1598 1742 1636 1811 et
1652 1735 1899 1830 ioecundatur,
1915 1727 1946 1808 si
1962 1736 2023 1810 cite
2043 1737 2057 1808 i
2076 1736 2154 1807 suoi

978 1859 1174 1949 oriundi,
1201 1856 1304 1950 idest,
1332 1855 1456 1931 fideles
1481 1855 1679 1952 christiani,
1704 1863 1786 1929 stan
1812 1850 1874 1951 piri
1899 1858 1979 1948 oioi,
2005 1853 2152 1949 scilicet,

978 1975 1675 2073 mmmmmmfflfflt

1052 2104 1096 2174 Se
1121 2099 1233 2192 tolph
1262 2100 1285 2170 t’
1297 2117 1380 2170 unu.
1410 2098 1482 2172 Ista
1513 2104 1569 2173 est
1601 2097 1707 2172 tertia
1733 2118 1817 2192 pars
1842 2096 2025 2193 generatis
2040 2089 2089 2191 (¹),
2115 2094 2153 2169 in

979 2241 1054 2316 qua
1072 2219 1333 2294 Bonaventnra
1348 2217 1396 2292 de
1411 2217 1551 2292 Baineo
1567 2217 1693 2315 Regio,
1710 2217 1890 2313 descripta
1907 2225 1946 2292 et
1961 2236 2153 2293 commen·

979 2341 1064 2418 data
1090 2339 1164 2414 vita
1189 2338 1287 2416 beati
1312 2337 1501 2432 Dominici‚
1520 2358 1619 2412 nunc
1640 2337 1791 2414 intendit
1808 2339 2021 2434 vituperare
2041 2335 2154 2411 vitam

980 2461 1138 2536 fratrum
1156 2459 1214 2534 sni
1231 2457 1387 2552 ordinis3
1408 2465 1446 2533 et
1463 2478 1507 2532 ex
1533 2457 1636 2533 dictis
1652 2457 1778 2554 arguit
1794 2457 2047 2533 exceltentiam
2063 2477 2151 2531 san-

978 2572 1070 2674 cti(²)
1084 2578 1279 2673 Francisci,
1294 2585 1335 2651 ut
1351 2577 1403 2652 sic
1421 2577 1577 2652 habilius
1589 2576 1785 2653 descendat
1798 2567 1836 2671 (³)
1849 2577 1896 2653 ad
1910 2577 2041 2652 iratres
2056 2576 2146 2651 eins.

977 2702 1070 2778 Dicit
1095 2721 1186 2798 ergo
1212 2698 1453 2774 concludens:
1480 2702 1532 2770 Lo
1555 2701 1748 2773 eccellenzo
1763 2701 1842 2774 deit
1855 2703 1951 2774 ultro
1966 2706 2060 2790 roto,
2080 2696 2151 2772 sci-

978 2823 1073 2918 licet,
1099 2821 1295 2914 Francisci,
1319 2823 1358 2894 di
1381 2823 1437 2894 cui
1467 2825 1625 2912 Tommu,
1650 2820 1787 2896 scilicet
1811 2821 1858 2896 de
1883 2821 2037 2916 Aquino,
2057 2812 2152 2915 susi

978 2951 1122 3036 coroese,
1143 2943 1230 3035 quia
1249 2941 1420 3037 superius
1436 2947 1511 3015 tam
1530 2943 1603 3016 alte
1619 2941 1891 3017 commendavit
1907 2943 2021 3018 vitam
2037 2942 2153 3017 Fran-

980 3064 1076 3156 cisci,
1102 3064 1248 3136 dinanzi
1278 3064 1317 3134 ot
1346 3064 1417 3135 mio
1447 3065 1558 3154 andr,
1596 3061 1733 3137 scilicet
1770 3062 1807 3136 in
1849 3063 1969 3159 prima
2001 3082 2151 3157 corona,

979 3191 1179 3275 antequam
1207 3181 1349 3256 veniret
1374 3183 1545 3276 secunda,
1579 3182 1615 3255 in
1651 3202 1726 3277 qua
1742 3169 1779 3276 (⁴)
1810 3203 1881 3280 ego
1915 3204 2010 3278 snm,
2036 3183 2154 3256 denti

979 3305 1150 3380 dourehhc
1174 3305 1273 3376 assai
1295 3323 1390 3377 esser
1409 3306 1543 3395 polcse,
1568 3303 1669 3398 idest,
1695 3303 1781 3378 satis
1806 3303 1958 3379 deberet
1982 3323 2062 3379 esse
2088 3301 2151 3376 tihi

980 3431 1066 3500 nota
1084 3429 1120 3498 et
1139 3421 1342 3514 manifesta,
1359 3444 1397 3497 se
1412 3426 1435 3495 t’
1448 3444 1521 3496 uno
1544 3431 1639 3515 roto,
1657 3423 1803 3519 scilicet,
1820 3424 2043 3519 Dominicus,
2060 3424 2152 3498 dello

978 3547 1073 3637 hina,
1099 3542 1191 3617 idest
1217 3541 1392 3636 ecclesia,
1415 3563 1500 3636 quae
1524 3549 1581 3618 est
1605 3563 1740 3618 currus
1765 3544 1904 3619 hahens
1928 3543 2021 3618 duas
2042 3549 2152 3636 rotas,

979 3667 1073 3740 sicut
1104 3664 1233 3759 pulcre
1257 3670 1368 3737 autor
1400 3661 1504 3737 finxit
1533 3685 1645 3759 snpra
1677 3664 1885 3762 Purgatorii
1916 3663 2087 3759 capitulo,
2116 3665 2154 3735 in

979 3788 1039 3860 cite
1064 3786 1100 3858 lu
1124 3791 1230 3857 santo
1258 3786 1379 3857 dinsa
1402 3787 1434 3857 si
1458 3785 1577 3879 disere,
1609 3790 1647 3859 et
1678 3784 1863 3879 precipue
1892 3803 1915 3858 a
1946 3781 2152 3858 domesticis

979 3903 1150 3998 inimicis3
1173 3902 1271 3978 unde
1295 3903 1400 3978 dicit:
1426 3926 1445 3977 c
1470 3907 1566 3978 cinae
1581 3907 1620 3978 in
1639 3925 1764 3997 compo
1784 3907 1821 3979 io
1839 3923 1906 3978 suu
1930 3907 2012 3978 cinit
2034 3905 2150 3995 drino,

979 4045 1092 4121 qnam
1119 4024 1255 4099 scilicet
1280 4024 1438 4099 habehat
1462 4046 1549 4100 curn
1577 4025 1765 4102 hereticis.
1794 4027 1837 4099 Et
1863 4033 1949 4100 nota
1970 4030 2151 4120 quantum

979 4146 1195 4241 metaphora
1213 4145 1258 4218 sit
1275 4145 1420 4239 pulcra:
1438 4145 1595 4240 appellat
1611 4145 1711 4220 enim
1727 4144 1834 4220 civite
1850 4146 1990 4220 helinm
2014 4144 2154 4220 discor-

978 4266 1076 4342 diam
1094 4265 1355 4341 hereticorum
1374 4266 1437 4359 qui
1455 4271 1541 4340 sunt
1557 4266 1603 4341 de
1619 4266 1750 4342 eadem
1767 4265 2053 4364 congregatione
2065 4286 2152 4340 cum

979 4387 1193 4482 christianis
1212 4393 1250 4462 et
1266 4387 1444 4463 deberent
1463 4385 1661 4462 defendere
1678 4387 1817 4462 honum
1836 4407 2036 4464 commune
2058 4387 2153 4483 fidei,

980 4507 1079 4602 quod
1115 4507 1283 4584 dividunt
1318 4515 1356 4583 et
1392 4510 1567 4584 lacerant.
1589 4549 1639 4562 -
1652 4512 1714 4581 Mo
1742 4510 1766 4582 t
1778 4509 1904 4582 ordita.
1934 4509 2000 4584 Hic
2033 4509 2155 4584 Bona-

980 4632 1137 4702 ventura
1168 4628 1402 4723 reprehendit
1439 4628 1571 4703 iratres
1599 4627 1736 4703 ordinis
1765 4628 1850 4704 dicti
1882 4629 2088 4726 Francisci3
2117 4636 2155 4706 et

979 4747 1076 4842 dicit,
1103 4746 1202 4842 quod
1228 4743 1513 4843 dereliquerunt
1531 4749 1684 4846 vestigia
1715 4748 1897 4826 Francisci
1928 4757 1966 4826 et
1994 4751 2153 4826 aliorum

1042 4937 1071 5000 (¹)
1085 4936 1117 4986 B.
1134 4935 1262 4999 generatis
1277 4937 1357 4989 hnins
1371 4939 1487 5002 capituli,
1502 4939 1531 4990 in
1545 4953 1598 5004 qna
1612 4940 1668 5004 ipss
1682 4939 1873 4992 murcatum.

1043 5010 1072 5076 (¹)
1088 5012 1120 5063 B.
1136 5010 1213 5062 herti.
1337 5011 1365 5078 (¹)
1381 5014 1412 5065 B.
1429 5013 1550 5067 defendat
1565 5014 1668 5068 trahe.
1793 5016 1821 5080 (⁴)
1838 5017 1870 5068 B.
1885 5017 1914 5068 in
1928 5031 1981 5084 qna
1994 5027 2066 5068 nnnc
2080 5027 2139 5080 ego.
