4842 6642
790 864 927 921 caurus
952 868 1143 923 transimus
1168 868 1299 923 nouus
1554 858 1623 925 441

453 1008 658 1083 dicatorum
696 1009 979 1107 modernornm3
1014 1012 1109 1108 ideo,
1151 1014 1624 1108 necromantiam

453 1130 600 1205 reflecte
626 1137 663 1206 et
697 1130 810 1207 reduc
845 1133 1129 1228 speculationem
1161 1129 1455 1230 intellectualem,
1481 1140 1623 1210 oramai

451 1271 552 1325 verso
578 1254 615 1325 la
641 1254 749 1325 dritta
774 1256 913 1347 suada,
941 1252 1045 1348 idest,
1072 1254 1307 1351 principalem
1334 1255 1527 1332 materiam
1555 1277 1623 1330 an·

452 1372 622 1469 gelorum
637 1364 674 1465 (⁴)
686 1397 695 1467 3
709 1378 745 1447 et
758 1372 861 1447 dicit:
875 1366 906 1447 si
918 1375 978 1448 ebe
999 1378 1035 1448 ta
1056 1378 1115 1448 oia
1131 1378 1163 1449 si
1181 1379 1354 1469 raccorci,
1370 1375 1472 1470 idest,
1485 1383 1528 1450 ut
1546 1397 1625 1450 ma-

452 1492 544 1569 teria
570 1492 770 1588 brevietur,
796 1497 852 1567 aot
876 1502 1002 1588 tempo,
1020 1496 1106 1589 quia
1129 1496 1314 1571 modicum
1332 1502 1447 1571 restat
1463 1496 1510 1571 de
1528 1504 1624 1573 tem

452 1634 542 1710 pore
572 1635 659 1691 cum
692 1616 808 1690 simus
838 1616 972 1691 amodo
1006 1616 1043 1691 in
1075 1616 1146 1691 line
1180 1608 1527 1710 dedi-Qucum.
1559 1620 1623 1695 Hic

451 1736 598 1813 Beatrix
621 1736 778 1813 ostendit
804 1736 1074 1827 multitudinem
1094 1740 1313 1835 angelorum
1331 1760 1412 1815 ease
1430 1740 1535 1815 valde
1553 1760 1623 1815 nu·

452 1878 648 1953 morosam,
674 1857 816 1933 dicens:
847 1864 972 1947 onesta
997 1866 1140 1951 natura,
1166 1860 1302 1936 scilicet
1326 1862 1504 1959 angelica,
1528 1864 1622 1935 s'ia-
1711 1884 1714 1887 ·

450 1987 569 2075 prada
592 1977 623 2056 el
647 1986 735 2057 altre
758 1984 796 2057 in
825 2004 985 2075 numero,
1020 1984 1123 2078 quasi
1154 1985 1261 2079 dicat,
1292 1985 1349 2059 isti
1379 1986 1499 2083 angeli
1529 1986 1622 2061 adeo

451 2110 537 2178 sunt
561 2102 858 2199 innumerabiles,
884 2106 944 2177 cte
968 2108 1041 2177 mai
1064 2124 1136 2178 nou
1158 2109 1198 2200 [a
1225 2108 1374 2199 topacio,
1402 2102 1449 2180 ae
1470 2113 1621 2181 coucetto

451 2228 582 2298 morlai
603 2227 663 2298 ebe
689 2230 784 2299 tanto
812 2228 919 2316 vada,
940 2224 1044 2319 quasi
1061 2226 1158 2301 dicat
1176 2226 1276 2321 quod
1297 2248 1489 2321 nunquam
1511 2229 1622 2302 bomo

451 2346 569 2440 potuit
583 2340 734 2442 'ingenio
758 2344 1070 2442 comprehendere
1089 2347 1147 2421 vel
1165 2346 1348 2441 explicare
1363 2366 1621 2422 sermonenu-

453 2485 600 2540 merum
625 2467 856 2564 angelorum.
884 2467 928 2539 Et
953 2465 1147 2541 confirmat
1176 2466 1314 2541 dictum
1345 2487 1456 2539 suum
1480 2466 1621 2541 autori·

449 2592 525 2663 tate
550 2587 707 2663 Danielis
737 2588 924 2683 propbetae
954 2586 1018 2683 qui
1053 2608 1126 2662 non
1152 2586 1373 2662 determinat
1398 2607 1620 2681 numerum;

449 2707 548 2783 unde
573 2708 677 2784 dicit:
703 2729 723 2782 e
747 2712 872 2783 vedrae·
895 2709 955 2781 cte
979 2729 1126 2783 naman
1151 2711 1381 2782 determinato
1410 2712 1443 2783 si
1469 2711 1557 2801 ceta,
1583 2716 1620 2785 et

449 2828 478 2902 si
504 2828 657 2925 celatur,
684 2848 774 2925 ergo
801 2849 874 2903 non
899 2828 1179 2923 determinatur,
1195 2832 1234 2903 ire
1250 2850 1311 2903 sue
1326 2832 1497 2921 mipiiata,
1521 2851 1559 2903 se
1584 2836 1619 2904 ta

449 2952 616 3041 riquardi
632 2952 711 3042 quel
725 2951 785 3023 cde
800 2952 833 3023 ci
847 2952 960 3023 riveto
972 2971 1040 3043 per
1055 2952 1198 3042 Daniel,
1219 2950 1305 3043 quia
1322 2949 1449 3024 Daniel
1461 2949 1536 3024 vill
1554 2971 1618 3026 ca·

447 3068 561 3165 pitulo
588 3070 729 3145 scribit:
757 3072 849 3144 mille
873 3072 982 3145 midia
1006 3071 1253 3145 mimbtrabaat
1275 3073 1319 3163 ei,
1344 3078 1377 3145 et
1397 3073 1512 3145 decem
1536 3092 1618 3145 cen·

447 3198 528 3265 terra
560 3194 669 3265 milita
701 3192 907 3265 assistebant
929 3194 984 3286 εἰς
1010 3198 1049 3267 et
1082 3190 1133 3266 sic
1161 3192 1282 3287 posuit
1312 3212 1512 3265 numerum
1538 3192 1619 3266 lini·

446 3317 525 3386 tum
554 3333 621 3407 pro
648 3312 799 3408 infinito,
833 3318 874 3386 ut
902 3310 988 3388 dicit
1016 3317 1136 3405 autor,
1169 3332 1244 3387 non
1276 3310 1363 3406 quia
1396 3312 1517 3410 angeli
1548 3314 1620 3389 sint

446 3432 585 3529 infiniti,
617 3435 680 3511 sed
712 3436 798 3529 quia
834 3456 907 3510 non
941 3440 1027 3508 sunt
1062 3433 1318 3529 comprehensi
1352 3434 1422 3507 sub
1461 3455 1620 3510 numero

446 3561 557 3630 certo.
574 3596 623 3610 -
634 3560 688 3629 La
711 3559 841 3651 prima.
867 3555 932 3630 Hic
949 3553 1098 3629 beatrix
1115 3553 1272 3629 ostendit
1288 3554 1476 3649 quomodo
1501 3554 1619 3651 gloria

446 3674 568 3751 divina
592 3674 808 3751 diffunditur
825 3682 862 3752 et
878 3674 1108 3749 distribuitur
1128 3673 1210 3769 plus
1228 3681 1265 3748 et
1282 3673 1404 3748 minus
1420 3694 1486 3769 per
1503 3674 1618 3749 dictos

446 3796 593 3873 ordines
618 3798 849 3894 angelorum,
875 3796 1017 3871 dicens:
1044 3798 1096 3867 La
1118 3796 1238 3887 pmma
1267 3796 1351 3888 tace,
1380 3792 1483 3891 idest,
1508 3801 1617 3870 aeter-

446 3936 515 3991 nus
541 3917 712 4013 splendor
736 3917 813 4013 Dei,
831 3919 891 3991 ede
908 3924 992 3991 tutta
1016 3918 1054 3990 ta
1078 3918 1173 4006 raia,
1194 3914 1297 4013 idest,
1316 3914 1465 3989 irradiat
1480 3914 1614 3990 dictam

446 4043 616 4112 naturam
642 4036 858 4135 angelicam,
875 4040 907 4111 si
928 4058 1049 4130 recepe
1064 4038 1101 4109 in
1120 4056 1212 4126 essa,
1229 4034 1375 4130 scilicet,
1398 4039 1615 4111 natura'an·

444 4158 572 4255 getica,
605 4180 672 4252 per
705 4162 793 4233 tanti
824 4160 932 4250 modi,
963 4157 1109 4251 scilicet,
1143 4164 1220 4231 tam
1246 4155 1356 4232 uariis
1385 4162 1421 4231 et
1451 4155 1615 4253 dirersis,

444 4283 565 4373 quanti
596 4301 663 4354 aaa
696 4283 723 4354 ti
753 4282 946 4374 splendori,
979 4278 1083 4373 idest,
1119 4276 1252 4373 angeli,
1278 4298 1302 4349 a
1335 4278 1394 4349 cte
1421 4278 1612 4372 s’appaia,

442 4399 545 4495 idest,
571 4400 749 4498 parificat,
781 4400 867 4496 quia
907 4403 1049 4474 tantum
1083 4398 1145 4473 dat
1175 4418 1216 4473 se
1246 4402 1428 4492 quantum
1460 4398 1615 4494 angelus

442 4528 498 4597 est
530 4522 747 4618 receptibilis
772 4542 850 4597 suae
875 4520 1013 4618 gratim.
1040 4520 1085 4593 Et
1109 4518 1231 4597 subdit
1256 4517 1444 4611 quomodo
1469 4518 1615 4596 ordines

444 4642 675 4739 angelorum,
695 4642 848 4738 quilibet
867 4640 1071 4717 secundum
1090 4645 1215 4715 actum
1234 4658 1347 4735 quem
1365 4639 1542 4736 concepit,
1555 4659 1616 4715 se·

441 4762 569 4857 quitur
596 4761 770 4838 allectum
798 4760 956 4837 amandi.
988 4760 1089 4835 Unde
1123 4758 1228 4835 dicit:
1254 4762 1408 4834 ondeta
1429 4760 1612 4855 dotcezzm

503 4948 532 5011 (¹)
548 4950 578 5001 E.
592 4950 755 5014 angelorum,
772 4950 873 5000 dicensi
890 4954 913 4999 at
928 4950 980 4999 abe.

503 5026 578 5090 (DE.
596 5026 644 5078 rlae
660 5026 918 5090 nouum-Quanta.
1025 5083 1039 5115 a
