4842 6642
795 829 865 893 270
1181 838 1383 895 conunruu
1410 841 1571 893 rnnsnrsr

792 948 970 1060 nesciamo
999 1008 1113 1060 anaor
1144 989 1219 1060 tutti
1249 988 1299 1078 qli
1323 989 1422 1077 cletti,
1457 984 1560 1078 idest,
1591 1003 1788 1058 numerum
1824 983 1967 1081 praedo-

791 1107 1021 1202 stinatorum,
1051 1109 1136 1204 quia
1164 1109 1262 1182 Deus
1287 1113 1452 1182 reservat
1466 1101 1503 1198 (¹)
1522 1105 1587 1179 sibi
1606 1107 1686 1180 boc.
1706 1105 1748 1179 Et
1765 1105 1886 1179 subdit
1904 1126 1962 1180 re-

794 1249 944 1304 movens
969 1230 1248 1320 dubitationem,
1275 1227 1372 1323 quod
1400 1227 1478 1301 talis
1504 1226 1695 1301 diminutio
1722 1248 1793 1300 non
1820 1227 1963 1300 videtur

794 1348 846 1422 eis
862 1349 996 1445 gravis,
1015 1350 1129 1423 immo
1147 1348 1282 1442 suavis,
1300 1348 1441 1422 dicens:
1460 1369 1480 1419 e
1503 1339 1573 1420 cosi
1597 1351 1685 1440 salto
1710 1367 1837 1438 scano,
1855 1347 1963 1441 quale

795 1475 946 1543 estnon
974 1469 1097 1544 videre
1125 1489 1325 1543 numerum
1357 1469 1572 1561 electorum,
1602 1465 1689 1542 dane
1722 1471 1830 1559 dolce,
1862 1459 1978 1559 idest,‘

796 1594 850 1662 est
875 1588 978 1662 nobis
1002 1597 1173 1684 gratum3
1201 1589 1264 1664 sed
1283 1589 1443 1684 assignat
1462 1607 1624 1681 causam,
1642 1587 1781 1662 dicens:
1799 1583 1927 1680 perclld
1940 1589 1966 1659 ’t

796 1709 860 1781 ben
875 1715 1010 1800 nostro,
1029 1709 1131 1802 idest,
1150 1707 1338 1783 beatitudo
1357 1715 1490 1802 nostra,
1514 1711 1662 1800 saffica
1677 1711 1715 1780 in
1732 1717 1848 1801 questo
1868 1709 1963 1799 bene,

797 1828 897 1919 idest,
924 1829 1111 1924 perficitur
1137 1829 1173 1901 in
1200 1831 1268 1904 boc
1295 1829 1403 1923 bono,
1429 1829 1575 1922 scilicet,
1615 1831 1674 1902 cite
1698 1852 1717 1902 c
1741 1834 1802 1904 noi
1833 1833 1963 1904 volcmo

796 1954 875 2042 quel
884 1953 943 2022 cte
956 1953 1055 2023 ouote
1068 1954 1149 2041 Dio,
1164 1949 1265 2042 idest,
1282 1950 1557 2044 quodvoluntas
1571 1957 1694 2024 nostra
1713 1948 1964 2024 conformatur

796 2071 972 2146 voluntati
998 2071 1141 2165 divinae,
1173 2072 1267 2145 sicut
1296 2076 1482 2145 ostensum
1516 2077 1571 2145 est
1604 2069 1710 2144 tertio
1742 2077 1780 2144 et
1812 2070 1964 2165 septimo

796 2191 953 2286 capitulo
979 2190 1149 2266 Paradisi.
1167 2233 1217 2244 -
1233 2183 1320 2264 cosi.
1352 2190 1416 2265 llic
1441 2197 1550 2264 autor
1575 2189 1758 2264 concludit
1783 2191 1962 2265 narratio-

796 2331 894 2404 nem,
916 2312 1058 2387 dicens:
1082 2334 1188 2385 soaoe
1214 2313 1396 2401 medimna,
1415 2311 1517 2403 idest,
1535 2309 1650 2383 dulcis
1677 2310 1864 2406 persuasio
1882 2332 1965 2404 quae

797 2431 924 2504 babuit
938 2431 1121 2507 medicare
1136 2432 1193 2506 rel
1206 2452 1341 2506 curare
1355 2430 1598 2505 temeritatem
1607 2429 1806 2526 judicandi,
1816 2450 1899 2524 quae
1911 2439 1966 2505 est

800 2572 933 2646 magna
959 2551 1151 2628 infirmitas
1169 2551 1348 2626 mentium
1367 2553 1630 2644 humanarum,
1658 2543 1728 2624 cosi
1748 2554 1834 2624 data
1851 2555 1899 2624 mi
1911 2556 1964 2645 su,

800 2671 946 2766 scilicet,
972 2673 1067 2746 sicut
1090 2673 1312 2766 dictumest,
1338 2675 1386 2746 do
1412 2675 1525 2764 quella
1541 2675 1693 2762 inopine
1709 2674 1841 2764 divina,
1863 2672 1963 2766 idest,

800 2793 848 2866 ab
872 2793 1007 2888 aquila,
1032 2814 1117 2888 quae
1142 2793 1283 2890 poenes
1309 2793 1492 2888 loquendo
1508 2801 1563 2868 est
1579 2793 1656 2867 avis
1674 2793 1781 2888 lovis,
1803 2796 1860 2868 vel
1878 2817 1966 2871 ana·

800 2913 941 3010 gogice,
958 2915 1045 3008 quia
1062 2914 1156 2990 lacta
1182 2921 1238 2989 est
1264 2935 1308 2989 ex
1336 2914 1403 2988 illis
1428 2913 1556 2988 divinis
1581 2914 1782 3010 spiritibus;
1804 2923 1841 2990 et
1863 2916 1964 2990 dicit:

797 3057 864 3128 per
885 3038 998 3128 sormi
1021 3039 1145 3108 obiero
1159 3038 1206 3109 ta
1233 3040 1305 3108 mio
1329 3043 1428 3110 corta
1455 3038 1556 3128 visto,
1582 3035 1683 3130 idest,
1703 3056 1822 3110 meam
1842 3036 1967 3132 cogni-

801 3155 936 3230 tionem
951 3154 1234 3230 intellectualem
1254 3177 1337 3250 qnae
1357 3177 1429 3231 nou
1447 3155 1591 3230 videbat
1608 3162 1750 3230 tantum
1769 3156 1815 3231 de
1830 3157 1966 3252 judicio

800 3273 932 3348 divino.
946 3280 1041 3347 -Ε
1063 3296 1168 3348 come.
1195 3276 1260 3349 llic
1285 3283 1394 3350 autor
1421 3271 1546 3351 volens
1565 3275 1668 3351 finire
1685 3275 1885 3370 capitulum
1904 3277 1967 3350 de-

800 3395 922 3468 scribit
956 3415 1127 3491 magnam
1166 3394 1410 3488 testivitatem,
1444 3416 1556 3490 quam
1589 3396 1751 3470 fecerant
1784 3395 1853 3470 illae
1886 3396 1968 3470 duae
2017 3485 2021 3492 ,

800 3514 944 3608 animae,
969 3514 1015 3590 de
1041 3516 1175 3610 quibus
1201 3516 1345 3590 babitus
1371 3517 1438 3591 luit
1464 3518 1595 3613 longus
1614 3537 1746 3610 sermo,
1769 3538 1835 3612 per
1858 3539 1967 3592 unam

801 3635 1111 3730 comparationem
1144 3637 1281 3711 claram
1317 3643 1354 3712 et
1387 3638 1582 3732 propriam.
1617 3637 1660 3710 Et
1692 3637 1852 3716 breviter
1885 3637 1970 3711 dicit

803 3757 900 3850 quod
926 3756 1020 3831 sicut
1038 3758 1155 3832 bonus
1172 3757 1356 3831 citharista
1375 3757 1572 3832 concordat
1588 3778 1674 3832 cum
1694 3759 1790 3832 bono
1808 3765 1968 3851 cantore,

797 3877 852 3950 ita
879 3877 977 3972 quod
1004 3878 1160 3971 qualitas
1176 3884 1307 3951 cantus
1327 3879 1587 3974 correspondet
1604 3879 1767 3972 qualitati
1786 3879 1864 3953 soni
1882 3899 1969 3953 con·

803 4005 976 4072 sonanter
1005 3997 1052 4072 ad
1084 3997 1263 4072 maiorem
1294 3997 1589 4093 delectationem
1617 3999 1666 4072 ita
1705 4021 1726 4074 a
1757 3999 1862 4073 simili
1901 3998 1969 4072 illae

803 4117 887 4200 duae
903 4117 1048 4210 animae,
1066 4117 1200 4192 scilicet
1217 4117 1360 4191 Traiani
1380 4122 1416 4192 et
1436 4117 1574 4214 Ripbei,
1593 4118 1858 4194 concordanter
1875 4118 1970 4194 scin·

804 4237 978 4333 tillabant,
1000 4239 1116 4313 donec
1140 4237 1262 4331 aquila
1288 4237 1439 4332 loquuta
1466 4237 1533 4312 tuit
1558 4237 1604 4314 de
1621 4239 1686 4331 cis,
1707 4246 1745 4313 ct
1763 4240 1971 4314 conforma-

804 4361 892 4434 bant
926 4359 1243 4455 proportionaliter
1275 4358 1543 4434 scintillationes
1581 4380 1712 4434 eorum
1738 4379 1823 4434 cum
1852 4359 1972 4434 verbis

803 4479 914 4574 ipsius
938 4479 1082 4574 aquilae.
1109 4479 1289 4554 Construc
1314 4477 1366 4553 sic
1390 4477 1552 4554 literam:
1580 4502 1599 4551 e
1623 4483 1672 4554 mi
1698 4481 1845 4552 ricorde
1874 4481 1972 4552 ct'to

804 4603 875 4672 nidi
904 4602 935 4672 le
964 4603 1033 4674 duo
1064 4602 1130 4672 tuci
1154 4599 1335 4689 benedene,
1371 4597 1507 4672 scilicet
1534 4598 1689 4693 primam
1722 4606 1759 4673 et
1794 4599 1972 4692 quintam,

804 4739 946 4792 muooer
971 4721 1003 4791 te
1022 4720 1219 4811 dommodo,
1245 4717 1348 4811 idest,
1379 4717 1659 4812 scintillationes,
1686 4739 1753 4793 con
1778 4722 1809 4792 te
1828 4721 1969 4812 parole,

865 4982 892 5042 (¹)
909 4980 940 5030 Ε.
957 4981 1105 5030 reservavit
