4842 6642
735 798 873 854 murus
896 801 1113 857 ruromrrrus
1135 800 1331 856 secunnus.
1544 790 1615 856 48⁵1

441 941 619 1016 Hera-
631 946 737 1016 Sora.
755 942 820 1018 Hic
837 943 1047 1020 Bernardus
1062 945 1200 1042 ooiiigit
1217 945 1326 1021 simul
1352 951 1514 1041 quatuor
1530 967 1618 1042 gra·

439 1062 510 1137 dus
535 1063 599 1158 qui
624 1062 832 1139 suooeesive
856 1058 1118 1159 sequunturd)
1139 1071 1221 1161 post
1240 1065 1355 1142 dictos
1382 1074 1468 1162 tres,
1494 1066 1618 1140 dicens

441 1184 565 1258 autori
588 1183 626 1256 in
652 1183 769 1278 litera,
795 1205 909 1279 quam
934 1192 1109 1262 oonstrue
1132 1186 1204 1261 sie:
1237 1191 1286 1260 Tu
1297 1190 1385 1279 puoi
1405 1187 1510 1260 vador
1532 1177 1617 1276 cosi,

441 1303 589 1398 seilicet,
615 1304 711 1380 sicut
734 1303 808 1378 dixi
833 1325 958 1402 supra,
982 1308 1162 1398 durodm
1197 1301 1271 1398 nrt,
1298 1306 1399 1399 idest,
1432 1305 1615 1402 gradatim

443 1425 604 1500 ordinari
630 1424 794 1520 inferius,
819 1429 858 1500 di
879 1429 995 1518 sonte
1024 1429 1064 1500 io
1091 1429 1220 1520 sentio,
1254 1425 1356 1520 idest,
1386 1425 1434 1502 de
1466 1425 1553 1501 sede
1579 1425 1616 1499 in

443 1545 582 1640 sedem,
606 1550 702 1620 Suro
711 1570 728 1639 ,·
743 1543 811 1620 isia
831 1545 900 1618 iuit
917 1566 1014 1621 uxor
1033 1546 1153 1640 dhre,
1173 1567 1218 1622 err
1243 1567 1317 1640 qua
1334 1547 1458 1622 vetula
1483 1545 1612 1643 genuit

444 1667 557 1759 Isaac,
581 1687 602 1738 e
625 1665 798 1759 diodorum
830 1664 898 1741 ista
930 1665 998 1740 init
1031 1687 1128 1741 uror
1160 1667 1272 1759 Isaac,
1302 1687 1348 1742 ex
1383 1687 1457 1760 qua
1489 1665 1619 1762 genuit

444 1785 556 1862 Jacob
581 1790 620 1860 et
643 1786 752 1880 Esau,
783 1785 831 1860 de
865 1785 1000 1881 quibus
1030 1785 1173 1862 dioetur
1204 1788 1316 1882 paulo
1345 1787 1448 1862 inira.
1482 1787 1526 1860 Et
1560 1787 1619 1862 hie

444 1913 531 1985 nota
556 1905 657 2001 quod
681 1911 758 1982 tres
775 1905 950 1982 mulieres
967 1906 1152 2002 precipue
1171 1907 1480 1983 commendantur
1497 1906 1534 1981 in
1552 1926 1619 1981 ve-

443 2025 514 2102 teri
544 2025 789 2119 'testamento
819 2025 966 2120 seilicet,
991 2025 1127 2102 Rachel
1152 2026 1189 2100 in
1219 2026 1412 2102 dilectione
1439 2027 1518 2120 viri,
1545 2027 1619 2101 Re-

443 2146 556 2221 becca
582 2145 622 2223 in
645 2143 851 2239 prudentia,
876 2151 914 2220 et
938 2145 1030 2222 Sara
1055 2146 1092 2220 in
1109 2145 1292 2222 fidelitate.
1314 2148 1441 2221 Juditlt
1461 2148 1532 2220 ista
1551 2145 1619 2219 init

443 2265 671 2362 pulcerrima
693 2272 732 2338 et
756 2264 983 2360 probissima,
1001 2285 1086 2359 quae
1103 2265 1240 2341 virtute
1259 2265 1425 2342 animosa
1450 2265 1616 2340 liberavit

444 2385 680 2462 Beth'ulianos
703 2385 752 2469 ab
776 2384 832 2460 ira
857 2384 1060 2460 Holoiemis
1077 2385 1181 2459 ducis
1198 2391 1369 2460 truncato
1395 2384 1460 2459 sibi
1486 2385 1617 2480 capite,

445 2513 489 2581 ut
513 2506 689 2602 scriptum
715 2512 773 2581 eet
797 2505 1002 2602 Purgatorii
1029 2506 1188 2602 capitulo
1214 2507 1288 2580 Xll.
1315 2507 1358 2580 Et
1388 2492 1504 2602 tangit
1533 2505 1618 2580 ulti·

447 2646 545 2700 mam
583 2645 668 2720 quae
701 2631 836 2712 vocata
866 2631 922 2701 eet
958 2625 1067 2719 Ruth,
1096 2646 1182 2720 quae
1213 2625 1281 2700 iuit
1313 2646 1451 2720 proava
1483 2625 1617 2718 David3

445 2745 545 2820 unde
569 2745 675 2820 dicit:
704 2766 725 2818 e
755 2747 854 2837 colei,
885 2745 1021 2822 seilioet
1045 2745 1161 2820 Ruth:
1187 2746 1267 2820 haec
1292 2745 1359 2820 suit
1386 2765 1480 2820 uxor
1506 2745 1615 2838 Booz,

445 2866 510 2961 qui
534 2866 664 2963 genuit
687 2865 778 2941 unet
803 2872 944 2962 patrem
971 2867 1071 2942 Iesse
1095 2865 1208 2962 patris
1233 2866 1359 2960 David,
1383 2872 1424 2939 ut
1457 2865 1614 2941 habetur
1694 2929 1699 2938 .

444 2986 543 3061 Ruth
570 2986 700 3061 ultimo
723 2986 907 3082 capitulo:
933 2985 1016 3066 ideo
1041 2985 1264 3061 benedicit:
1289 2987 1349 3058 ode
1369 2988 1409 3079 su
1434 2987 1556 3059 disouo
1577 2987 1616 3058 ol
1733 3071 1737 3077 ¹

443 3113 582 3198 centor,
612 3106 715 3200 idest,
745 3105 860 3182 David
889 3105 951 3201 qui
981 3105 1050 3187 nit
1078 3112 1208 3182 (antor
1232 3103 1387 3200 Spiritus
1412 3104 1545 3199 Sancti,
1572 3111 1615 3178 ut

444 3227 621 3323 seriptum
654 3235 711 3302 ert
742 3247 879 3323 supra3
906 3232 944 3302 et
976 3226 1173 3302 dictitetur
1203 3228 1321 3300 dure.-
1346 3229 1509 3300 misem
1534 3229 1612 3320 mei,

440 3347 542 3440 idest,
573 3347 638 3443 qui
665 3347 751 3423 iecit
774 3347 877 3421 ilium
911 3345 1186 3422 devotissimum
1218 3347 1421 3441 psalmum:
1447 3349 1615 3421 ducrere

442 3471 508 3542 mei
537 3473 632 3544 Deus
672 3470 859 3543 ammodum
888 3489 1056 3560 montrum
1086 3469 1366 3549 immemorum
1398 3474 1493 3540 tuom
1531 3475 1613 3561 eto,

439 3587 486 3663 de
510 3609 586 3682 quo
619 3589 759 3684 psalmo
783 3587 922 3662 dictum
948 3593 1004 3662 est
1028 3586 1237 3683 Purgaterii
1263 3585 1432 3682 capitulo,
1455 3608 1522 3680 per
1547 3589 1614 3662 do-

442 3710 516 3800 olio
545 3711 604 3782 del
631 3711 735 3802 fullo,
767 3707 870 3802 idest,
904 3707 1116 3804 poenitentia
1147 3707 1286 3802 poucati
1316 3707 1477 3783 enormis
1514 3707 1613 3803 quod

443 3835 655 3922 patraverat
675 3827 824 3924 quando
847 3827 933 3903 iecit
958 3826 1052 3902 mori
1077 3827 1204 3902 Uriam
1231 3827 1383 3910 militem
1409 3848 1520 3902 suum
1547 3848 1614 3924 pro

445 3949 611 4024 habenda
639 3969 758 4024 uxore
786 3969 855 4024 sua
880 3947 1094 4040 Bethsaboe,
1123 3947 1218 4022 siout
1256 3948 1428 4029 scribitur
1465 3947 1560 4022 libro
1584 3949 1614 4022 11

443 4070 600 4166 Regum·
629 4069 732 4144 Unde
761 4068 987 4165 Augustinus
1016 4068 1102 4144 dicit
1133 4068 1232 4163 quod
1264 4047 1377 4147 David
1406 4068 1523 4144 dietus
1562 4077 1618 4144 est

442 4189 498 4264 vir
538 4189 764 4287 sanguinum
803 4209 876 4265 non
910 4194 1059 4284 propter
1095 4189 1191 4265 bella
1225 4209 1310 4282 quae
1342 4189 1454 4291 gessit
1468 4181 1518 4283 (²),
1552 4187 1615 4264 sed

440 4317 590 4406 propter
619 4317 779 4386 mortem
804 4310 912 4386 Uriae.
935 4309 1035 4385 Bene
1052 4329 1145 4407 ergo
1169 4309 1238 4385 suit
1262 4330 1355 4405 opus
1380 4316 1455 4387 tam
1481 4309 1615 4386 devota

441 4437 480 4506 et
520 4431 649 4505 humili
687 4431 855 4507 oratione
892 4431 939 4504 ad
974 4430 1171 4505 dedendum
1210 4437 1352 4507 tantum
1392 4431 1544 4525 inuium,
1578 4431 1615 4505 in

442 4571 517 4644 quo
543 4550 653 4624 simui
679 4557 718 4626 et
750 4551 865 4626 semel
896 4550 1080 4626 commisit
1105 4551 1356 4645 homicidium,
1390 4551 1613 4630 adulterium

443 4677 481 4746 et
505 4670 767 4766 proditionem:
793 4678 832 4746 et
860 4671 966 4746 dicit:
991 4673 1140 4762 comio,
1170 4669 1274 4764 idest,
1307 4671 1401 4746 sicut
1429 4691 1499 4770 ego
1525 4671 1616 4746 Ber-

507 4934 535 4995 Ρ)
550 4933 582 4984 B.
597 4940 742 4997 oequumur
756 4934 894 4998 predictos
910 4938 971 4986 tres.
1188 4932 1217 4998 Γ)
1234 4935 1265 4986 Ε.
1282 4937 1397 5000 guterii.
