4842 6642
1015 773 1085 840 118
1404 784 1610 841 couanruu
1634 785 1801 839 rannorsr

1012 936 1068 1005 est
1080 931 1138 1006 hic
1151 932 1428 1025 praenotandum
1445 933 1608 1027 pulcram
1628 930 1902 1028 praevidentiam
1920 931 2071 1005 autoris.
2089 931 2187 1006 Con-

1012 1051 1176 1127 siderans
1201 1053 1299 1128 enim
1325 1060 1435 1127 autor
1459 1054 1559 1147 quod
1587 1054 1756 1128 doctores
1788 1052 1939 1126 luerunt
1970 1053 2117 1147 plurimi
2148 1060 2187 1129 et

1012 1173 1202 1248 clarissimi
1228 1175 1323 1249 sicut
1347 1175 1478 1271 sydera
1508 1174 1591 1249 eoeli
1620 1174 1707 1268 quia
1742 1173 1849 1246 nimis
1874 1173 2026 1268 longum
2058 1173 2185 1250 luisset

1013 1295 1184 1389 prosequi
1214 1295 1261 1372 de
1289 1295 1460 1370 omnibus
1492 1295 1550 1369 rel
1582 1293 1759 1389 pluribus,
1790 1292 1872 1367 ideo
1901 1293 2090 1388 descriptis
2117 1295 2184 1368 ali·

908 1411 910 1416 ’
1013 1414 1147 1507 quibus
1164 1415 1536 1510 principalibus,quos
1549 1413 1694 1488 ordinat
1707 1413 1744 1486 in
1756 1413 1901 1487 duabus
1913 1413 2071 1507 coronis,
2085 1433 2184 1489 nunc

1013 1527 1216 1626 caeterosl¹l
1245 1534 1374 1631 redigit
1399 1535 1445 1608 ad
1470 1556 1588 1607 unum
1622 1532 1771 1608 tertium
1797 1533 1977 1607 circulum
2004 1553 2180 1630 magnum

1012 1653 1076 1747 qui
1094 1653 1229 1728 claudit
1244 1653 1337 1726 duos
1355 1655 1503 1748 primos.
1526 1655 1579 1728 rid
1599 1653 1742 1728 literam
1765 1673 1864 1728 nunc
1884 1653 1970 1728 dicit
1988 1661 2099 1728 autor
2115 1674 2181 1749 per

1011 1773 1305 1848 similitudinem:
1323 1779 1368 1846 Et
1385 1795 1464 1847 ecco
1483 1794 1531 1847 nn
1557 1777 1667 1847 lrrstm
1687 1777 1776 1866 port
1798 1775 1837 1847 di
1859 1776 2060 1866 ctiorezzu,
2077 1773 2179 1865 idest,

1011 1915 1109 1968 unus
1142 1894 1271 1968 tertius
1301 1893 1462 1968 circulus
1487 1894 1692 1967 luminosus
1715 1893 1842 1967 similis
1873 1893 1999 1987 primis
2022 1893 2178 1986 duobus,

1012 2036 1137 2088 nascer
1170 2018 1325 2106 intorno,
1357 2015 1459 2109 idest,
1485 2015 1581 2089 circa
1611 2013 1727 2088 dictos
1759 2014 1927 2108 circulos,
1960 2034 2072 2107 sopra
2105 2019 2184 2106 quet

1012 2138 1072 2208 elta
1097 2137 1220 2227 dero,
1246 2136 1418 2229 primum,
1437 2135 1539 2227 idest,
1556 2155 1668 2229 supra
1691 2135 1829 2227 lumen,
1847 2133 1994 2207 illorum
2021 2134 2182 2208 duorum

1012 2277 1035 2330 a
1069 2256 1188 2349 simili,
1223 2260 1378 2347 upana
1408 2259 1637 2330 d'ortzzonte
1673 2256 1735 2328 cte
1770 2257 1948 2346 roconis,
1981 2255 2128 2349 scilicet,
2161 2278 2183 2330 a

1014 2375 1172 2450 nubibus
1206 2377 1341 2469 quibus
1370 2376 1650 2470 cooperiebatur
1683 2376 1905 2470 prius—E
1933 2379 2089 2450 merome.
2121 2376 2185 2450 llic

1010 2501 1120 2571 autor
1145 2495 1303 2589 explicat
1319 2495 1583 2590 apparitionem
1605 2495 1816 2570 animarum
1837 2495 1921 2569 dicti
1942 2495 2071 2571 circuli
2089 2497 2185 2572 tertii

1012 2638 1078 2713 per
1103 2616 1413 2711 comparationem
1441 2617 1627 2712 propriam
1654 2617 1865 2708 stellarum;
1891 2623 1929 2690 et
1954 2617 2005 2690 sic
2030 2617 2185 2710 applicat

1011 2737 1057 2811 ad
1084 2737 1308 2831 propositum
1342 2736 1617 2810 clarescenliam
1648 2736 1862 2830 horizontis3
1888 2742 1926 2810 et
1955 2735 2052 2829 dicit,
2086 2735 2184 2829 quod

1012 2857 1107 2930 sicut
1126 2855 1343 2931 adveniente
1361 2863 1468 2936 nocte
1488 2857 1664 2950 incipiunt
1680 2877 1860 2952 apparere
1877 2857 2008 2953 sydera
2026 2856 2184 2931 lucentia

1013 2976 1050 3050 in
1068 2977 1175 3068 ooelo,
1196 2975 1244 3049 ita
1261 2976 1361 3068 quod
1380 2996 1439 3049 res
1456 2997 1540 3069 quae
1565 2983 1717 3071 apparet
1742 2977 1888 3050 videtur
1905 2977 1968 3051 sed
1986 2997 2059 3050 non
2077 2997 2184 3070 vere3

1013 3096 1064 3171 ita
1081 3117 1104 3170 a
1121 3095 1228 3169 simili
1247 3103 1439 3190 coeperunt
1456 3117 1635 3191 apparere
1648 3097 1780 3193 sydera
1798 3118 1892 3171 nora
1913 3097 2100 3192 radiantia,
2114 3098 2185 3172 sci-

1013 3219 1099 3293 licet
1125 3217 1209 3291 novi
1235 3216 1405 3291 doctores
1430 3217 1499 3290 sub
1529 3218 1647 3292 lorma
1675 3219 1863 3314 syderum,
1896 3217 1990 3292 sicut
2015 3225 2053 3292 et
2078 3218 2185 3312 primi

1013 3338 1173 3412 duarum
1201 3357 1439 3430 coronarum,
1456 3337 1610 3413 sednon
1632 3345 1730 3412 tanta
1758 3339 1841 3412 lnce
1857 3337 2098 3433 splendentes.
2117 3337 2186 3411 Or-

1011 3459 1097 3533 dina
1122 3457 1175 3531 sic
1200 3457 1366 3531 literam:
1393 3463 1425 3530 E
1442 3461 1607 3550 perveni
1622 3459 1833 3530 coratncr‘ure
1849 3479 1874 3530 u
1891 3460 1997 3532 aeder
2013 3449 2037 3529 tt
2056 3457 2188 3529 novelle

1011 3581 1233 3671 susannae,
1261 3575 1403 3650 animas
1419 3568 1455 3668 (²)
1484 3577 1610 3652 beatas
1634 3578 1719 3651 dieti
1747 3577 1843 3651 tertii
1863 3577 2003 3668 circuli,
2020 3597 2039 3648 a
2056 3580 2120 3671 sor
2138 3596 2186 3647 aa

1013 3702 1108 3789 piro,
1126 3697 1230 3790 idest,
1248 3691 1366 3770 unum
1392 3697 1585 3789 circulum,
1606 3700 1644 3770 di
1657 3702 1743 3791 soor
1762 3700 1846 3771 dull'
1858 3700 1950 3770 ultre
1965 3700 2032 3769 due
2047 3695 2186 3768 circonss

1011 3821 1165 3910 serenze,
1184 3816 1287 3910 idest,
1307 3824 1413 3891 extra
1439 3817 1532 3890 duas
1556 3837 1712 3891 coronas
1738 3817 1886 3911 primas,
1903 3810 1935 3889 si
1955 3837 2051 3889 conae
2075 3837 2187 3888 auctae

1009 3959 1204 4030 paroenze,
1229 3937 1332 4032 idest,
1359 3959 1465 4012 novae
1490 3936 1736 4032 apparitiones
1765 3939 1968 4030 stellarum,
1993 3938 2186 4009 condoctore

1010 4079 1078 4151 per
1103 4061 1137 4131 lo
1163 4059 1228 4130 ciel
1251 4078 1275 4128 o
1299 4059 1389 4129 sotir
1419 4059 1457 4130 dt
1479 4061 1603 4150 prima
1632 4079 1729 4151 sera,
1765 4057 1867 4150 idest,
1899 4057 1936 4131 ia
1970 4057 2187 4150 crepusculo

1017 4177 1140 4270 noctis,
1166 4169 1196 4250 si
1222 4179 1282 4249 alre
1306 4180 1342 4249 lo
1368 4180 1470 4267 atsto,
1496 4177 1598 4270 idest,
1617 4177 1707 4251 visio
1733 4197 1874 4270 rerum,
1896 4177 2083 4273 syderum,
2099 4196 2188 4268 pare

1015 4319 1130 4373 enon
1151 4318 1224 4390 por
1250 4319 1361 4390 oero,·
1387 4298 1486 4371 unde
1510 4298 1770 4392 crepusculum
1797 4296 1930 4372 dieitur
1950 4297 2055 4391 quasi
2078 4296 2188 4370 dubia

1017 4420 1081 4491 lux
1108 4419 1202 4491 inter
1228 4416 1324 4491 diem
1351 4424 1389 4491 et
1414 4423 1573 4492 noctem.
1598 4418 1643 4491 Et
1669 4425 1753 4492 nota
1776 4418 1875 4512 quod
1892 4417 2119 4512 comparatio
2135 4424 2191 4491 est

1019 4539 1163 4633 propria
1190 4539 1236 4612 ad
1262 4538 1502 4633 propositum,
1519 4538 1606 4631 qnia
1630 4538 1714 4614 licet
1731 4541 1808 4612 istae
1825 4539 1957 4613 animm
1973 4543 2192 4633 apparerent
2323 4550 2325 4553 ·

1019 4657 1057 4730 in
1084 4657 1199 4730 lorma
1226 4657 1398 4753 syderum
1427 4651 1560 4752 autori,
1581 4679 1655 4733 non
1680 4666 1803 4734 tamen
1824 4661 1930 4754 plene
1947 4667 1984 4734 et
2001 4658 2191 4733 manifeste

1083 4915 1110 4977 (¹)
1127 4916 1157 4964 F..
1175 4922 1282 4966 coluros
1298 4919 1398 4969 reducit
1412 4924 1439 4969 et
1457 4918 1559 4982 redigit.
1746 4921 1773 4982 (¹)
1788 4921 1819 4971 lt.
1836 4921 1899 4970 idest
1915 4920 2021 4969 animas.
