4842 6642
775 814 847 881 208
1167 823 1373 879 muscarum
1398 823 1565 878 rnnnmsr

773 972 852 1047 visu
879 968 1054 1046 Beatricis
1078 968 1203 1044 radius
1234 973 1383 1044 mrum
1412 966 1505 1043 lucis
1538 967 1638 1043 venit
1669 968 1716 1043 ad
1745 968 1948 1064 bominem,

770 1095 820 1167 mi
842 1098 1048 1166 contentam
1064 1092 1121 1163 cot
1137 1090 1288 1165 secondo
1308 1095 1451 1182 cspetto.
1469 1088 1514 1161 lit
1530 1086 1590 1163 bic
1610 1095 1697 1164 ncta
1718 1088 1818 1183 quod
1834 1090 1947 1164 homo

769 1234 843 1289 non
856 1218 974 1308 potest
993 1210 1118 1287 videre
1130 1209 1342 1285 immediate
1357 1208 1520 1285 divinam
1532 1210 1668 1304 lucem,
1682 1210 1746 1285 sed
1766 1210 1949 1286 mediante

768 1332 945 1428 Beatrice,
972 1332 1066 1407 sicut
1098 1331 1216 1429 gratia
1243 1330 1402 1425 exempli
1427 1332 1540 1405 bomo
1565 1352 1639 1405 non
1671 1336 1791 1426 potest
1820 1330 1946 1406 ridere

768 1457 895 1531 lumen
921 1454 1005 1529 solis
1030 1454 1067 1528 in
1093 1452 1171 1549 ipsc
1196 1453 1284 1548 sole,
1304 1452 1368 1527 sed
1394 1451 1493 1527 videt
1517 1452 1638 1548 ipsum
1664 1472 1732 1547 per
1758 1451 1948 1527 retractiu-

771 1596 856 1651 nem
883 1574 1082 1667 radiorum,
1109 1580 1147 1647 et
1178 1572 1515 1647 reverberationem
1549 1572 1585 1646 in
1616 1570 1812 1668 superficie
1836 1578 1946 1646 terrac

770 1695 828 1771 vel
855 1693 972 1787 muri3
1000 1692 1096 1767 itaa
1128 1692 1236 1766 simili
1266 1692 1470 1767 intellectus
1501 1692 1689 1766 humanus
1722 1712 1795 1767 non
1828 1697 1948 1787 poten

770 1812 1083 1908 comprehendere
1109 1812 1236 1887 lumen
1256 1810 1421 1886 divinum
1438 1811 1474 1884 in
1493 1811 1571 1907 ipso
1593 1812 1683 1907 Deo,
1704 1810 1823 1887 sedin
1841 1831 1946 1886 sacra

768 1932 959 2029 scriptura,
988 1930 1050 2005 ubi
1078 1932 1217 2006 relucet
1242 1938 1280 2007 et
1304 1938 1609 2029 repraesentatum
1633 1931 1714 2008 ideo
1739 1932 1787 2007 ad
1812 1931 1946 2007 intelli·

769 2054 927 2153 gendum
953 2054 1048 2128 bene
1074 2059 1295 2148 praesentem
1322 2052 1477 2148 literam,
1504 2073 1589 2149 quae
1614 2054 1717 2129 tortis
1742 2058 1809 2147 est,
1836 2052 1947 2128 debes

770 2176 817 2250 ad
843 2180 1005 2249 mentem
1032 2172 1211 2247 reducere
1229 2171 1317 2246 illud
1334 2173 1433 2268 quod
1453 2173 1630 2268 scriptum
1657 2181 1713 2249 est
1738 2173 1857 2269 primo
1882 2192 1945 2247 ca·

770 2296 884 2391 pitulo
910 2293 1081 2386 paradisi,
1100 2292 1162 2367 ubi
1188 2300 1297 2367 autor
1323 2292 1427 2390 lingit
1444 2294 1544 2389 quod
1560 2294 1708 2370 Beatrix
1728 2293 1944 2390 respiciebat

769 2418 897 2511 solem,
923 2421 960 2490 et
986 2415 1061 2511 ipse
1088 2414 1123 2488 in
1149 2414 1265 2490 oculis
1289 2415 1380 2489 eius.
1407 2414 1504 2512 Ergo
1530 2437 1629 2491 nunc
1652 2422 1755 2512 poter
1772 2417 1871 2493 clare
1887 2415 1946 2488 in-

770 2536 935 2632 telligere
973 2535 1061 2631 quid
1094 2535 1270 2633 intelligat
1306 2543 1416 2611 autor
1452 2556 1538 2611 cum
1576 2536 1672 2628 dicit,
1707 2542 1764 2611 col
1792 2540 1942 2611 secondo

770 2664 912 2751 uspctto.
926 2698 976 2713 -
996 2659 1176 2731 Vincentio.
1198 2656 1264 2730 llic
1279 2664 1389 2731 autor
1405 2656 1562 2731 ostendit
1582 2658 1769 2753 quomodo
1793 2658 1941 2733 Beatrir

769 2778 993 2854 converterit
1009 2798 1097 2853 eum
1121 2775 1169 2851 ad
1194 2797 1245 2872 sc,
1266 2778 1313 2852 ad
1330 2777 1434 2851 illum
1452 2777 1620 2873 spiritum
1638 2778 1832 2874 antiquum
1851 2778 1942 2853 Cac-

771 2898 960 2996 ciaguidae,
986 2903 1028 2971 ut
1053 2897 1189 2971 iterum
1214 2897 1432 2992 loqueretur
1449 2918 1587 2973 secum.
1606 2898 1710 2973 Unde
1727 2898 1833 2973 dicit:
1851 2899 1944 2988 Ello,

770 3018 916 3113 scilicet,
942 3018 1100 3111 Beatrix‚
1118 3020 1287 3091 vincando
1311 3039 1366 3091 mc
1389 3022 1447 3091 ccl
1464 3021 1554 3093 lame
1572 3022 1608 3093 d’
1621 3040 1668 3092 un
1689 3022 1839 3113 conisa,
1860 3017 1945 3113 quia

770 3139 918 3233 scilicet,
941 3138 1040 3214 risus
1057 3158 1165 3212 meus
1182 3138 1365 3213 sustinere
1381 3158 1454 3213 non
1473 3145 1616 3233 poterat
1628 3132 1665 3231 (⁴)
1692 3138 1945 3214 excellentiam

770 3258 918 3334 luminis
942 3258 1185 3352 labdacios,
1204 3262 1252 3333 mi
1275 3262 1387 3332 duce.-
1404 3261 1535 3353 mlpiti,
1556 3259 1700 3355 scilicet,
1718 3259 1766 3334 ad
1783 3258 1945 3354 primum

770 3389 913 3477 patrem
941 3386 1060 3474 tuum,
1087 3386 1120 3453 et
1142 3382 1288 3472 oscoltn,
1315 3379 1401 3475 quia
1427 3380 1573 3475 scilicet,
1596 3380 1677 3455 vult
1700 3380 1822 3455 adbuc
1847 3380 1946 3475 loqui

769 3507 907 3595 tecum,
934 3506 970 3575 et
994 3500 1098 3574 dicit:
1125 3496 1187 3573 cte*
1205 3501 1381 3593 paradiso
1406 3520 1479 3574 non
1508 3496 1621 3594 ἐραν
1644 3503 1702 3574 nei
1725 3503 1805 3575 mici
1828 3502 1945 3592 occti;
2058 3528 2064 3535 ·

769 3620 876 3718 quasi
904 3620 1018 3695 dicat:
1046 3620 1195 3699 felicitas
1222 3641 1295 3695 non
1325 3625 1472 3696 tantum
1505 3620 1668 3697 consistit
1698 3621 1751 3694 in·
1769 3618 1945 3715 exemplis

771 3742 935 3818 virorum
958 3740 1166 3835 illustrium,
1187 3740 1251 3836 qui
1279 3741 1505 3815 seculariter
1530 3741 1703 3815 vixerunt
1728 3740 1766 3814 in
1792 3737 1941 3833 mundo,

770 3874 809 3942 et
834 3870 958 3938 mmen
984 3863 1151 3938 lecerunt
1176 3882 1289 3958 opera
1316 3862 1491 3957 preclara
1516 3861 1752 3937 accendentia
1777 3860 1943 3935 animum

770 3982 840 4058 viri
866 3982 1055 4057 christiani
1072 3981 1119 4057 ad
1135 4002 1303 4057 amorem
1327 3981 1421 4076 fidei,
1443 4003 1509 4077 pro
1527 4003 1602 4076 qua
1624 3980 1681 4056 isti
1706 3986 1944 4056 certaverunt

772 4103 962 4197 usquead
990 4109 1148 4178 mortem
1174 4124 1260 4177 cum
1288 4101 1474 4199 sanguinis
1499 4101 1688 4177 effusione.

849 4228 951 4297 Come
975 4226 1007 4297 si
1023 4226 1123 4297 ecda.
1150 4224 1220 4297 lsta
1246 4229 1302 4297 cst
1330 4222 1490 4298 secunda
1520 4243 1605 4318 pars
1634 4221 1816 4318 generalis
1831 4210 1881 4317 θ),
1908 4219 1944 4292 in

752 4367 844 4442 -qua
869 4352 980 4421 autor
1005 4344 1201 4420 introducit
1226 4344 1394 4439 spiritum
1420 4342 1670 4441 Cacciaguidae
1699 4342 1763 4437 qui
1790 4339 1945 4416 manile·

698 4482 700 4487 ·
771 4474 841 4541 stat
866 4465 933 4540 sibi
966 4466 1200 4564 singulariter
1230 4464 1409 4561 quosdam
1441 4464 1539 4539 viros
1567 4464 1728 4541 illustres
1760 4464 1944 4558 despera

770 4586 902 4661 Martis.
930 4586 974 4660 Et
998 4586 1117 4682 primo
1133 4586 1305 4662 describit
1319 4584 1592 4681 dispositionem
1613 4583 1709 4659 illius
1725 4582 1772 4658 ad
1789 4584 1946 4678 loquen-

771 4706 861 4780 dum
887 4728 953 4803 per
979 4728 1091 4782 unam
1108 4707 1421 4803 comparationem
1439 4707 1605 4802 pulcram
1626 4714 1664 4779 et
1683 4704 1889 4801 propriam3
1908 4710 1945 4775 et

837 4968 864 5032 (¹)
881 4967 912 5019 R
929 4968 1022 5033 potuit.
1257 4964 1286 5029 (¹)
1302 4966 1333 5018 Ε.
1350 4965 1477 5031 gerardis
1492 4966 1571 5018 buius
1585 4965 1700 5031 capituli,
1717 4964 1819 5029 loqur.
