4842 6642
484 1281 650 1350 OANTUS
665 1280 856 1348 DECIMUS
873 1281 1166 1366 sentiremque
1179 1283 1655 1373 dictusdominusOacciuyuidu

680 1399 896 1460 commemorat
912 1399 1030 1460 veteres
1047 1393 1191 1476 femellas
1207 1395 1459 1474 florentinorum.

563 1633 756 1804 oreon
773 1737 898 1803 corba
914 1720 1045 1804 nobilld
1061 1735 1099 1805 di
1113 1753 1256 1824 rannus.
1271 1734 1469 1830 Postquam
1489 1735 1526 1809 in
1543 1757 1655 1832 supe-

486 1851 573 1926 riori
590 1850 750 1946 capitulo
767 1850 936 1946 proxime
952 1851 1169 1945 precedenti
1187 1860 1296 1928 autor
1314 1862 1437 1930 noster
1454 1856 1655 1931 introduxit

483 1992 600 2045 unum
628 1971 796 2066 spiritum
823 1971 1001 2044 illustrem
1028 1971 1166 2046 desua
1192 1973 1303 2048 domo
1323 1975 1387 2068 qui
1406 1977 1570 2050 narravit
1588 1979 1654 2052 ali-

482 2113 554 2185 qua
569 2091 606 2164 in
619 2091 781 2187 generali
796 2091 841 2166 de
856 2090 1185 2186 predecessoribus
1199 2093 1286 2188 suis,
1304 2101 1341 2168 et
1359 2096 1600 2170 mutationem
1616 2102 1652 2189 l)

481 2216 596 2284 status
622 2230 701 2284 suae
725 2209 903 2305 civitatis3
930 2231 1028 2284 nunc
1046 2220 1316 2307 consequenter
1340 2214 1378 2288 in
1403 2215 1471 2288 isto
1497 2216 1576 2289 xvl
1591 2238 1655 2292 ua-

483 2330 597 2427 pitulo
621 2331 707 2406 lacit
732 2331 871 2407 dictum
897 2331 1065 2427 spiritum
1093 2328 1252 2408 narrare
1273 2334 1397 2429 aliqua
1427 2335 1464 2409 in
1494 2339 1654 2432 particu-

482 2456 550 2530 lari
575 2456 622 2532 de
647 2478 714 2532 sua
745 2456 960 2554 genealogia
987 2463 1025 2532 et
1050 2456 1238 2532 nobilitate
1267 2458 1430 2534 civitatis,
1463 2461 1506 2533 Et
1536 2468 1665 2536 totum-

482 2599 643 2674 praesens
669 2579 868 2674 capitulum
889 2583 1008 2673 potest
1025 2577 1187 2653 breviter
1205 2578 1313 2652 dividi
1332 2578 1368 2652 in
1386 2587 1547 2674 quatuor
1568 2604 1654 2678 par-

370 2745 372 2750 .
481 2703 536 2773 tes
553 2700 765 2794 generales;
784 2699 820 2772 in
839 2697 957 2793 prima
975 2718 1135 2791 quarum
1153 2704 1264 2772 autor
1280 2699 1403 2795 arguit
1423 2722 1555 2776 vanam
1574 2703 1655 2799 glo-

481 2817 574 2892 riam
601 2817 795 2892 nobilitatis
822 2817 1018 2914 sanguinis.
1040 2818 1080 2890 ln
1098 2817 1259 2892 secunda
1275 2817 1394 2894 dictus
1411 2819 1648 2918 Caeciaguida

480 2937 526 3012 ed
551 2939 762 3033 petitionem
789 2937 930 3012 autoris
955 2937 1126 3012 describit
1143 2958 1249 3011 suam
1269 2940 1447 3036 originem
1467 2948 1505 3015 et
1521 2941 1653 3016 domus

482 3080 571 3154 suae,
598 3059 666 3133 ibi:
684 3063 759 3132 Dal
782 3062 849 3132 vot.
877 3060 916 3132 ln
944 3057 1049 3133 tertia
1075 3058 1193 3133 dictus
1210 3059 1358 3154 spiritus
1374 3060 1544 3135 describit
1560 3083 1654 3157 qua-

481 3178 619 3253 litatem
647 3185 763 3252 status
787 3197 865 3252 suae
891 3178 1056 3272 civitatis,
1088 3178 1157 3252 ibi:
1194 3183 1284 3252 Tulli
1311 3183 1420 3254 color.
1451 3181 1492 3255 ln
1521 3189 1653 3276 quarta

480 3305 522 3374 et
546 3299 675 3373 ultima
701 3299 872 3374 describit
903 3297 1066 3374 breviter
1100 3298 1240 3392 aliquot
1273 3302 1468 3394 praeclaras
1501 3301 1654 3376 familias

480 3420 868 3514 trecassinensem
896 3423 936 3492 lo
969 3420 1041 3492 uidi
1069 3421 1120 3510 qli
1154 3422 1251 3510 tlyli.
1281 3420 1334 3495 lld
1367 3421 1528 3516 primum
1563 3443 1654 3519 ergo

481 3539 562 3615 dico
586 3539 684 3634 quod
703 3549 812 3614 autor
830 3538 953 3636 arguit
970 3559 1104 3612 ranam
1122 3539 1277 3635 gloriam
1297 3561 1410 3634 quam
1428 3542 1510 3634 quis
1528 3543 1654 3638 recipit

482 3681 528 3736 ex
554 3661 743 3736 nobilitate
763 3659 963 3756 sanguinis.
990 3659 1042 3733 Ad
1069 3658 1174 3734 ouius
1194 3659 1467 3757 intelligentiam
1487 3669 1542 3737 est
1557 3683 1653 3757 prae-

481 3781 683 3855 notandum
711 3780 810 3875 quod
836 3800 925 3854 vera
951 3778 1118 3854 nobilitas
1149 3786 1203 3854 est
1233 3780 1351 3854 rirtus
1384 3781 1515 3875 animi3
1547 3783 1652 3857 uobi-

482 3901 562 3976 litas
587 3922 679 3976 vero
704 3901 817 3976 civilis
842 3907 897 3974 est
922 3907 1004 3994 etc,
1031 3907 1073 3973 ut
1102 3899 1185 3973 dicit
1210 3900 1454 3996 philosophus.
1473 3902 1579 3976 blodo
1603 3903 1650 3976 ad

483 4022 709 4116 propositum
736 4027 847 4094 autor
873 4029 954 4096 erat
979 4019 1225 4094 nobilissimus
1250 4039 1338 4094 vera
1365 4022 1551 4097 nobilitate
1575 4023 1650 4097 vir·

483 4141 570 4215 tutis
594 4147 631 4216 et
656 4141 835 4234 scientiae3
864 4147 901 4215 et
928 4147 1052 4214 tamen
1078 4139 1257 4236 gloriatus
1282 4141 1399 4215 estin
1430 4149 1553 4217 mente
1583 4163 1651 4216 sua

481 4261 630 4356 quando
655 4261 796 4335 audivit
821 4259 966 4334 narrari
998 4259 1187 4354 antiquam
1225 4261 1449 4335 nobilitatem
1479 4261 1537 4334 sui
1566 4282 1652 4336 san·

478 4383 622 4480 guinis:
649 4383 732 4458 ideo
756 4381 994 4478 apostropbat
1012 4380 1059 4454 ad
1081 4380 1195 4476 ipsam
1213 4382 1438 4456 nobilitatem
1455 4389 1652 4477 parentum

481 4502 676 4579 ostendens
695 4503 769 4576 rim
790 4509 828 4577 et
844 4500 1046 4576 efficaciam
1060 4500 1141 4575 eius
1156 4493 1209 4594 (²l:
1230 4493 1652 4596 Opocunostronobiltd,

481 4623 628 4717 scilicet,
647 4626 821 4716 bumana,
839 4624 877 4696 dt
893 4641 1039 4716 sannae,
1050 4607 1204 4716 scilicet,
1224 4623 1407 4697 maiorum
1426 4629 1464 4698 et
1483 4625 1649 4720 progeni·

485 4751 626 4839 torum3
652 4750 689 4818 et
715 4743 817 4818 dicit:
842 4763 947 4836 poca,
974 4751 1141 4837 respectu
1168 4763 1268 4818 rerae
1290 4743 1495 4839 nobilitatis,
1516 4765 1589 4818 non
1604 4748 1654 4818 mi

545 5008 572 5070 (¹)
588 5007 619 5060 Ε.
635 5021 651 5058 e
666 5007 693 5058 fl.
709 5008 853 5058 mututlone
867 5009 958 5056 surus.
1146 5001 1174 5064 l⁸l
1189 5003 1221 5053 E·
1236 5004 1301 5064 0¹⁰⁸,
1312 5003 1413 5054 ’(1ῑοοΜ
