4842 6642
815 835 886 904 518
1206 845 1411 902 connunun
1435 845 1603 900 alumni

892 997 1084 1070 Osommc
1108 995 1191 1068 lnce.
1218 991 1290 1068 leta
1316 997 1371 1068 est
1395 989 1503 1067 tertia
1527 1009 1613 1087 pars
1637 989 1832 1088 generalis,
1849 990 1886 1064 in
1913 1011 1988 1086 qna

811 1121 935 1208 antor,
963 1111 1145 1208 descripte
1175 1110 1317 1188 visione
1342 1111 1408 1186 bei
1432 1109 1470 1184 in
1495 1110 1671 1209 generali,
1696 1131 1796 1186 nunc
1821 1116 1930 1186 vocat
1947 1103 1987 1204 (¹)

812 1236 934 1310 Deum
959 1241 998 1310 et
1023 1238 1130 1330 rogat
1154 1237 1197 1308 ut
1223 1237 1371 1328 praestet
1397 1235 1536 1310 tantam
1557 1231 1714 1330 gratiam
1738 1237 1776 1308 et
1799 1231 1991 1308 memoris

812 1360 851 1433 ct
874 1354 1011 1452 lingum
1035 1371 1114 1428 sum
1139 1351 1342 1447 impotenti,
1360 1357 1403 1426 ut
1427 1350 1540 1447 possit
1563 1334 1777 1446 aliqualiter
1796 1351 1990 1448 propalare

813 1472 995 1550 tantillum
1013 1460 1092 1546 suae
1113 1471 1263 1576 plurim,
1283 1470 1381 1546 unde
1397 1469 1502 1547 dicit:
1530 1474 1717 1545 Osommu
1737 1473 1823 1564 lucc,
1840 1470 1988 1564 scilicet,

814 1593 948 1688 divine,
971 1591 1158 1687 altissima,
1189 1594 1250 1668 clu
1283 1597 1379 1668 muto
1413 1594 1440 1666 ti
1471 1593 1550 1666 licui
1578 1593 1639 1664 dd
1657 1593 1800 1666 concctti
1831 1593 1988 1682 mortali,

814 1715 917 1809 idest,
941 1715 990 1790 ab
1015 1713 1259 1790 intellectibus
1284 1711 1490 1806 bominum,
1509 1714 1663 1811 π’ρνρεια
1685 1731 1735 1786 mr
1757 1731 1862 1804 poco,
1884 1709 1988 1802 ideu,

814 1855 968 1932 maram
992 1838 1150 1931 partem,
1174 1834 1213 1908 di
1237 1833 1316 1924 quel
1337 1833 1398 1908 clu
1418 1834 1546 1925 purcvi
1557 1834 1636 1906 nlla
1652 1835 1725 1906 atio
1741 1837 1865 1921 marte,
1884 1829 1987 1920 idest,

814 1975 910 2035 mem
934 1953 1137 2049 memoriae,
1158 1973 1243 2048 quae
1255 1944 1294 2047 (²)
1313 1951 1570 2028 reminiscatur
1587 1971 1720 2050 parum
1738 1951 1884 2026 illarum
1905 1970 1989 2047 spe·

814 2063 994 2168 rarum(³)
1010 2094 1104 2168 quas
1129 2072 1271 2148 viderat
1295 2071 1333 2146 in
1358 2071 1418 2150 ille
1445 2071 1601 2166 visione;
1627 2078 1665 2148 et
1689 2072 1829 2147 subdit:
1847 2093 1867 2146 c
1887 2074 1930 2165 sc
1950 2074 1989 2146 ln

813 2198 935 2288 dopna
959 2195 1031 2268 utic
1062 2199 1159 2268 muto
1185 2198 1361 2286 poscente,
1388 2191 1492 2286 idest,
1525 2197 1600 2268 tarn
1634 2191 1823 2286 disertam,
1851 2193 1988 2266 clt'mtu

811 2319 938 2411 [nodia
962 2318 1018 2389 sol
1039 2317 1134 2389 dedo
1163 2321 1225 2390 tna
1253 2315 1385 2406 obtin,
1410 2311 1510 2408 quod
1541 2332 1660 2388 unum
1691 2313 1810 2388 solum
1843 2311 1987 2387 radium

814 2443 890 2512 tum
914 2435 1017 2531 lucis,
1031 2457 1141 2530 possa
1159 2437 1311 2510 lmciure
1335 2437 1409 2510 olla
1426 2438 1549 2530 mucro
1565 2441 1678 2527 poem,
1698 2433 1802 2528 idest,
1822 2440 1990 2510 tenuium

815 2555 1027 2652 posteritati.
1054 2557 1099 2632 Et
1121 2555 1283 2653 assignat
1311 2575 1475 2648 causam,
1502 2553 1638 2630 scilicet
1668 2559 1817 2660 propter
1849 2553 1988 2628 bonum

815 2675 990 2752 effectum
1007 2682 1271 2771 sequuturum,
1284 2673 1313 2749 si
1328 2676 1397 2750 boc
1413 2673 1480 2748 sibi
1498 2672 1734 2767 concedatur,
1748 2672 1835 2768 quia
1853 2672 1891 2746 in
1907 2672 1990 2747 lau-

814 2796 900 2874 dem
926 2796 992 2872 Dei
1017 2803 1057 2872 et
1082 2796 1275 2872 utilitatem
1302 2794 1532 2888 mortalium3
1556 2793 1654 2870 unde
1678 2793 1782 2869 dicit:
1800 2788 1863 2867 cle*
1882 2790 1943 2886 pot
1959 2797 1992 2868 si

814 2905 1008 3010 cottcepcrd
1031 2919 1070 2992 di
1094 2923 1154 2990 tun
1182 2917 1336 3009 dmm,
1368 2913 1473 3010 quasi
1504 2913 1619 2990 dicat:
1646 2913 1732 3009 quis
1764 2913 1990 2989 interrivos

814 3037 898 3134 plus
921 3041 1166 3134 cognuscetur
1189 3042 1228 3110 et
1254 3033 1544 3112 manifestabitur
1572 3033 1619 3110 de
1652 3033 1845 3110 excellenti
1870 3032 1989 3130 gloria

816 3164 892 3252 tua,
918 3177 1002 3251 quae
1031 3156 1142 3232 uincit
1171 3162 1209 3232 et
1242 3160 1392 3253 superet
1417 3155 1623 3232 intellectus
1648 3153 1990 3230 morutium-10

814 3281 931 3354 credo.
957 3276 1023 3352 llic
1046 3283 1158 3352 autor
1173 3276 1329 3352 ostendit
1348 3275 1521 3352 ellectum
1538 3295 1617 3350 sum
1635 3273 1852 3370 precationis
1873 3295 1990 3350 crau-

814 3397 920 3492 ditae3
945 3405 984 3474 ct
1007 3397 1171 3473 breviter
1195 3395 1398 3492 dicitquod
1422 3396 1460 3473 in
1485 3416 1531 3474 eo
1548 3394 1701 3470 invaluit
1717 3395 1772 3470 vis
1789 3393 1991 3470 sustinendi

813 3537 974 3594 acumen
997 3517 1206 3594 divinorum
1235 3517 1446 3611 radiorum,
1471 3522 1509 3592 et
1533 3515 1653 3612 primo
1686 3515 1873 3610 praemittit
1897 3535 1992 3612 quo·

733 3649 736 3654 ’
815 3639 926 3716 modo
951 3638 1080 3714 luisset
1103 3639 1282 3714 alteratus
1306 3637 1337 3712 si
1362 3636 1580 3714 removisset
1611 3636 1738 3711 oculos
1766 3635 1814 3710 eb
1844 3636 1906 3711 illo
1932 3637 1991 3710 lu-

817 3759 936 3855 mine;
970 3759 1069 3836 unde
1102 3756 1204 3835 dicit:
1237 3761 1273 3834 io
1304 3759 1411 3832 credo
1442 3759 1502 3832 cde
1534 3759 1570 3832 io
1604 3759 1700 3832 soret
1729 3759 1899 3830 sutorrito
1925 3776 1993 3850 per

815 3882 974 3956 tumme
996 3881 1096 3956 cb'io
1119 3881 1259 3973 sufferri
1279 3882 1337 3954 del
1352 3881 1431 3956 uiuo
1446 3881 1590 3971 rapoto,
1608 3877 1810 3974 splendoris
1836 3877 1984 3971 teterni3

816 4008 855 4080 et
879 4002 949 4078 boc
972 4001 1073 4077 dno:
1099 4023 1138 4076 cc
1160 3985 1323 4094 oli'occbi
1342 4002 1434 4092 mici,
1454 3999 1602 4100 scilicet,
1623 3998 1900 4092 intellectuales,
1913 4001 1991 4092 fos-

815 4143 876 4198 scr
900 4124 1030 4215 coos,
1056 4121 1159 4214 idest,
1185 4119 1331 4216 remoti,
1356 4122 1406 4194 do
1430 4121 1492 4212 lati,
1513 4119 1615 4214 idest,
1646 4119 1694 4194 ab
1718 4119 1780 4195 illo
1806 4117 1908 4193 radio
1937 4117 1993 4192 di-

816 4243 912 4320 rinae
933 4243 1154 4340 lucis,.jurtu
1171 4240 1260 4317 illud
1277 4241 1484 4337 propbetas:
1502 4248 1621 4314 comte
1640 4241 1759 4314 oculos
1775 4245 1850 4311 utos
1862 4224 1902 4330 (⁸)
1921 4243 1991 4312 etc.

817 4365 863 4442 Et
887 4365 946 4440 bic
969 4371 1057 4441 nuta
1073 4361 1323 4438 diversitatem
1340 4381 1426 4458 qum
1442 4366 1499 4435 est
1514 4359 1562 4436 de
1579 4358 1718 4436 visione
1737 4356 1900 4432 interiori
1921 4356 1991 4451 bic,

817 4485 865 4561 ad
890 4484 1000 4560 aliem
1014 4476 1052 4578 (⁸)
1079 4482 1309 4580 superiorem
1336 4481 1385 4557 ibi
1411 4481 1448 4556 in
1474 4479 1694 4555 visibilibus:
1724 4477 1854 4554 oculus
1885 4496 1992 4552 nam·

818 4626 894 4701 que
923 4606 1111 4680 humanus
1142 4623 1230 4678 cum
1261 4601 1360 4678 uidet
1384 4601 1568 4677 excellens
1601 4597 1781 4694 sensibile,
1807 4597 1901 4672 sicut
1930 4617 1993 4672 ra-

815 4724 918 4800 dium
936 4724 1033 4820 solis,
1054 4722 1267 4799 debilitatur
1292 4728 1330 4796 et
1352 4719 1515 4797 redditur
1536 4719 1678 4795 inabilis
1693 4725 1733 4794 et
1749 4717 1930 4813 impotens
1946 4717 1994 4791 ad

745 4965 748 4968 ,
880 4910 907 4972 t't
923 4911 954 4961 E.
970 4925 986 4961 c
1001 4910 1028 4963 S.
1044 4911 1155 4963 mancat.
1280 4905 1310 4970 (¹)
1325 4907 1356 4959 Ε.
1373 4912 1404 4959 ut
1418 4907 1607 4959 reminiscatur.
1732 4903 1759 4968 ι’)
1777 4904 1807 4956 li.
1824 4904 1978 4968 specterum.

879 4985 907 5049 (⁸)
923 4985 955 5037 li.
970 5000 1045 5038 m.
1280 4984 1307 5046 (⁸)
1325 4983 1355 5034 E.
1371 4982 1453 5034 illem.
