4842 6642
732 857 871 914 caurus
897 857 1052 914 nmmos
1076 859 1253 926 ouranos.
1509 843 1578 911 123

408 1009 569 1095 quatuor
595 1001 818 1096 quadrantes
854 1003 1125 1100 coniungantur
1151 1003 1187 1078 in
1214 1023 1330 1076 unum
1363 1002 1500 1076 iaciunt
1529 1001 1580 1074 si·

408 1142 522 1218 guum
550 1123 670 1198 crucis
695 1143 761 1218 per
787 1123 963 1218 medium,
989 1131 1026 1200 et
1051 1133 1093 1199 ut
1117 1125 1185 1200 isla
1215 1121 1412 1198 similitudo
1441 1124 1486 1196 sit
1516 1121 1578 1196 tibi

409 1241 608 1317 clarissima
634 1242 729 1318 dabo
756 1243 818 1318 tibi
849 1246 1061 1340 exemplum
1092 1265 1282 1341 grossum:
1308 1243 1433 1338 accipe
1461 1263 1577 1316 unum

410 1362 620 1438 incisorium
645 1365 858 1460 rotundum,
877 1373 916 1440 et
932 1366 1051 1460 ipsum
1070 1364 1208 1440 dividas
1225 1365 1263 1437 in
1280 1370 1441 1459 quatuor
1459 1370 1580 1458 partes

410 1483 584 1578 aequales,
602 1491 690 1559 tunc
708 1485 768 1558 illa
785 1491 946 1580 quatuor
964 1487 1152 1580 quarteria
1170 1485 1280 1560 simul
1294 1486 1423 1580 juncta
1445 1484 1581 1559 iaciunt

413 1604 475 1679 libi
501 1605 647 1702 signum
674 1606 805 1700 crucis,
831 1606 925 1683 sicut
950 1613 1050 1702 patet
1074 1606 1110 1680 ln
1136 1605 1306 1702 praesenti
1331 1604 1450 1702 ligura
1476 1605 1581 1680 blca

413 1726 528 1800 latere
557 1725 684 1821 posita,
709 1747 732 1800 a
762 1726 881 1821 simili,
906 1747 1003 1800 conce
1031 1729 1202 1817 polosslo,
1228 1725 1330 1817 idest,
1356 1724 1581 1800 constellatio
1600 1661 1664 1790 Θ

414 1845 473 1919 illa
499 1865 582 1939 quae
607 1845 869 1941 iuterpretatur
895 1847 954 1922 ria
988 1847 1119 1922 lactea:
1156 1846 1253 1920 unde
1283 1843 1432 1918 Ovidius
1463 1845 1583 1940 primo

412 1965 745 2060 Metamorphoseos
760 1959 816 2059 (¹):
845 1973 905 2040 illst
929 1969 987 2040 ula
1010 1967 1175 2056 sublimis,
1202 1969 1288 2038 coelo
1316 1969 1501 2060 manifesto
1529 1986 1584 2037 se·

411 2105 511 2176 reno,
531 2089 656 2160 Larua
673 2105 800 2160 nomen
825 2087 936 2176 natet,
959 2089 1115 2160 candore
1139 2085 1301 2158 colobiis
1323 2087 1401 2177 ipso
1425 2092 1507 2177 etc,
1528 2087 1584 2158 di-

410 2208 515 2279 slinlo
540 2209 588 2280 do
614 2210 743 2280 minori
766 2229 785 2280 c
809 2210 942 2298 nmppt,
968 2206 1070 2299 idest,
1098 2205 1309 2298 maioribus,
1327 2207 1424 2296 lumi,
1441 2204 1583 2299 idest,a

412 2325 521 2400 stellis
542 2326 731 2401 luminosis
746 2327 945 2402 maioribus
959 2333 996 2402 et
1010 2325 1224 2419 minoribus,
1241 2326 1481 2416 diurwteppio,
1498 2326 1584 2419 quia

411 2445 495 2519 alba
526 2451 563 2521 et
593 2447 692 2521 clara
725 2447 879 2541 videtur,
914 2453 951 2522 et
984 2447 1188 2542 appellatur
1221 2467 1245 2520 a
1279 2445 1493 2542 vulgaribus
1526 2447 1584 2520 ria

413 2566 527 2640 sancti
559 2565 703 2640 lacobi:
729 2573 767 2642 et
794 2567 899 2640 dicit:
927 2574 986 2640 tro
1021 2569 1036 2640 t
1066 2569 1142 2659 poll
1175 2568 1233 2639 del
1268 2568 1412 2656 ncondo,
1437 2565 1595 2660 scilicet·

414 2686 509 2760 inler
538 2687 717 2762 arcticum
743 2687 1063 2781 septentrionalem
1091 2691 1126 2761 et
1152 2685 1394 2761 antarcticum
1414 2685 1586 2761 meridio-

416 2807 559 2901 nalem;
584 2815 622 2882 et
646 2806 747 2883 dicit:
774 2801 804 2880 si
828 2811 888 2881 cbo
908 2811 951 2902 so
975 2807 1123 2882 dubbior
1148 2807 1211 2879 ben
1236 2810 1352 2898 sappi,
1380 2807 1481 2899 idest,
1506 2826 1586 2880 ma·

414 2948 506 3023 gnos
532 2929 712 3022 sapientes
738 2929 980 3023 pbilosopbos.
999 2927 1051 3001 rld
1078 2928 1176 3022 quod
1202 2925 1389 3002 sciendum
1417 2925 1516 3019 quod
1540 2925 1587 3002 de

414 3048 569 3144 gelassia
595 3048 747 3123 suerunt
772 3049 883 3122 rariae
908 3047 1095 3143 opiniones
1121 3053 1188 3122 etc.
1215 3048 1261 3120 Et
1285 3047 1344 3122 bic
1376 3053 1461 3120 uota
1487 3045 1586 3139 quod

415 3169 642 3264 comparatio
662 3175 717 3242 est
738 3169 884 3264 propria
910 3169 956 3243 ed
983 3166 1221 3264 propositum.
1240 3167 1342 3242 Sicut
1357 3167 1456 3242 enim
1473 3167 1587 3242 stellae

413 3287 623 3364 differentes
648 3287 685 3361 in
712 3289 965 3384 magnitudine
986 3295 1023 3363 el
1043 3288 1236 3382 splendore
1252 3288 1361 3362 simul
1377 3292 1587 3384 aggregatae

416 3406 553 3482 iaciunt
578 3407 889 3483 constellationem
914 3408 1090 3504 gelassiae,
1109 3408 1157 3481 ila
1184 3409 1241 3483 bic
1257 3398 1293 3500 (²)
1312 3408 1445 3482 animae
1471 3406 1587 3480 beatae

414 3525 623 3604 differentes
650 3529 744 3603 inter
762 3528 1022 3603 sesecundum
1043 3530 1124 3622 plus
1140 3537 1177 3603 et
1195 3529 1318 3602 minus
1334 3528 1461 3625 gloriae
1478 3527 1586 3602 simul

417 3648 770 3743 proportionabiliter
796 3648 971 3723 ordinatae
997 3649 1134 3722 iaciunt
1155 3649 1213 3723 bio
1229 3649 1375 3744 signum
1393 3649 1525 3722 crucis.
1539 3687 1588 3702 -

421 3771 486 3857 (tari
511 3771 617 3840 macc.
644 3767 710 3843 llic
729 3773 840 3842 autor
857 3775 1009 3844 excusat
1028 3789 1069 3844 se
1085 3769 1132 3843 ab
1149 3769 1318 3864 ampliori
1334 3768 1586 3864 descriptione,

416 3893 455 3961 et
478 3885 563 3960 dicit
589 3887 688 3979 quod
713 3888 873 3982 potentia
901 3888 1063 3963 maleriae
1095 3888 1205 3963 vincit
1233 3889 1433 3985 potentiam
1459 3889 1588 3962 inven-

417 4005 511 4080 tirae.
538 4007 641 4082 Unde
665 4006 772 4081 dicit:
799 4012 865 4097 Qui
889 4011 925 4082 lo
951 4012 1120 4082 memoria
1146 4013 1231 4100 mia,
1248 4009 1352 4103 idest,
1369 4010 1480 4085 altam
1507 4028 1585 4082 ma·

418 4124 548 4200 leriam
584 4148 697 4220 quam
732 4129 913 4223 assumpsi
942 4128 1231 4222 describendam,
1263 4132 1360 4202 olom
1388 4131 1587 4220 t’inpepno

417 4246 504 4341 quia
530 4248 752 4323 transcendit
777 4249 873 4324 vires
899 4249 1050 4322 humani
1076 4247 1211 4344 ingenii
1238 4253 1370 4323 natura
1402 4247 1533 4322 Christi
1549 4237 1586 4340 (³)

416 4367 527 4441 simul
553 4369 716 4444 bumana
741 4375 779 4444 et
803 4369 943 4463 divina,
963 4369 1060 4442 unde
1086 4368 1191 4442 dicit:
1208 4365 1270 4442 ctd
1290 4371 1326 4440 ia
1352 4369 1464 4459 puella
1488 4369 1589 4440 crore

416 4490 664 4580 tampcppioua
687 4491 812 4582 cristo,
840 4489 942 4582 idest,
970 4509 1056 4563 cum
1084 4489 1229 4584 fulgore
1254 4488 1466 4562 ostendebat
1483 4487 1587 4562 curi·

417 4615 517 4682 stum
533 4596 569 4700 (‘)
597 4609 754 4703 positum
783 4611 819 4683 iu
846 4611 922 4704 ipsa
947 4629 1080 4702 cruce3
1100 4607 1196 4684 unde
1220 4609 1324 4683 dicit:
1342 4603 1373 4682 si
1397 4611 1496 4683 clt’io
1514 4629 1588 4682 non

416 4909 419 4914 ,
481 4841 508 4900 (Ι)
526 4839 555 4890 E.
573 4840 817 4904 Molamorpboscon
834 4843 900 4891 bano
916 4843 953 4890 slc
971 4841 1100 4897 describit.
1116 4841 1216 4891 dicens:
1234 4843 1283 4890 Est
1297 4843 1349 4892 oio.

482 4916 510 4976 ζ’)
526 4917 557 4966 E.
574 4917 608 4966 ila
624 4929 662 4966 cm
679 4920 770 4968 animas
788 4919 867 4969 mutar
884 4919 926 4969 blc
942 4917 1090 4967 dillorcnlos
1106 4919 1258 4967 sorrrndurn.

484 4995 510 5054 ι’]
527 4992 557 5042 Ε.
573 4993 634 5044 lesu
650 4993 754 5045 Cbrlsll.
955 4995 983 5056 (¹)
999 4995 1030 5044 Ε.
1046 4995 1135 5045 lesum
1151 4994 1291 5046 Cbrlslurn.
