4842 6642
982 757 1028 824 96
1375 767 1579 826 counuruu
1603 771 1772 824 namursi

980 912 1120 989 unitate
1145 919 1183 988 et
1208 913 1419 988 humanitas
1447 915 1485 988 in
1513 914 1718 1010 divinitate;
1748 916 1847 991 unde
1876 915 1980 992 dicit:
2013 936 2073 989 noa
2104 921 2157 988 tre

974 1055 1126 1130 persone
1148 1037 1189 1108 in
1213 1036 1335 1108 dobin
1358 1042 1504 1127 mbos,
1521 1037 1661 1131 supple,
1683 1040 1838 1110 cantatae
1856 1037 2007 1111 inerunt
2028 1035 2096 1129 ibi;
2112 1037 2158 1109 cd

978 1177 1070 1251 essu,
1098 1155 1235 1230 scilicet
1259 1161 1393 1232 natura
1417 1156 1551 1250 divina,
1576 1177 1596 1229 c
1620 1159 1643 1229 ἴ
1655 1177 1800 1252 umam,
1828 1157 1976 1251 scilicet,
2009 1162 2155 1250 natura,

979 1279 1017 1351 in
1042 1297 1115 1350 nnn
1134 1297 1305 1372 pnsoon,
1334 1277 1481 1373 scilicet,
1506 1276 1637 1352 Christi
1653 1273 1701 1370 (¹).
1728 1279 1773 1352 Et
1797 1279 1868 1353 boc
1901 1277 1983 1352 dico
2014 1277 2156 1352 incom-

978 1397 1188 1495 parabiliter
1213 1405 1251 1472 et
1275 1418 1342 1493 per
1366 1397 1548 1472 infinitum
1575 1418 1769 1473 excessum
1795 1398 1842 1473 ad
1866 1405 2035 1473 nostrum
2065 1417 2155 1472 can-

977 1525 1080 1613 tum3
1107 1517 1204 1593 unde
1229 1518 1335 1593 dicit:
1360 1524 1458 1592 tanto
1482 1521 1521 1592 di
1544 1508 1581 1591 td
1604 1520 1655 1591 dn
1677 1525 1804 1592 amon
1827 1539 1979 1614 manzo,
2007 1518 2154 1611 scilicet,

978 1645 1137 1734 terrena,
1171 1646 1303 1733 quanto
1337 1641 1366 1712 it
1395 1641 1461 1712 cici
1490 1641 1699 1712 ci’ooonza
1732 1643 1807 1714 bitti
1838 1642 1889 1732 pli
1920 1642 2016 1734 altri,
2051 1638 2153 1733 idest,

977 1767 1107 1836 octava
1133 1780 1241 1855 spera
1266 1780 1352 1854 qum
1376 1759 1521 1835 excedit
1546 1767 1690 1834 motum
1711 1760 2004 1854 uniuscuiusque
2023 1779 2152 1854 spere,

976 1882 1035 1956 vel
1060 1880 1223 1977 primum
1249 1880 1385 1954 mobile
1416 1880 1515 1976 qnod
1546 1886 1719 1955 movetur
1743 1879 1791 1954 ab
1815 1879 1959 1954 oriente
1988 1879 2026 1953 in
2054 1879 2154 1954 occi-

974 2001 1135 2096 dentem,
1167 2006 1204 2076 et
1237 2000 1442 2076 revertitur·
1477 2000 1515 2074 in
1549 1999 1729 2075 orientem
1764 1999 1801 2073 in
1832 1999 1959 2096 viginti
1992 2005 2152 2094 quatuor

974 2121 1086 2216 boris,
1112 2123 1143 2194 si
1167 2139 1290 2194 muoso
1313 2122 1351 2194 di
1375 2110 1412 2193 td
1435 2122 1501 2193 dot
1522 2141 1667 2193 nmoocr
1690 2121 1783 2193 delta
1811 2121 1958 2213 Cimon,
1986 2140 2072 2213 qum
2096 2126 2153 2193 est

976 2240 1186 2338 pigerrima,
1205 2239 1312 2314 cuius
1331 2246 1454 2312 motus
1480 2246 1535 2314 est
1560 2239 1784 2314 insensibilis.
1810 2238 1873 2314 Est
1893 2239 1990 2314 enim
2011 2239 2147 2314 Cbiana

977 2361 1079 2435 uallis
1096 2359 1268 2457 palustris
1284 2361 1322 2435 in
1337 2360 1478 2453 Tuscia,
1495 2360 1633 2453 deque
1650 2358 1788 2434 dimum
1807 2359 1917 2434 estin
1934 2359 2067 2434 interni
2083 2379 2148 2433 ca-

974 2479 1099 2576 pitulo.
1114 2519 1164 2534 -
1176 2484 1306 2572 duppe.
1326 2479 1393 2554 Hic
1409 2485 1520 2554 autor
1536 2477 1734 2553 introducit
1758 2478 1894 2552 iterum
1908 2479 2084 2553 Tbomam
2102 2476 2151 2552 de

974 2599 1119 2695 Aquino
1144 2598 1192 2673 ad
1218 2598 1434 2674 solvendum
1457 2598 1662 2673 secundum
1682 2597 1852 2693 dubium3
1878 2604 1917 2674 et
1933 2598 2026 2672 dicit
2049 2597 2148 2691 quod

974 2719 1147 2796 omnibus
1172 2718 1368 2794 animabus
1393 2719 1541 2794 iliarum
1566 2738 1788 2794 coronarum
1807 2719 1860 2792 sic
1880 2717 2150 2813 quiescentibus

972 2847 1119 2916 amotu
1138 2845 1176 2915 et
1191 2846 1302 2914 cantu
1321 2861 1396 2914 una
1414 2839 1562 2914 iliarum
1587 2839 1686 2933 rupit
1704 2839 1907 2935 sitentium3
1926 2839 2025 2914 unde
2046 2838 2147 2913 dicit:

973 2965 1027 3033 Lo
1051 2962 1137 3053 tuce,
1167 2960 1313 3054 scilicet,
1334 2961 1484 3034 Tbomae
1500 2959 1547 3034 de
1564 2959 1720 3055 Aquino,
1745 2962 1783 3033 io
1806 2961 1880 3051 cie,
1897 2959 2001 3054 idest,
2018 2959 2056 3033 in
2074 2979 2148 3055 qua

973 3081 1069 3175 tuce,
1096 3080 1239 3154 muniit
1261 3083 1334 3154 vita
1357 3083 1416 3154 dei
1435 3083 1626 3174 peverello,
1652 3080 1755 3174 idest,
1780 3079 1975 3174 Francisci,
1995 3086 2149 3154 narratu

968 3202 1072 3295 sumi,
1103 3200 1189 3294 quia
1224 3221 1334 3295 supra
1366 3201 1523 3275 Thomas
1555 3200 1720 3275 narravit
1749 3199 1872 3275 autori
1905 3199 2018 3274 vitam
2051 3200 2148 3274 beati

971 3319 1153 3394 Francisci
1166 3320 1229 3413 qui
1243 3338 1390 3394 summe
1402 3320 1527 3395 dilexit
1539 3328 1794 3416 paupertatem
1808 3341 1939 3396 amore
1950 3321 2081 3396 Cbristi
2095 3313 2146 3415 (¹),

970 3461 1078 3533 ruppe
1090 3443 1116 3512 ’1
1129 3442 1287 3532 silenzio,
1305 3440 1392 3533 quia
1418 3439 1528 3535 coepit
1554 3440 1655 3535 ioqui
1680 3441 1824 3515 caeteris
1850 3441 2068 3536 iacentibus,
2093 3445 2150 3515 nei

970 3563 1139 3634 concordi
1163 3563 1272 3656 nond,
1301 3560 1405 3655 idest,
1430 3562 1468 3636 in
1493 3561 1562 3636 iltis
1586 3560 1703 3637 beatis
1728 3562 1790 3655 qui
1816 3567 1892 3636 tam
1918 3563 2148 3639 concorditer

970 3680 1239 3756 conveniebant
1263 3681 1301 3754 in
1326 3681 1428 3756 omni
1448 3702 1581 3757 eorum
1598 3689 1698 3775 actu,
1716 3701 1809 3778 quos
1826 3689 1936 3756 autor
1954 3689 2062 3759 vocat
2078 3705 2148 3758 nu-

971 3799 1085 3891 mina,
1106 3799 1199 3874 idest
1216 3800 1305 3876 deos
1321 3801 1607 3896 participatione,
1625 3801 1713 3896 quia
1733 3801 1949 3898 participant
1964 3803 2010 3878 de
2026 3804 2145 3878 divina

969 3920 1142 3996 bonitate.
1169 3921 1213 3994 Et
1237 3922 1358 3996 subdit
1375 3922 1462 4016 quid
1482 3922 1602 4019 primo
1626 3921 1759 3998 dixerit
1775 3923 1945 4018 Thomas,
1963 3924 2049 4020 quia
2074 3926 2145 3998 sci·

968 4042 1052 4117 licet
1078 4041 1210 4116 obtulit
1241 4063 1281 4116 se
1309 4043 1356 4116 ad
1387 4043 1598 4118 solvendam
1630 4043 1830 4118 secundam
1862 4043 2144 4138 dubitationem;

969 4162 1068 4238 unde
1094 4161 1190 4257 dicit,
1217 4184 1236 4236 c
1260 4165 1364 4254 dt‘sse,
1389 4162 1525 4238 scilicet
1550 4163 1610 4237 ille
1635 4164 1793 4238 Tbomas
1810 4163 1900 4239 dixit
1921 4163 2029 4237 mibi:
2048 4167 2146 4238 doicc

968 4305 1072 4358 amor
1094 4286 1140 4357 m’
1155 4286 1279 4377 inmte,
1300 4283 1403 4379 idest,
1429 4304 1536 4358 amor
1559 4283 1721 4387 caritatis
1742 4284 1880 4359 inducit
1901 4305 1974 4379 me,
1993 4307 2017 4358 n
2033 4285 2146 4365 battcr

968 4405 991 4475 ἴ
1002 4405 1110 4497 mon,
1139 4403 1275 4480 scilicet
1300 4405 1456 4499 pateam,
1477 4404 1569 4478 idest
1585 4403 1633 4480 ad
1648 4403 1918 4480 discutiendum
1936 4405 2141 4480 secundum

967 4523 1117 4618 dictum,
1145 4523 1364 4600 excutiendo
1395 4524 1480 4599 inde
1510 4524 1656 4599 dulcem
1692 4524 1857 4599 fructum
1872 4515 1909 4618 (ἢ
1948 4525 2013 4619 qui
2050 4525 2139 4599 latet

968 4643 1039 4719 sub
1056 4644 1172 4739 litera,
1190 4644 1284 4719 sicut
1301 4645 1530 4720 trumentum
1557 4645 1646 4720 latet
1671 4645 1741 4720 sub
1759 4647 1876 4741 palea,
1894 4650 1933 4720 et
1953 4646 2141 4720 excutitur

995 4815 997 4820 “
1030 4826 1058 4892 (¹)
1073 4829 1105 4879 n.
1121 4828 1184 4879 suu
1200 4829 1302 4880 mrsu.
1420 4825 1423 4831 ·
1552 4830 1581 4894 t¹t
1596 4832 1628 4882 Ε.
1644 4832 1707 4883 sou
1722 4831 1826 4884 mauu

1030 4903 1058 4969 (⁸)
1072 4905 1104 4956 Ε.
1120 4904 1247 4969 tinctum,
1262 4907 1360 4960 scilicet
1375 4921 1479 4960 numm
1495 4909 1540 4974 qui
1555 4909 1628 4961 latet.
