4842 6642
800 819 872 889 322
1190 831 1396 887 ecmannum
1421 831 1585 884 rannorsr

799 1003 915 1078 gnum
951 980 1090 1054 vatium
1126 978 1183 1053 vet
1218 977 1356 1051 fossum
1392 977 1509 1051 altum
1546 983 1583 1051 et
1615 976 1843 1073 profundum
1879 972 1979 1070 quod

799 1101 956 1178 transire
981 1121 1055 1175 non
1082 1103 1210 1193 potest,
1237 1097 1300 1173 sed
1317 1089 1353 1190 (¹)
1381 1117 1467 1172 cnm
1493 1098 1598 1173 hasta
1619 1099 1677 1172 ret
1698 1099 1825 1172 iancea
1845 1094 1979 1170 transi·

800 1223 859 1317 iit;
885 1223 934 1297 ita
961 1241 1060 1296 nunc
1085 1227 1195 1295 autor
1219 1218 1429 1293 describens
1454 1217 1597 1294 curiam
1622 1220 1809 1294 coetestem
1838 1215 1977 1312 figura·

801 1343 884 1418 titer
908 1341 1145 1438 pervenitad
1171 1361 1319 1436 passum
1348 1340 1480 1414 sortem
1506 1345 1548 1414 et.
1569 1339 1751 1416 difficilem
1779 1359 1891 1434 quem
1910 1337 1976 1414 de·

798 1462 961 1538 scribere
987 1483 1060 1536 non
1077 1467 1234 1556 poterat,
1252 1459 1334 1535 ideo
1352 1461 1553 1535 transvolat
1571 1480 1656 1535 cnm
1675 1460 1758 1534 stilo
1775 1460 1834 1535 ret
1856 1479 1975 1554 penna

799 1581 848 1658 ad
872 1583 942 1657 alia
969 1581 1218 1658 describenda.
1247 1583 1352 1656 Nunc
1367 1579 1415 1654 ad
1437 1581 1595 1674 literam,
1621 1580 1706 1655 dicit
1730 1587 1859 1656 autor:
1887 1586 1920 1654 E
1942 1583 1976 1654 lo

800 1711 943 1778 aaaron
967 1709 1112 1795 Poema,
1139 1702 1238 1798 quod
1265 1701 1400 1778 scilicet
1425 1709 1480 1776 est
1505 1702 1552 1776 de
1579 1701 1731 1778 materia
1750 1722 1866 1795 sacra,
1881 1705 1976 1794 fipe-

803 1827 922 1900 rondo
933 1827 1156 1919 itporodt‘so,
1171 1823 1273 1916 idest,
1289 1822 1586 1917 repraesentando
1600 1821 1740 1918 poetice
1757 1821 1826 1897 sub
1844 1821 1976 1919 figura,

803 1945 889 2039 quia
914 1945 962 2020 de
987 1945 1041 2020 rei
1068 1944 1223 2020 veritate
1238 1935 1276 2036 (²)
1303 1963 1376 2018 non
1402 1948 1457 2018 est
1484 1943 1554 2038 hic,
1581 1943 1644 2018 sed
1662 1943 1720 2017 hic
1738 1941 1920 2040 figuratur
1940 1949 1978 2018 et

803 2071 1041 2159 monstratur,
1068 2067 1213 2139 conoien
1238 2055 1309 2137 cosi
1333 2064 1479 2154 saltare,
1497 2062 1643 2157 scilicet,
1663 2063 1875 2158 praedictum
1895 2084 1977 2159 pas·

801 2208 897 2282 snm,
922 2207 1019 2260 come
1042 2189 1097 2258 cdi
1121 2192 1226 2259 trom
1245 2205 1309 2258 suo
1325 2189 1476 2258 commin
1493 2188 1617 2276 reato,
1636 2183 1738 2279 idest,
1758 2183 1851 2259 sicut
1869 2183 1974 2257 illum

804 2307 868 2401 qui
894 2305 1031 2381 invenit
1055 2327 1161 2380 suam
1181 2305 1278 2380 viam
1298 2305 1541 2398 interruptam
1563 2304 1688 2398 atiquo
1706 2303 1803 2379 rosso
1820 2310 1977 2399 oportet,

807 2427 945 2523 supple,
970 2427 1115 2501 saltare.
1133 2425 1320 2515 Quantum
1340 2433 1466 2500 autem
1488 2426 1566 2500 haec
1583 2423 1809 2521 comparatio
1827 2423 1873 2498 sit
1890 2445 1976 2520 pro-

802 2547 881 2645 pria
905 2547 952 2622 ad
978 2547 1204 2642 propositum
1234 2554 1332 2642 patet
1358 2547 1453 2622 bene
1478 2545 1653 2641 intuenti3
1680 2545 1761 2622 ideo
1792 2566 1865 2622 non
1896 2545 1978 2642 pins

804 2667 851 2743 de
874 2688 930 2742 ea.
945 2707 995 2722 -
1008 2670 1072 2740 Mo
1095 2669 1159 2739 cti.
1177 2667 1242 2741 Hic
1259 2673 1369 2742 autor
1386 2674 1539 2742 excusat
1556 2666 1849 2742 insufficientiam
1868 2686 1974 2741 suam

803 2795 841 2863 et
864 2787 996 2884 probat
1021 2808 1062 2862 se
1087 2808 1177 2862 rere
1201 2788 1462 2882 excusabilem,
1484 2788 1626 2863 dicens:
1648 2793 1712 2862 Ma
1736 2791 1791 2862 cti
1809 2809 1979 2882 pensasse

805 2909 1053 3002 t'tponderoso
1078 2914 1181 2999 emo,
1208 2908 1308 3002 quod
1337 2907 1473 2983 scilicet
1496 2916 1552 2984 est
1576 2909 1623 2984 de
1647 2909 1803 2984 essentia
1833 2907 1980 3002 Christi,

804 3050 824 3101 e
848 3031 871 3102 ἱ
883 3049 1004 3102 omero
1028 3031 1161 3102 morto!
1182 3031 1243 3102 cte
1267 3051 1304 3102 se
1328 3051 1371 3102 ne
1396 3050 1517 3122 coroa,
1539 3029 1642 3126 quasi
1664 3029 1776 3105 dicat:
1802 3029 1832 3104 si
1857 3030 1978 3105 consi·

806 3148 991 3225 deraserit
1016 3149 1114 3244 quod
1139 3170 1210 3246 ego
1237 3141 1401 3225 mortalis
1427 3172 1576 3226 assumo
1604 3151 1797 3226 materiam
1823 3151 1980 3227 immor-

804 3269 915 3344 talem
940 3269 1228 3364 describendam,
1247 3273 1309 3344 not
1327 3271 1573 3365 diosmcretbe,
1594 3270 1697 3366 idest,
1716 3291 1790 3346 non
1812 3273 1980 3368 culparet

803 3410 872 3466 nec
891 3391 992 3487 juste
1016 3391 1167 3485 cuipare
1185 3398 1317 3486 posset,
1342 3413 1380 3464 se
1403 3393 1481 3465 sott'
1494 3412 1571 3464 esso
1588 3398 1714 3482 demo,
1733 3391 1834 3486 idest,
1852 3391 1880 3466 si
1901 3391 1980 3487 ipse

803 3513 983 3587 immarus
1008 3533 1115 3586 meus
1139 3511 1267 3586 debilis
1292 3511 1412 3587 deficit
1445 3513 1514 3587 sub
1541 3518 1641 3586 tanto
1667 3511 1828 3608 pondere
1854 3511 1979 3608 gravis

802 3632 1136 3708 materiae.-Non
1161 3628 1189 3707 d.
1217 3633 1281 3707 Hic
1315 3641 1425 3707 autor
1457 3631 1505 3707 ad
1532 3633 1670 3728 justam
1703 3633 1978 3708 excusationem

802 3751 859 3826 sni
883 3751 968 3826 dicit
994 3752 1092 3847 quod
1109 3752 1156 3826 ad
1172 3753 1455 3848 descriptionem
1474 3751 1585 3828 huius
1603 3751 1787 3828 altissimae
1813 3751 1979 3828 materie

802 3879 899 3947 esset
923 3894 1017 3969 opus
1046 3875 1118 3949 alio
1149 3873 1297 3972 ingenio
1331 3894 1397 3970 per
1431 3871 1691 3970 pulcerrimam
1724 3875 1979 3971 metaphoram

802 3992 925 4086 maris,
952 4000 990 4068 et
1014 3993 1276 4069 sententialiter
1304 3995 1382 4067 rntt
1407 3993 1543 4089 dicere,
1562 3994 1659 4090 quod
1682 4000 1777 4070 esset
1803 4014 1895 4089 opus
1923 3994 1980 4068 al-

803 4112 941 4188 tissimo
967 4113 1112 4210 ingenio
1130 4123 1166 4190 et
1184 4113 1491 4189 excellentissimo
1508 4119 1615 4210 poeta
1633 4113 1680 4189 ad
1699 4113 1978 4190 describendam

804 4239 881 4308 tam
908 4255 1079 4330 magnam
1106 4240 1144 4310 et
1169 4233 1389 4329 profundam
1420 4235 1625 4310 materiam.
1644 4235 1736 4310 Dicit
1760 4255 1870 4332 ergo:
1899 4237 1980 4308 Non

805 4351 1019 4448 dpareppio
1043 4359 1093 4430 do
1114 4359 1265 4449 pectora
1291 4355 1414 4447 dorca,
1433 4355 1537 4450 qnasi
1562 4356 1670 4450 dicat,
1696 4357 1811 4432 immo
1832 4377 1980 4454 magna,

807 4479 886 4566 quer
908 4479 968 4549 cte
992 4478 1148 4551 tardita
1169 4497 1301 4570 prora,
1336 4497 1420 4570 quae
1452 4481 1507 4551 est
1541 4476 1642 4572 prior
1675 4498 1760 4572 pars
1795 4477 1908 4572 naria,
1935 4499 1982 4552 oo

804 4597 1274 4691 sendendo,ve1sccondo,
1305 4595 1408 4691 idest,
1439 4596 1642 4672 dividendo.
1671 4597 1849 4672 Dividitur
1881 4597 1980 4673 enim

809 4714 846 4786 in
861 4704 897 4806 (³)
923 4736 1080 4810 corpore
1105 4737 1225 4812 aquae,
1245 4717 1282 4790 in
1301 4715 1533 4813 navigatione
1559 4722 1716 4809 tantum,
1737 4725 1918 4813 qnantum
1938 4716 1981 4791 li·

865 4901 893 4965 (¹)
910 4903 940 4954 E.
957 4905 1002 4954 sed
1018 4905 1040 4954 si
1056 4921 1116 4956 cnm
1133 4908 1206 4958 hasta
1223 4907 1265 4956 ret
1283 4905 1372 4956 landen
1389 4911 1511 4966 transeat,
1528 4907 1641 4956 transilit
1656 4921 1730 4962 eum:
1748 4907 1791 4958 its.

866 4975 895 5040 (¹)
911 4979 942 5030 E.
959 4981 1067 5031 raritate
1084 4984 1193 5033 transtro
1208 4995 1261 5033 non
1279 4986 1326 5032 est.
1515 4979 1583 5044 (⁸18.
1600 4995 1615 5032 e
1632 4981 1662 5033 E.
1679 4982 1711 5032 da
1728 4995 1847 5046 corpore.
