4842 6642
797 841 867 915 198
1187 854 1395 913 notuerunt
1415 856 1588 911 uuuanrrr

796 1005 868 1093 tur,
886 997 999 1094 aliqui
1017 1018 1198 1095 pauperes
1215 1000 1441 1076 ditabuntur.
1454 1003 1772 1093 -upormne
1789 999 1855 1075 llio
1880 1000 1972 1076 Cen

795 1118 963 1216 oiaguide
987 1119 1086 1195 addit
1112 1120 1243 1195 ultimo
1268 1121 1438 1217 medam
1459 1127 1652 1217 umquam
1672 1127 1814 1197 secreta
1839 1120 1888 1197 de
1912 1141 1970 1215 eu

794 1240 936 1317 diceus:
962 1246 996 1315 Ε
1013 1245 1218 1334 portero’ne
1239 1246 1360 1317 sotto
1388 1244 1483 1317 neda
1517 1250 1627 1317 mern
1650 1244 1695 1316 di
1722 1244 1783 1335 tot,
1814 1262 1875 1317 nto
1907 1246 1971 1317 nui

793 1364 909 1456 dt'rai3
934 1362 998 1437 sed
1023 1370 1405 1458 exspocueveomm.
1417 1364 1462 1438 El
1481 1362 1567 1437 dioit
1583 1368 1713 1439 autor:
1731 1383 1750 1434 e
1766 1364 1859 1437 dese
1874 1383 1967 1456 cose,

794 1481 940 1577 scilieet
966 1482 1219 1579 Caooiaguidn,
1243 1484 1436 1559 incredibili
1459 1504 1485 1557 o
1509 1486 1600 1576 quei,
1632 1486 1694 1557 cto
1718 1485 1771 1576 lia
1794 1490 1967 1577 presente.

667 1602 673 1615 ’
792 1602 884 1677 Nam
903 1602 1096 1698 praedictus
1112 1602 1221 1679 Canis
1240 1609 1355 1679 totam
1379 1602 1577 1679 llerchiarn
1604 1603 1815 1679 trivisanam
1836 1602 1967 1679 belliue

793 1721 930 1797 virtute
955 1722 1109 1819 subegit.
1128 1722 1214 1799 ldeo
1238 1723 1334 1799 bene
1350 1722 1559 1820 Rayueldus
1578 1723 1731 1817 poetista
1750 1721 1966 1799 veronensis

792 1841 878 1918 bino
891 1842 1072 1917 versiculo
1087 1843 1290 1951 epitapiriali
1305 1845 1386 1920 eius
1403 1842 1609 1939 triumphos
1625 1842 1789 1919 breviter
1804 1842 1969 1937 eomple-

793 1982 864 2037 xus
889 1969 954 2058 est,
979 1961 1121 2039 dicens:
1147 1966 1185 2038 Si
1213 1968 1318 2039 Corus
1342 1967 1396 2039 iio
1424 1965 1582 2038 Grandis
1605 1965 1761 2055 morato
1782 1965 1882 2056 saeta
1904 1984 1967 2055 pe-

791 2086 883 2175 repit
898 2086 1060 2157 Morotio
1076 2087 1167 2159 oses
1187 2088 1300 2175 odeat,
1319 2105 1427 2177 quom
1440 2106 1537 2158 rouo
1553 2089 1670 2159 Marte
1688 2084 1820 2175 sudanti
1836 2090 1907 2159 eto
1917 2121 1975 2175 -q

796 2207 860 2279 Poi
882 2208 1015 2296 punse.
1042 2204 1106 2280 llio
1131 2212 1242 2280 autor
1266 2205 1423 2281 ostendit
1439 2205 1540 2299 quod
1556 2204 1798 2301 Cacdaguida
1814 2205 1966 2279 conuiu-

793 2323 883 2400 dens
907 2323 997 2399 dixit
1022 2324 1285 2421 expositionem
1310 2345 1392 2401 esse
1408 2324 1543 2400 laetam
1560 2324 1770 2419 petitorum.
1788 2324 1892 2401 Unde
1910 2324 1968 2398 di·

792 2444 859 2519 cit:
886 2445 930 2519 Et
961 2446 1021 2521 ille
1052 2444 1305 2543 caeciaguida
1338 2450 1462 2538 mense
1488 2448 1563 2542 poi,
1597 2444 1733 2522 scilieet
1764 2444 1965 2521 narrationi

792 2563 896 2639 fecte
921 2564 1006 2639 ieoit
1030 2564 1141 2641 finem
1167 2565 1238 2639 sub
1264 2566 1332 2641 huo
1357 2565 1495 2641 forma:
1519 2569 1550 2639 0
1571 2567 1683 2659 iptio,
1706 2572 1820 2658 queste
1842 2586 1909 2640 son
1934 2568 1966 2641 ir

757 2688 915 2780 *chose
945 2685 1046 2779 idest,
1073 2685 1317 2781 expositiones
1341 2692 1378 2763 et
1402 2686 1679 2781 declarationes,
1703 2689 1742 2761 di
1765 2689 1844 2779 quel
1860 2689 1923 2761 eie
1939 2689 1967 2759 o·

644 2870 645 2873 a
786 2809 1000 2901 dedeima
1026 2807 1150 2882 multis
1175 2806 1213 2881 in
1226 2800 1264 2900 (¹)
1290 2807 1434 2883 interno
1458 2811 1495 2881 et
1521 2805 1752 2903 purgatorio;
1778 2806 1884 2901 quusi
1909 2804 1967 2880 di-

790 2933 868 3003 cat:
895 2927 983 3002 illud
1008 2926 1108 3021 quod
1133 2927 1201 3001 luit
1227 2927 1289 3002 tibi
1315 2926 1601 3022 prenuntiatum
1627 2926 1665 3001 iu
1689 2925 1854 3023 generali
1869 2932 1909 3001 et
1926 2924 1965 3001 iu

789 3047 960 3141 obscuro,
982 3069 1081 3122 nuno
1106 3056 1162 3123 est
1186 3048 1455 3143 particulariter
1472 3047 1720 3141 declaratum3
1739 3046 1838 3122 udde
1854 3052 1964 3121 autor

790 3167 850 3242 hio
883 3168 1057 3264 adimplet
1092 3168 1179 3243 illud
1202 3169 1314 3263 'quod
1351 3168 1516 3264 promisit
1547 3188 1589 3243 se
1621 3166 1807 3243 iacturum
1835 3166 1873 3241 in
1907 3166 1964 3240 im·

790 3290 907 3383 ierne,
934 3289 995 3363 ubi
1021 3288 1127 3363 dixit:
1155 3290 1334 3365 eserdoio
1358 3310 1384 3364 a
1406 3292 1566 3363 otiosm
1585 3296 1654 3364 eto
1680 3289 1725 3363 Et
1753 3288 1857 3363 dicit:
1884 3309 1964 3363 oceo

789 3412 956 3502 dissidio,
974 3411 1077 3506 idest,
1093 3412 1248 3487 oooultae
1266 3410 1551 3485 machinationes
1575 3410 1734 3485 fortune
1757 3416 1795 3484 et
1819 3409 1961 3485 vicino·

790 3549 875 3604 rum
903 3538 1054 3605 tuorum
1081 3552 1180 3606 nuno
1205 3536 1291 3605 sunt
1316 3530 1504 3626 pateiuotae
1529 3528 1614 3623 tioi;
1640 3529 1740 3604 unde
1771 3528 1880 3623 dicit.
1902 3531 1967 3605 oie

786 3671 854 3725 roo
876 3672 1035 3744 onerose,
1061 3652 1163 3746 idest,
1189 3653 1354 3747 mouile,
1371 3654 1484 3726 deno
1501 3671 1526 3723 a
1539 3653 1643 3743 poeti
1657 3654 1742 3742 piri,
1760 3650 1864 3745 idest,
1882 3658 1967 3747 post

787 3791 925 3867 paucos
940 3793 1069 3867 anuos,
1081 3773 1219 3848 seilicet
1230 3779 1315 3847 tres.
1325 3777 1464 3847 -Non
1479 3775 1545 3845 no'..
1556 3770 1622 3847 liic
1638 3770 1879 3867 Cuooiaguida
1896 3771 1963 3847 dat

788 3892 878 3968 utile
902 3892 1165 3969 documentum
1193 3893 1417 3969 servandum
1442 3892 1564 3967 autori
1588 3892 1687 3967 eirca
1713 3882 1961 3986 praediota(²);

788 4016 869 4086 Non
882 4016 936 4086 uo'
941 4006 1029 4106 perd
1046 4016 1098 4087 oi'
1110 4016 1145 4087 α’
1159 4016 1230 4087 iuni
1241 4015 1345 4088 videi
1362 4015 1503 4103 invidie
1520 4012 1623 4107 idest,
1641 4032 1715 4085 non
1733 4017 1857 4087 nmen
1877 4011 1962 4087 volo

788 4134 888 4228 quod
912 4135 1048 4210 hebens
1074 4134 1248 4209 invidiam
1273 4134 1332 4209 rel
1356 4133 1484 4209 odium
1509 4140 1636 4207 contra
1667 4138 1809 4228 purtem
1828 4132 1963 4229 Nigro·

787 4274 886 4349 rum,
913 4274 997 4349 quae
1023 4253 1168 4330 videtur
1193 4254 1332 4330 debere
1353 4254 1509 4346 llorere;
1535 4259 1573 4329 et
1601 4252 1734 4329 invidia
1769 4259 1825 4328 est
1857 4252 1966 4327 dolor.

787 4374 916 4450 eliense
942 4374 1131 4470 felicitatis,
1158 4382 1196 4450 et
1221 4375 1369 4450 fortune
1392 4374 1547 4449 istorum
1569 4372 1715 4448 videtur
1732 4372 1857 4446 lutura
1874 4392 1963 4467 pro-

788 4514 894 4590 spera
920 4501 958 4570 et
983 4494 1114 4571 melior
1139 4502 1216 4588 tue,
1242 4493 1533 4591 quierigehunt
1557 4492 1594 4567 in
1620 4493 1747 4588 patria.
1774 4491 1819 4566 Et
1844 4490 1965 4567 reddit

787 4635 938 4690 oaumm
966 4635 1085 4711 quare
1109 4636 1182 4691 non
1207 4614 1341 4691 debeat
1364 4614 1529 4691 invidere
1558 4613 1638 4708 illis,
1663 4612 1807 4689 dicens:
1837 4614 1968 4706 porcio.

786 4738 846 4809 oie
871 4739 907 4809 la
932 4744 992 4813 tna
1018 4739 1088 4811 nito
1113 4738 1142 4808 ε’
1154 4739 1325 4831 insumo,
1351 4735 1441 4811 idest
1466 4741 1692 4831 propagatur
1724 4754 1791 4830 per
1824 4733 1963 4809 tamam

849 4998 877 5061 ζ’)
892 4998 923 5048 Ε.
940 4996 1039 5049 seilicet
1054 4999 1088 5050 in.
1338 4996 1367 5061 (Ἴ
1382 4997 1413 5047 Ε.
1431 4996 1562 5060 predicta,
1578 4995 1679 5047 dicem:
1696 4995 1766 5048 Ναι.
