4842 6642
794 878 933 934 caurus
957 879 1114 936 nncmus
1139 880 1305 947 noturus.
1568 865 1637 934 133

464 1024 567 1120 idest,
589 1025 627 1100 in
651 1045 783 1120 campo
800 1024 957 1118 piorum.
979 1025 1023 1098 El
1043 1025 1112 1100 boc
1136 1023 1236 1098 dico:
1261 1046 1299 1098 se
1323 1031 1447 1097 nostra
1472 1029 1637 1118 mappior

462 1165 576 1236 muca,
601 1144 705 1238 idest,
732 1143 762 1218 si
787 1143 884 1218 fictio
910 1143 1059 1241 Virgilii,
1081 1143 1145 1238 qui
1162 1151 1218 1220 cst
1235 1165 1406 1219 summus
1424 1155 1636 1245 nostrorum

464 1271 655 1362 poetarum
683 1265 892 1359 latinorum,
919 1265 1055 1342 scilicet
1081 1265 1198 1341 maior
1225 1286 1297 1360 me,
1324 1267 1411 1361 quia
1439 1268 1505 1340 luit
1533 1289 1638 1341 meus

464 1386 552 1479 dux,
578 1385 705 1460 doctor
731 1391 768 1460 et
793 1385 986 1481 magister3
1012 1392 1050 1460 ct
1076 1393 1199 1460 lamen
1225 1386 1423 1481 discipulus
1453 1386 1638 1460 interdum

465 1505 607 1582 excedit
632 1505 863 1602 magistrum,
886 1511 928 1578 ut
943 1504 1154 1582 Aristoteles
1176 1506 1378 1600 Platonem,
1400 1512 1439 1580 et
1455 1506 1639 1580 Homerus

466 1625 721 1720 Pronapidem,
747 1631 784 1700 ct
815 1625 863 1698 lta
889 1625 935 1699 de
961 1625 1096 1720 multis,
1123 1633 1237 1699 merto
1262 1629 1355 1720 sede,
1387 1627 1492 1720 quasi
1518 1627 1638 1702 dicat:

467 1747 498 1821 si
523 1745 745 1822 credendum
771 1753 829 1819 est
854 1744 1003 1840 Virgilio
1028 1745 1333 1820 excellentissimo
1364 1741 1545 1842 poetam,
1576 1746 1640 1840 qui

469 1866 571 1962 lingit
596 1867 665 1940 boc
689 1866 736 1940 de
760 1867 873 1957 Enea,
899 1865 963 1960 qui
989 1865 1026 1940 in
1051 1865 1125 1942 vita
1151 1867 1335 1942 descendit
1365 1868 1412 1942 ad
1442 1869 1640 1961 internum,

470 1987 717 2082 metaphorice
732 1979 769 2080 (²)
787 1987 965 2083 intelligas
990 1987 1036 2061 ad
1061 1988 1306 2083 cognitionem
1328 1996 1367 2064 et
1387 1990 1639 2084 expulsionem

470 2106 653 2181 vitiorum.
681 2107 724 2180 Et
749 2097 858 2199 bicl³l
889 2114 975 2181 nota
1009 2107 1194 2201 quomodo
1226 2107 1321 2182 dicta
1351 2109 1551 2183 similitudo
1586 2115 1641 2182 est
1785 2156 1789 2162 -

469 2227 735 2322 propriissima:
762 2227 856 2301 sicut
887 2227 984 2302 onim
1017 2228 1134 2302 Eneas
1163 2229 1348 2304 descendit
1376 2230 1423 2303 ad
1455 2230 1639 2303 internum

469 2347 563 2422 duce
588 2347 734 2443 Sybllla,
760 2346 810 2420 ita
835 2346 970 2422 [lantes
994 2347 1156 2422 ascendit
1180 2349 1228 2422 ad
1257 2350 1393 2422 coelum
1424 2349 1519 2422 duce
1551 2349 1641 2423 Bea-

470 2467 577 2542 trice:
604 2471 642 2540 et
667 2465 761 2540 sicut
793 2467 909 2540 Encas
942 2467 1078 2562 reperit
1108 2475 1249 2562 patrem
1280 2490 1390 2543 suum
1425 2490 1564 2561 senem,
1592 2470 1641 2543 ita

470 2588 604 2662 [lantes
632 2587 766 2682 reperit
790 2586 984 2682 antiquum
1010 2587 1317 2683 praedecessorem
1344 2611 1466 2664 suum.
1486 2592 1528 2663 Et
1549 2591 1642 2664 sicut

471 2709 588 2782 Encas
615 2708 751 2802 reperit
777 2714 921 2803 patrem
948 2709 985 2780 ln
1010 2729 1140 2802 campo
1166 2729 1315 2784 amoeno
1332 2717 1369 2784 et
1386 2711 1581 2802 luminoso,
1606 2710 1642 2784 in

471 2849 547 2923 quo
572 2833 678 2902 erant
702 2828 836 2902 animae
862 2829 1020 2903 illustres
1046 2829 1214 2903 virorum
1231 2829 1436 2924 sapientum
1455 2839 1492 2905 et
1510 2833 1643 2926 probo-

472 2971 576 3044 rum;
602 2951 652 3024 ita
677 2949 810 3024 [lantes
837 2949 971 3044 reperit
996 2949 1105 3022 istum
1124 2970 1235 3023 suum
1254 2950 1432 3025 maiorem
1455 2952 1490 3024 in
1511 2971 1642 3045 campo

472 3070 731 3166 spatiosissimo
745 3058 795 3161 (⁸),
810 3069 893 3144 coeli
907 3067 1221 3144 delectabilissimo
1238 3075 1276 3144 et
1293 3069 1587 3163 luminosissimo,
1606 3070 1642 3143 in

474 3213 550 3286 quo
575 3197 660 3266 sunl
685 3190 818 3264 animae
843 3189 1012 3285 gloriosae
1037 3189 1387 3283 sapientissimorum
1410 3190 1642 3282 bellatorum,

475 3313 568 3388 sicut
593 3311 631 3385 in
656 3331 763 3406 spera
789 3309 922 3384 Martis.
944 3309 988 3382 lit
1008 3309 1101 3382 sicut
1118 3309 1291 3384 Anchises
1309 3309 1445 3404 recepit
1461 3311 1645 3385 lautissime

474 3435 612 3508 bucam
647 3429 708 3506 diu
746 3435 992 3524 expectatum,
1028 3428 1077 3502 ita
1111 3427 1351 3524 Caeciaguida
1381 3430 1645 3524 jocundissime

476 3551 610 3648 recepit
635 3552 791 3625 llantem
816 3549 878 3624 diu
905 3548 1163 3624 desideratum.
1182 3549 1228 3621 Et
1243 3549 1337 3622 sicut
1362 3548 1533 3622 dnclriscs
1552 3571 1645 3644 prae·

474 3674 566 3748 dixit
585 3675 694 3748 Eneae
713 3673 829 3745 multa
848 3670 984 3744 utiliter
1001 3690 1067 3764 per
1084 3689 1168 3763 quae
1186 3675 1281 3744 esset
1298 3672 1539 3764 praemunitus
1556 3692 1646 3745 con·

473 3796 535 3870 'tra
560 3813 738 3868 occursus
757 3790 1004 3882 inimicorum,
1023 3789 1072 3864 ila
1089 3789 1329 3888 Cacciaguida
1346 3791 1512 3885 praedixit
1531 3793 1646 3865 multa

475 3914 671 3990 salubriter
696 3913 814 4006 llanli,
840 3931 906 4007 per
931 3931 1015 4004 quae
1041 3917 1137 3985 esset
1161 3917 1371 4005 praecautus
1401 3917 1438 3985 et
1471 3911 1648 4005 praevisus

476 4041 604 4110 contra
630 4034 808 4128 impetum
824 4023 860 4124 (⁵)
886 4031 1129 4107 adversorum
1160 4035 1197 4105 et
1228 4029 1523 4104 adversariorum
1560 4052 1648 4105 suo-

478 4177 574 4250 rum,
601 4155 695 4230 sicut
719 4154 798 4228 baec
822 4152 947 4228 omnia
971 4153 1072 4226 clare
1093 4133 1270 4247 patebunt
1295 4151 1398 4225 inira.
1418 4151 1461 4223 ln
1478 4152 1528 4225 sic
1546 4161 1648 4246 potes

480 4275 707 4375 perpendere
740 4271 927 4368 quomodo
961 4279 1071 4348 autor
1103 4279 1228 4347 noster
1260 4272 1649 4367 circumspectissimus

476 4398 583 4474 scirit
607 4397 730 4472 lacere
755 4395 802 4470 de
825 4393 945 4468 alieno
970 4414 1094 4486 suum,
1120 4392 1219 4486 quod
1236 4399 1291 4466 est
1307 4391 1462 4484 difficile,
1483 4402 1522 4466 ut
1540 4400 1650 4467 lesta-

479 4526 540 4593 tur
572 4515 743 4592 lloratius
776 4515 814 4588 in
848 4533 916 4588 sua
944 4511 1096 4608 poetria.
1117 4551 1167 4564 -
1193 4515 1225 4585 0
1254 4516 1409 4603 conpari.
1441 4513 1505 4586 llic
1539 4521 1650 4588 autor

476 4637 650 4714 describit
674 4643 798 4710 actum
830 4634 908 4708 sire
939 4631 1142 4707 orationem
1173 4632 1524 4706 commendatoriam
1559 4635 1650 4708 Cac-

541 4867 569 4928 l¹l
586 4866 613 4917 S.
629 4871 775 4930 poetarum.
1122 4857 1151 4925 (¹)
1166 4861 1192 4911 S.
1208 4874 1224 4912 c
1240 4861 1272 4912 E.
1287 4861 1436 4912 mentaliter
1451 4862 1588 4926 intelligar.

542 4942 569 5006 (¹)
585 4943 616 4992 nt
633 4941 668 4992 lit
682 4942 724 4992 bic
740 4943 818 4992 ctiam
834 4940 987 4992 anundum.
1121 4937 1149 5001 (³)
1166 4937 1196 4990 lt.
1212 4939 1333 5001 sparton

542 5020 571 5083 (¹)
587 5019 618 5070 F..
635 5019 762 5082 impetum
778 5019 995 5071 adversariorum.
