4842 6642
771 892 909 947 cunnus
933 892 1125 947 vrassruus
1150 892 1316 958 omarus.
1558 882 1628 950 359

456 1044 591 1113 verunt
616 1037 743 1113 oculos
766 1036 917 1130 autoris,
938 1042 975 1110 et
1001 1035 1279 1130 inclinaverunt,
1297 1035 1391 1111 siout
1413 1036 1551 1111 dictum
1573 1043 1630 1112 est

455 1156 577 1253 paullo
597 1163 693 1231 anto.
707 1195 758 1211 -
770 1152 903 1231 Poiole'.
925 1155 991 1231 Hic
1016 1162 1126 1231 autor
1142 1156 1299 1231 ostendit
1316 1156 1503 1250 quomodo
1520 1157 1628 1231 Jaco-

457 1278 525 1353 bus
549 1276 769 1373 processerit
792 1276 838 1351 ad
865 1276 1173 1351 examinationem
1201 1275 1298 1369 eius3
1324 1282 1362 1350 et
1387 1276 1505 1371 primo
1527 1276 1628 1372 ponit

456 1397 535 1473 eius
568 1398 774 1492 exordium,
800 1396 930 1473 deinde
963 1397 1186 1493 petitionem.
1222 1396 1313 1471 Dicit
1344 1417 1435 1494 ergo
1469 1398 1627 1472 lacobus

456 1518 680 1613 persuadens
704 1519 845 1593 autori:
872 1514 999 1593 Poicte'
1022 1522 1056 1591 to
1081 1525 1203 1591 nosco
1227 1519 1463 1609 imperatore,
1481 1518 1629 1613 scilicet,
1655 1616 1659 1623 Ι

457 1638 565 1733 Deus,
592 1638 656 1732 qni
680 1639 780 1713 solus
804 1658 951 1733 semper
983 1644 1021 1713 et
1054 1637 1190 1731 ubique
1222 1641 1365 1732 regnat,
1391 1640 1473 1710 oaot
1503 1640 1564 1711 cte
1592 1645 1629 1711 tu

458 1763 481 1833 t'
493 1764 641 1853 offroott
660 1781 727 1852 per
750 1763 893 1853 marro,
907 1840 908 1845 Ν
922 1758 1024 1853 idest,
1050 1757 1217 1833 concedit
1241 1756 1305 1831 tibi
1336 1777 1383 1831 ex
1412 1758 1529 1854 gratia
1555 1758 1630 1832 sin·

458 1881 591 1976 gulari,
617 1881 716 1975 quod
743 1889 778 1956 te
803 1888 1002 1977 praesantes
1038 1886 1074 1953 et
1104 1877 1267 1972 loquaris
1297 1878 1389 1953 lacie
1413 1878 1460 1953 ad
1486 1879 1629 1974 laniem,

457 2003 511 2075 coi
533 2003 612 2075 emt
639 2005 750 2092 Cocli,
768 2000 871 2095 idest,
889 2000 965 2075 suis
988 1999 1229 2075 familiaribus
1247 2004 1285 2073 et
1301 1998 1452 2094 sanctis:
1474 2006 1512 2074 et
1531 2000 1629 2094 dicit,

456 2123 534 2194 nell
548 2124 634 2195 outa
653 2118 715 2213 piri
740 2129 886 2212 secreto,
913 2120 1015 2213 idest,
1041 2119 1144 2195 curia
1169 2118 1321 2212 coelesti,
1342 2138 1427 2211 quae
1453 2126 1507 2193 est
1527 2120 1631 2193 locus

457 2242 633 2318 secretior
658 2242 770 2338 ipsius
795 2241 1045 2337 imperatoris3
1063 2261 1149 2315 cum
1168 2240 1267 2314 enim
1286 2239 1384 2313 Deus
1408 2239 1454 2313 sit
1479 2240 1630 2337 ubique,

459 2369 582 2437 tumen
599 2362 726 2437 statuit
743 2363 809 2437 sibi
832 2363 954 2438 locum
968 2360 1149 2455 altiorem,
1164 2381 1239 2455 qno
1258 2358 1468 2436 ostenderet
1485 2382 1524 2435 se
1542 2382 1631 2435 oon-

459 2482 707 2578 templandum
736 2482 921 2580 spiritibus
944 2480 1118 2579 angelicis
1144 2488 1181 2555 et
1206 2481 1340 2574 beatis3
1366 2488 1403 2555 et
1424 2480 1528 2555 dicit:
1547 2484 1633 2554 anzi

457 2606 494 2676 lo
520 2612 642 2693 morte,
669 2603 771 2699 idest,
797 2603 918 2679 adhuc
943 2602 1070 2677 vivens
1096 2603 1280 2677 incarne.
1308 2602 1352 2675 Et
1378 2601 1493 2676 reddit
1518 2603 1631 2676 ratio·

460 2742 544 2797 nem
572 2723 681 2799 huius
707 2723 835 2821 gratiae
861 2742 1044 2798 concessae
1074 2721 1208 2815 autori,
1235 2721 1378 2796 dicens:
1408 2714 1437 2795 si
1462 2724 1522 2795 elic
1546 2743 1631 2795 con·

457 2847 564 2939 smte,
589 2844 693 2939 idest,
719 2844 951 2940 persuadeas,
977 2847 1015 2919 di
1038 2836 1091 2917 οἱὸ
1116 2845 1164 2916 to‘
1178 2863 1292 2937 mente
1316 2846 1375 2915 cte
1403 2838 1523 2935 tappet
1548 2844 1631 2918 dene

458 2966 662 3058 innumoro,
690 2964 792 3058 idest,
819 2986 903 3059 quae
928 2965 966 3039 in
992 2971 1092 3039 terra
1117 2963 1281 3039 accendit
1307 2963 1473 3037 animum
1499 2981 1629 3037 amoro

458 3084 536 3160 rori
563 3085 660 3178 boni,
684 3087 722 3160 tn
740 3092 771 3159 te
786 3093 820 3159 et
841 3089 879 3160 io
899 3088 1018 3179 moui,
1042 3084 1144 3178 idest,
1162 3084 1208 3159 ad
1227 3084 1384 3158 salutem
1411 3084 1465 3157 tui
1481 3091 1519 3158 et
1538 3082 1629 3158 alio·

459 3228 554 3300 rum,
583 3209 705 3281 oeduto
729 3209 757 3281 il
780 3228 842 3279 ver
866 3209 903 3281 dt
928 3214 1047 3298 questo
1063 3214 1170 3299 corte,
1195 3205 1297 3299 idest,
1315 3205 1461 3302 cognita
1481 3226 1630 3280 summa

459 3328 638 3403 lelieitate.
659 3328 702 3401 Et
720 3328 756 3401 in
773 3330 843 3403 troc
861 3334 962 3402 notat
982 3348 1131 3402 causam
1152 3326 1298 3402 linalem
1318 3326 1426 3401 huius
1445 3326 1567 3421 operis
1577 3318 1625 3419 (¹).

461 3488 511 3503 —
524 3450 581 3521 Di'
598 3450 685 3540 quet.
703 3446 768 3524 llic
793 3447 951 3523 lacobus
977 3446 1061 3522 lacit
1086 3468 1192 3522 suam
1212 3446 1422 3543 petitionem
1440 3446 1574 3540 autori,
1591 3452 1629 3521 et

459 3568 547 3665 petit
572 3568 653 3662 tria,
679 3567 825 3661 scilicet,
852 3566 940 3662 quid
965 3574 1021 3642 est
1045 3588 1138 3663 spes,
1165 3573 1202 3643 et
1225 3566 1411 3661 quomodo
1427 3567 1495 3642 ista
1513 3567 1629 3642 virtus

458 3695 513 3765 cst
537 3688 574 3761 in
600 3708 657 3781 eo,
683 3692 721 3763 ot
746 3686 843 3761 unde
870 3686 969 3761 venit
1002 3687 1048 3762 ad
1084 3707 1183 3762 eum.
1219 3686 1312 3762 Dicit
1341 3706 1452 3782 ergoz
1478 3690 1535 3760 Di’
1552 3689 1632 3779 puel
1742 3722 1745 3725 ⁴

458 3804 647 3898 cltellae,
674 3806 776 3900 idest,
803 3806 847 3881 da
873 3806 1119 3883 definitionem
1145 3807 1233 3903 spei,
1260 3810 1307 3882 dt
1324 3828 1419 3881 come
1450 3810 1488 3880 to
1520 3814 1630 3881 metue

458 3934 517 4003 too
541 3930 727 4020 s’iofiora,
753 3926 855 4020 idest,
880 3926 1068 4021 quomodo
1101 3928 1206 4002 lloret
1241 3933 1277 4002 et
1312 3926 1405 4001 viret
1435 3946 1516 4021 spo;
1543 3947 1629 4001 nam

457 4069 540 4145 spes
565 4066 662 4142 saepe
687 4046 871 4143 liguratur
896 4068 962 4144 per
985 4047 1207 4142 viredinem3
1228 4048 1325 4123 unde
1342 4047 1550 4143 Purgatorii
1566 4067 1630 4122 ca-

458 4170 596 4265 pitulo:
623 4174 758 4243 Merttre
791 4170 852 4242 cte
883 4172 920 4241 ta
950 4189 1129 4260 spmnnzo
1167 4170 1214 4241 lto
1247 4171 1319 4261 fior
1356 4170 1415 4242 del
1450 4172 1568 4259 verda
1593 4174 1632 4243 ct

457 4292 542 4369 alibi
567 4310 684 4387 saepe:
710 4312 729 4363 c
754 4292 800 4364 di’
818 4292 908 4363 node
925 4310 949 4363 o
966 4297 997 4362 te
1014 4310 1134 4379 venne,
1151 4288 1256 4381 idest,
1276 4308 1426 4364 causam
1445 4295 1519 4362 tute
1540 4287 1628 4383 spei.

458 4414 501 4487 Et
526 4410 698 4507 exprimit
724 4410 806 4505 quis
823 4408 933 4484 luerit
950 4417 1060 4483 antor
1078 4409 1232 4483 istorum
1253 4410 1466 4505 verborum,
1487 4407 1629 4483 dicens:

455 4535 655 4608 tlsecottdo
680 4534 782 4622 tome,
816 4529 962 4622 scilicet,
992 4529 1150 4604 lacobus
1185 4528 1401 4623 luminosus,
1430 4521 1528 4619 sapui
1557 4520 1629 4602 cosi

456 4672 606 4744 ancora,
633 4650 736 4744 idest,
763 4650 898 4725 iterum
917 4648 1081 4744 petivita
1100 4668 1172 4742 me,
1191 4649 1286 4725 sicut
1301 4648 1439 4723 dictum
1460 4655 1527 4742 est,
1542 4648 1629 4742 quia
1740 4697 1745 4708 ·

451 4776 530 4872 jam
548 4772 706 4848 lacobus
722 4771 899 4865 loquutus
919 4776 975 4845 est
995 4769 1050 4846 bis
1066 4769 1209 4863 autori3
1234 4768 1354 4864 primo
1375 4768 1523 4863 quando
1539 4767 1631 4843 dixit

519 5041 547 5105 (¹)
564 5041 595 5091 E.
611 5038 697 5103 operis
713 5038 800 5089 lolius.
812 5064 841 5073 -
852 5034 907 5086 Di.
