4842 6642
765 884 904 943 carrus
928 886 1122 943 vronsnrus
1146 888 1292 944 carrus.
1542 876 1613 946 ³85

441 1028 596 1123 dopcro
620 1033 794 1119 mlnralc,
813 1050 871 1103 mn
895 1038 1037 1129 morro-
1052 1034 1162 1107 tascie
1174 1038 1239 1127 poi
1251 1038 1334 1128 [arc
1351 1056 1375 1108 a
1392 1038 1451 1109 coi
1463 1036 1615 1109 secondo

439 1152 499 1225 cic
525 1154 556 1223 c’
570 1152 717 1242 albella,
743 1150 845 1244 idest,
871 1152 1076 1227 secundum
1103 1154 1201 1249 quod
1226 1155 1345 1249 placet
1379 1154 1495 1251 vobis,
1521 1154 1615 1231 sicul

440 1272 538 1367 qnod
555 1272 691 1347 vocetis
708 1290 840 1367 panem
868 1292 1015 1368 panem,
1031 1273 1157 1347 vinum
1177 1275 1315 1369 vinum,
1329 1282 1369 1351 et
1383 1274 1435 1349 ita
1454 1276 1500 1351 de
1515 1274 1613 1369 aliis;

440 1393 539 1468 unde
564 1392 732 1468 videmus
757 1392 803 1469 de
828 1392 924 1467 lacto
950 1392 1048 1487 quod
1074 1393 1155 1468 orbi
1179 1394 1218 1469 in
1242 1396 1407 1491 partibus
1430 1396 1540 1474 ltaliae
1558 1396 1613 1471 te-

440 1520 572 1589 oerunt
597 1514 693 1589 inter
716 1534 758 1587 se
783 1534 920 1587 novum
947 1513 1094 1609 idioma,
1117 1536 1193 1609 quo
1224 1514 1432 1613 intelligunt
1456 1538 1496 1592 se
1520 1516 1614 1591 inri-

440 1654 535 1728 oem,
553 1634 652 1729 quod
677 1634 884 1709 salmonem
910 1635 1280 1729 appellant-Pria.
1298 1637 1364 1711 llic
1380 1637 1496 1712 Adam
1521 1657 1612 1711 con-

442 1754 564 1829 tirmat
588 1755 726 1830 dictum
753 1776 862 1829 sunm
891 1775 957 1851 per
987 1754 1171 1849 ellectum,
1200 1756 1345 1831 dicens:
1377 1758 1478 1854 quod
1509 1759 1611 1834 nens

441 1876 568 1951 habuit
592 1876 735 1951 diversa
756 1874 903 1951 nomina
921 1876 1124 1951 secundum
1146 1876 1291 1951 diversa
1309 1883 1494 1975 tempora:
1515 1879 1611 1954 unde

439 1998 544 2073 dicit:
573 2001 604 2071 ll
626 2018 760 2071 somnio
785 2001 891 2089 Bene,
918 1996 1021 2091 idest,
1047 1998 1157 2089 Deus,
1181 2002 1273 2072 ande
1296 2005 1392 2074 aoene
1424 2004 1461 2073 la
1493 2004 1611 2077 tctizio

438 2121 721 2213 omniforme,
747 2117 848 2211 ideal,
880 2138 903 2192 a
937 2138 1013 2213 quo
1043 2119 1316 2195 summobono
1347 2120 1511 2217 procedit
1546 2121 1609 2195 lux

440 2242 520 2316 laeta
538 2262 622 2335 quae
639 2238 895 2314 circumcludit
916 2258 988 2332 me,
1006 2242 1051 2313 lit
1067 2242 1301 2333 cappellano,
1320 2241 1422 2335 idest,
1441 2241 1478 2315 in
1498 2247 1609 2335 terra,

438 2369 474 2437 el
499 2361 603 2436 dicit:
617 2362 703 2453 prio
727 2362 826 2433 clt’lo
849 2362 1021 2433 secndcsri
1045 2362 1105 2434 all
1117 2364 1274 2456 infernal
1296 2363 1488 2453 narbonia,
1507 2360 1608 2455 idest,

435 2480 643 2578 angustiam
662 2478 804 2571 interni,
822 2478 927 2574 quasi
943 2479 1055 2555 dicat:
1076 2502 1270 2577 usquequo
1292 2483 1365 2556 viri
1392 2482 1430 2557 in
1456 2482 1607 2557 mundo.

437 2605 480 2678 Et
510 2602 612 2678 dicit:
641 2604 715 2695 poi,
745 2600 891 2694 scilieet,
923 2608 1002 2696 post
1035 2601 1192 2697 primam
1227 2610 1374 2679 aetatem
1409 2623 1542 2698 meam,
1577 2606 1610 2677 si

436 2718 571 2800 cliomd
590 2726 655 2797 llll.
674 2721 844 2797 litteram
863 2720 899 2795 in
923 2722 1096 2797 hebraico
1113 2730 1168 2798 est
1185 2745 1302 2797 unum
1330 2724 1377 2800 de
1398 2719 1606 2800 nominibus

437 2848 513 2941 liei,
540 2853 577 2921 et
601 2842 733 2937 subdit,
759 2864 778 2915 c
801 2836 854 2916 eid
879 2846 1054 2937 coamens,
1083 2844 1184 2937 idest,
1210 2852 1356 2941 oportet
1380 2846 1491 2920 talem
1519 2866 1607 2917 mn·

282 3012 287 3020 ·
436 2968 610 3043 tationem
637 2983 727 3056 esse,
753 2958 825 3055 one,
851 2962 952 3056 idest,
979 2965 1078 3059 quia,
1108 2967 1207 3038 taso
1231 2968 1284 3039 dcl
1297 2969 1440 3039 mortali
1464 2957 1485 3038 c*
1507 2986 1605 3039 come

431 3090 567 3184 fronde
590 3087 628 3158 in
651 3104 769 3176 ramo,
797 3081 899 3175 idest,
935 3082 1121 3158 mutabilis
1153 3085 1255 3161 velut
1287 3085 1426 3179 lolium,
1455 3086 1515 3159 clte
1545 3105 1607 3157 sca

435 3230 481 3284 vo
506 3211 548 3282 ed
572 3209 666 3280 altra
690 3208 798 3296 mene,
825 3202 906 3278 ideo
931 3203 1025 3278 bene
1050 3203 1229 3280 debemus
1248 3206 1299 3279 uti
1320 3204 1505 3279 vocabulis
1529 3204 1606 3278 nsi·-

298 3362 299 3365 ¹
435 3330 527 3404 tatis.
550 3326 651 3403 Unde
669 3326 790 3400 Caesar
811 3321 849 3397 in
869 3323 1057 3421 analogia:
1076 3325 1233 3399 insciens
1250 3331 1320 3401 elo.
1334 3365 1384 3379 -
1398 3328 1465 3398 Ncl
1478 3333 1604 3398 monte.

432 3450 497 3525 llic
528 3448 657 3523 ultimo
686 3445 801 3520 Adam
834 3444 1028 3540 respondet
1058 3444 1229 3519 secundae
1261 3444 1434 3540 petitioni,
1467 3444 1604 3518 scilicet

433 3579 612 3669 quantum
631 3567 728 3643 stetit
746 3566 781 3639 in
799 3565 966 3660 paradiso
979 3564 1192 3640 deliciarum
1205 3591 1214 3637 :
1228 3574 1265 3641 et
1282 3564 1444 3641 breviter
1461 3572 1496 3640 et
1513 3585 1603 3640 sen·

432 3690 628 3768 tentialiter
656 3708 730 3762 non
756 3686 835 3760 vult
859 3685 957 3760 aliud
983 3684 1105 3761 dicere
1131 3685 1197 3759 nisi
1229 3683 1327 3779 quod
1357 3684 1454 3758 stetit
1479 3684 1516 3757 in
1543 3684 1604 3758 illo

432 3812 599 3910 paradiso
613 3830 676 3885 sex
697 3807 798 3882 lroris
815 3806 1014 3901 completis,
1029 3806 1163 3881 scilicet
1180 3806 1227 3879 ab
1245 3806 1336 3879 hora
1348 3804 1466 3900 prima
1482 3826 1603 3900 usque

432 3935 478 4010 ad
503 3937 662 4024 sertam3
690 3927 789 4024 quod
813 3926 971 4023 spatium
993 3926 1167 4001 assimilat
1191 3924 1241 3999 illi
1267 3924 1523 4019 termin0,.qui
1548 3924 1605 3998 di·

433 4053 520 4128 vidit
544 4058 715 4146 quartam
742 4046 958 4122 orientalem
984 4066 1007 4120 a
1033 4053 1165 4140 quarta
1191 4044 1404 4122 occidentali
1420 4045 1456 4118 in
1475 4050 1602 4119 nostro

431 4170 650 4267 hemisperio
679 4167 870 4263 superiori,
902 4187 1014 4261 quem
1048 4171 1227 4261 punctum
1259 4166 1387 4241 transit
1418 4165 1602 4259 completa

431 4296 522 4369 hora
548 4300 662 4367 sexta.
689 4290 772 4363 Dies
803 4287 900 4364 enim
932 4287 1107 4360 naturalis
1139 4286 1203 4381 qui
1237 4285 1397 4360 eontinet
1431 4283 1529 4359 diem
1565 4290 1602 4357 et

430 4420 574 4489 noctem
600 4414 741 4487 constal
767 4429 813 4483 ex
840 4406 964 4503 viginti
992 4415 1152 4501 quatuor
1178 4405 1288 4500 horis,
1311 4412 1348 4479 el
1373 4404 1483 4479 habet
1508 4422 1604 4497 qua·

429 4540 515 4608 tuor
547 4538 709 4625 quartas,
745 4548 904 4624 quarum
931 4527 1103 4621 quaelibet
1128 4527 1238 4602 habet
1269 4548 1334 4601 sen
1360 4527 1483 4600 horas.
1510 4521 1603 4597 llicit

427 4675 533 4752 ergo:
560 4658 600 4727 lo
628 4654 679 4747 [α’
697 4652 755 4725 nel
778 4656 905 4740 monte,
931 4648 1077 4741 scilicet,
1095 4647 1132 4721 in
1148 4646 1317 4742 paradiso
1339 4644 1515 4737 terrestri,
1536 4642 1600 4738 qui

426 4783 480 4851 est
506 4775 542 4847 in
568 4772 763 4847 cacumine
797 4768 929 4843 montis
962 4766 1185 4863 purgatorii3
1222 4766 1319 4842 unde
1356 4764 1455 4839 dicit:
1485 4766 1600 4838 clrcsi

428 4901 505 4973 leno
525 4890 588 4988 piri
613 4895 696 4966 dalt'
711 4894 821 4984 ando,
841 4890 927 4985 quia
948 4896 1003 4964 est
1025 4888 1134 4963 altior
1158 4889 1262 4962 locus
1287 4893 1409 4979 terrae,
1436 4890 1478 4958 ul
1502 4904 1599 4979 saepc

429 5016 545 5116 patuit
570 5016 606 5089 in
638 5011 848 5110 Purgatorii
874 5010 978 5105 libro,
1006 5008 1166 5084 maxime
1196 5008 1294 5085 circa
1322 5007 1452 5101 linem3
1479 5015 1517 5082 et
1547 5007 1602 5082 di-

565 5154 591 5202 r.
1443 5148 1470 5192 o
