4842 6642
907 839 1047 896 CANTUS
1073 839 1242 895 bacmos.
1615 828 1663 900 45

491 1004 603 1081 quam
636 984 682 1058 de
708 983 911 1075 Ambrosio,
937 991 975 1060 et
1005 984 1089 1059 lioel
1115 987 1209 1061 lortc
1234 991 1343 1060 autor
1368 987 1588 1064 intellexerit
1619 990 1666 1064 de

489 1105 629 1200 Oresio,
659 1105 720 1180 cui
752 1104 819 1178 luit
846 1103 932 1178 satis
962 1104 1160 1199 familiaris,
1188 1112 1232 1178 ul
1263 1106 1436 1201 perpendi
1464 1129 1508 1181 ex
1542 1109 1666 1182 multis

489 1226 592 1301 dictis
616 1225 715 1318 eius;
741 1231 866 1300 tamen
891 1226 1024 1299 melius
1050 1231 1104 1300 est
1130 1226 1230 1320 quod
1256 1226 1481 1323 intelligatur
1505 1229 1552 1304 de
1576 1229 1665 1308 bm-

489 1347 623 1441 brosio,
649 1345 735 1441 quia
761 1346 844 1421 licet
869 1345 1019 1420 Orosius
1044 1347 1155 1420 luerit
1177 1345 1233 1419 vir
1251 1347 1377 1421 valeus
1400 1354 1439 1422 et
1465 1348 1573 1442 utilis,
1591 1370 1664 1423 uon

490 1475 613 1544 tamen
643 1467 738 1541 bene
769 1466 864 1540 cadit
895 1467 930 1539 in
971 1468 1037 1540 ista
1075 1486 1211 1542 corona
1252 1467 1347 1542 inter
1381 1473 1455 1543 tam
1495 1469 1665 1566 egregios

489 1591 667 1664 doctores.
683 1628 732 1642 -
749 1591 814 1678 Or,
831 1609 869 1660 se
884 1596 930 1662 tu.
957 1588 1022 1662 Hic
1043 1588 1200 1671 Thomas
1222 1589 1340 1662 reddit
1354 1598 1525 1665 autorem
1544 1596 1664 1664 atten-

490 1719 570 1785 tum
596 1709 642 1783 ad
667 1708 965 1794 considerandam
992 1708 1101 1783 aliam
1128 1708 1289 1782 animam
1315 1709 1596 1784 illustrissimam
1619 1710 1664 1783 il-

491 1833 560 1907 lius
585 1849 742 1922 coronae,
768 1829 913 1904 dicens:
946 1833 1011 1918 Or,
1027 1851 1065 1904 se
1082 1836 1117 1902 tu
1135 1832 1232 1902 trum
1247 1831 1269 1901 t
1282 1831 1401 1902 ocello
1427 1833 1520 1904 dello
1536 1839 1661 1922 mute,
1729 1889 1732 1894 .

491 1953 592 2046 idest,
619 1952 648 2026 si
675 1958 715 2026 tu
741 1950 907 2025 ordinate
937 1949 1087 2024 deducis
1118 1950 1269 2023 oculum
1302 1950 1596 2046 intellectualem,
1625 1955 1664 2028 di

490 2077 563 2148 lucc
586 2076 623 2146 ia
647 2075 733 2162 lnce,
759 2071 860 2164 idcst,
887 2071 934 2144 de
960 2091 1032 2144 una
1058 2069 1181 2143 anima
1208 2068 1327 2143 lucida
1353 2071 1390 2143 in
1410 2071 1532 2164 aliam,
1550 2074 1662 2144 dictro

488 2197 556 2268 ulte
581 2195 647 2267 mle
672 2195 762 2281 lude,
787 2212 891 2285 quas
918 2189 1063 2284 scillcet,
1085 2191 1164 2286 jam
1190 2190 1257 2264 loci
1282 2190 1329 2264 de
1354 2197 1494 2286 septem
1519 2192 1663 2266 auima-

488 2313 568 2408 buS,
593 2303 654 2404 yid
679 2314 756 2386 delt'
770 2318 888 2384 nuova
913 2332 978 2384 coo
1003 2317 1071 2384 sete
1094 2312 1240 2402 rimant,
1267 2310 1371 2403 idest,
1401 2332 1488 2386 cum
1521 2311 1663 2386 deside

489 2433 543 2508 rio
569 2431 703 2507 sciendi
722 2451 805 2525 quae
827 2431 946 2504 luerit.
961 2435 1094 2504 —Per
1112 2434 1227 2504 muer.
1246 2431 1351 2506 Nunc
1367 2432 1527 2506 Thomas
1546 2431 1662 2527 expli-

487 2561 546 2629 cat
571 2573 655 2648 quae
681 2552 791 2627 luerit
807 2551 867 2624 illa
884 2551 1007 2625 anima
1025 2558 1165 2624 octava.
1190 2550 1244 2625 hd
1261 2553 1369 2626 cuius
1384 2551 1659 2648 intelligentiam

487 2681 542 2750 est
561 2673 838 2770 praesciendum,
861 2670 958 2764 quod
983 2671 1052 2744 iste
1077 2671 1225 2745 Boetius
1251 2677 1367 2744 totum
1395 2671 1519 2746 scibile
1535 2671 1657 2746 scivit:

487 2798 525 2870 in
551 2795 721 2870 omnibus
747 2793 844 2866 enim
871 2791 1081 2866 liberalibus
1108 2797 1175 2866 etc.
1203 2793 1309 2866 Nunc
1333 2791 1380 2868 ad
1401 2793 1545 2867 literam
1563 2793 1660 2866 Tho-

489 2937 568 2991 mas
586 2913 757 2990 describit
774 2913 883 2985 istum
899 2931 1088 3004 nunquam
1103 2912 1189 2986 satis
1203 2911 1392 2986 laudatum
1408 2912 1543 3006 virum,
1558 2911 1660 2987 vide·

488 3037 571 3111 licet
587 3056 609 3110 a
627 3035 817 3108 sanctitate
830 3033 961 3126 vitae,a
979 3031 1173 3128 singularis
1191 3031 1313 3126 operis
1329 3032 1597 3126 compilatione,
1609 3033 1659 3106 ab

487 3155 582 3232 exilii
598 3155 863 3250 relegatione,a
880 3159 1042 3246 morte,a
1055 3152 1254 3246 sepultura.
1266 3151 1358 3225 Dicit
1372 3172 1462 3248 ergo
1473 3176 1482 3224 ε
1495 3155 1660 3225 r’antma
1788 3170 1790 3172 ·

484 3285 602 3368 sunto,
628 3273 926 3368 scilieetBoetii,
952 3275 987 3347 oi
1005 3275 1096 3363 pode
1120 3274 1258 3365 dentre,
1278 3272 1425 3367 scilicet,
1448 3273 1543 3348 inter
1559 3274 1659 3347 illam
1760 3291 1763 3297 ’
1910 3299 1927 3330 ·

485 3398 619 3490 lucem,
642 3418 708 3490 per
733 3397 837 3468 oedcr
862 3397 946 3486 opat
970 3393 1047 3482 herr,
1074 3393 1176 3486 idest,
1208 3413 1321 3468 causa
1357 3393 1499 3467 videndi
1525 3394 1657 3487 Deum,

486 3519 549 3615 qui
576 3521 630 3592 est
654 3535 766 3590 omne
791 3515 952 3607 bonum3
978 3520 1015 3587 ot
1045 3513 1153 3587 dicit:
1185 3515 1246 3586 che
1261 3516 1287 3586 ’t
1315 3517 1445 3588 mondo
1467 3517 1596 3608 suttace
1612 3516 1659 3606 su

485 3641 680 3731 manifesto,
709 3629 894 3726 scilicetd)
922 3635 960 3707 in
986 3634 1079 3708 libro
1105 3634 1151 3709 de
1177 3635 1444 3727 Consolatione,
1464 3655 1577 3727 quern
1598 3635 1658 3707 ul-

484 3761 575 3833 timo
606 3757 814 3852 compilavit
847 3763 1014 3850 tempore
1039 3753 1136 3828 exilii
1169 3761 1206 3829 et
1231 3754 1474 3828 damnationis
1499 3775 1588 3828 suae.
1616 3754 1657 3828 ln

485 3901 560 3975 quo
586 3877 734 3971 quidem
761 3877 854 3950 libro
881 3876 1010 3970 probat
1035 3894 1119 3968 quae
1144 3874 1190 3948 sit
1216 3875 1306 3948 salsa
1331 3875 1492 3969 felicitas,
1510 3882 1548 3949 et
1572 3895 1658 3968 quae

487 4021 595 4091 vera3
622 4005 659 4072 et
684 3997 870 4091 quomodo
896 3997 1112 4091 temporalia
1139 3995 1290 4071 lortuita
1308 4016 1380 4069 non
1399 4002 1550 4090 possunt
1567 4015 1657 4069 con-

487 4121 584 4195 ferre
609 4118 871 4194 beatitudinem
899 4117 1049 4210 homini,
1076 4117 1191 4190 immo
1225 4112 1345 4211 potius
1371 4116 1508 4191 iaciunt
1536 4115 1655 4209 ipsum

486 4241 684 4333 intelicem3
713 4247 749 4314 et
773 4238 882 4312 dicit:
902 4259 926 4310 α
943 4241 997 4311 clu·
1013 4241 1050 4311 di
1067 4241 1110 4310 tei
1126 4238 1188 4310 herr
1207 4241 1286 4330 ode,
1314 4237 1416 4331 idest,
1434 4236 1563 4329 siquis
1587 4255 1658 4309 au-

487 4361 588 4436 ribus
614 4358 746 4434 mentis
772 4359 867 4436 boue
892 4363 993 4432 notet
1013 4357 1108 4431 dicta
1134 4358 1216 4432 eius
1238 4357 1383 4430 animae.
1398 4359 1510 4427 -Lo
1535 4376 1655 4446 corpo,

484 4482 550 4558 llic
574 4482 733 4554 Thomas
758 4478 874 4574 tangit
898 4477 1061 4570 exilium,
1089 4483 1248 4551 mortem
1274 4482 1313 4552 et
1336 4475 1576 4571 sepulturam.
1603 4475 1656 4548 Ad

484 4603 589 4679 cuius
609 4599 829 4676 evidentiam
856 4606 912 4674 est
936 4597 1201 4694 praesciendum
1221 4597 1320 4692 quud
1338 4597 1486 4673 Boetius
1501 4596 1658 4671 damua-

484 4729 544 4798 tus
569 4744 591 4797 a
616 4719 841 4797 Theudorico
867 4739 955 4817 rege
979 4720 1191 4816 gothorum,
1218 4724 1260 4792 ut
1284 4717 1422 4792 dictum
1448 4725 1515 4812 est,
1533 4719 1658 4792 trahe-

546 4983 574 5047 (¹)
591 4983 622 5034 E.
637 4983 735 5034 scilicet
751 4984 804 5047 ipse
819 4983 925 5034 Boetius
940 4983 967 5033 iu
982 4983 1052 5035 libro
1067 4997 1115 5033 ruo
1131 4983 1162 5033 de
1178 4981 1367 5034 Comulnhone.
