4842 6642
787 864 925 919 canrus
951 864 1107 921 uncinus
1132 865 1326 920 SECUNDUS·
1595 857 1640 922 77

468 1021 567 1106 stro;
595 1010 693 1088 unde
717 1011 826 1085 dicit:
853 1013 891 1084 di
913 1013 975 1084 cte
1003 1017 1150 1104 Europa
1179 1014 1212 1084 st
1240 1014 1324 1085 oede
1353 1016 1524 1105 moestae,
1551 1014 1644 1089 idest

468 1131 667 1227 exquibus
688 1132 839 1206 novellis
864 1130 1052 1206 frondibus
1072 1137 1173 1206 terra
1191 1131 1400 1226 revestitur,
1419 1154 1503 1226 qnae
1520 1134 1643 1209 luerat

467 1253 617 1349 spoliata
636 1258 804 1348 tempore
829 1252 972 1348 hyemis
993 1252 1029 1326 iu
1049 1253 1208 1347 Europa,
1228 1271 1312 1345 quae
1338 1258 1394 1326 est
1418 1255 1641 1348 pulcerrima

468 1396 551 1472 pars
576 1374 686 1448 orbis.
713 1372 757 1446 nt
781 1372 919 1446 subdit:
944 1393 1019 1446 oon
1044 1377 1149 1446 molto
1168 1376 1268 1464 inopi
1292 1375 1332 1446 ol
1357 1381 1541 1465 percuoter·
1570 1376 1642 1447 del-

468 1499 607 1586 tonde,
634 1495 736 1589 idest,
762 1514 947 1588 aquarum
967 1493 1079 1568 maris
1094 1494 1230 1569 Oceani
1256 1493 1355 1589 quod
1372 1493 1484 1590 cingit
1502 1500 1640 1568 terram

469 1625 506 1694 et
522 1615 696 1692 terminat
713 1614 827 1708 ipsam
843 1613 1062 1708 Hispaniam,
1077 1613 1139 1688 ubi
1154 1613 1207 1688 sol
1225 1613 1310 1688 lacit
1326 1634 1497 1688 occasum
1511 1633 1641 1706 suum3

471 1737 569 1813 unde
592 1735 700 1812 dicit:
727 1737 838 1808 diclro
863 1736 931 1808 olle
956 1736 1064 1828 puali,
1093 1733 1185 1808 idest
1208 1742 1290 1830 post
1306 1756 1399 1828 quas
1419 1734 1536 1810 undas
1561 1755 1641 1808 ma·
1759 1732 1761 1735 ’

472 1858 580 1950 rinas,
607 1859 641 1930 lo
674 1856 730 1928 sol
753 1857 896 1926 talvolta
919 1857 951 1928 st
975 1857 1152 1928 nascende
1186 1857 1236 1928 ad
1266 1859 1351 1947 opni
1379 1875 1474 1946 nom,
1504 1861 1542 1928 et
1575 1874 1642 1928 no-

471 1984 590 2052 tanter
603 1975 697 2069 dicit,
713 1995 737 2047 o
753 1977 838 2066 opni
853 1996 948 2066 nom,
966 1975 1053 2069 quia
1071 1975 1125 2050 sol
1142 1982 1341 2070 antequam
1364 1975 1514 2051 omnino
1533 1975 1642 2050 saciat

469 2116 641 2172 occasum
672 2115 783 2168 suum
802 2095 889 2170 latet
906 2095 1093 2188 paullatim
1121 2115 1220 2169 nunc
1237 2095 1313 2168 istis
1334 2115 1432 2169 nunc
1452 2095 1532 2188 illis,
1555 2094 1642 2190 quia

469 2237 541 2292 nox
569 2215 609 2290 lit
636 2215 673 2288 in
701 2215 800 2290 lndia
824 2222 1022 2308 antequam
1050 2215 1096 2288 sit
1121 2237 1274 2311 vespera
1292 2216 1327 2288 in
1345 2215 1586 2310 Hierusalem,
1606 2226 1644 2292 et

470 2337 519 2412 ita
549 2337 595 2411 de
622 2337 710 2410 aliis.
738 2337 808 2412 Sed
834 2336 981 2429 quando
1008 2335 1071 2408 ivit
1096 2336 1165 2409 sub
1190 2343 1329 2410 terram
1360 2337 1531 2429 totaliter,
1555 2343 1644 2410 tunc

470 2459 612 2532 colatur
633 2456 804 2530 omnibus
821 2455 1068 2530 habitantibus
1084 2455 1122 2528 in
1140 2456 1320 2552 superiori
1338 2455 1556 2551 hemisperio
1574 2475 1642 2529 no-

470 2583 570 2670 str03
597 2583 634 2652 et
658 2576 767 2651 dicit:
790 2599 857 2670 per
883 2579 919 2650 la
943 2579 1051 2668 lunpo
1072 2578 1174 2670 sopa,
1201 2576 1302 2671 idest,
1324 2582 1472 2672 propter
1489 2577 1642 2672 longum

469 2719 622 2774 cursum
648 2717 759 2792 quem
787 2697 871 2771 lacit
904 2696 957 2770 sol
988 2702 1186 2791 antequam
1221 2697 1348 2771 redeat
1379 2696 1426 2771 ad
1460 2696 1643 2791 hemispe-

471 2817 568 2891 rium
597 2823 774 2891 nostrum.
801 2816 845 2889 Et
862 2815 983 2889 subdit
999 2815 1098 2910 quod
1115 2816 1208 2891 dicta
1227 2823 1328 2891 terra
1344 2817 1525 2913 descripta
1541 2817 1643 2892 sedet

471 2937 541 3012 sub
570 2936 797 3030 protectione
832 2935 927 3031 regis
953 2936 1128 3030 Castellae,
1156 2957 1268 3030 quem
1297 2937 1469 3012 describit
1500 2936 1548 3013 ab
1580 2959 1643 3011 ar-

473 3061 618 3138 matura
644 3076 722 3129 sua.
749 3054 850 3129 Unde
875 3054 985 3129 dicit:
1010 3061 1099 3128 sotto
1124 3059 1160 3128 ln
1179 3060 1378 3149 protectore,
1397 3057 1499 3151 idest,
1516 3056 1643 3130 delen·

470 3175 573 3250 sione
602 3183 638 3255 et
667 3174 946 3271 gubernatione,
980 3178 1039 3249 del
1064 3179 1203 3266 proinde
1230 3180 1351 3269 sendo,
1385 3176 1486 3271 idest,
1520 3177 1640 3272 magni

471 3296 567 3392 regis
592 3294 770 3388 Castellae‚
794 3296 833 3366 in
858 3296 918 3367 obe
943 3297 972 3368 il
994 3297 1085 3368 lione
1108 3299 1272 3387 coppiacc
1292 3319 1311 3370 e
1329 3302 1515 3390 soppiopo,
1540 3297 1643 3391 idest,

471 3417 507 3490 in
532 3437 608 3510 ouo
635 3421 740 3490 scuto
766 3417 824 3490 leo
850 3422 905 3488 est
931 3415 1098 3509 superior
1120 3422 1157 3491 et
1182 3415 1343 3490 interior.
1361 3417 1422 3492 Est
1442 3417 1539 3492 enim
1559 3437 1643 3491 scu·

471 3544 549 3611 turn
575 3535 734 3609 divisum
761 3534 797 3608 in
823 3540 985 3628 quatuor
1004 3535 1210 3628 quarteria:
1231 3537 1268 3608 in
1292 3557 1368 3610 uno
1391 3536 1573 3633 superiori
1589 3543 1644 3611 est

473 3677 568 3732 unus
594 3657 664 3748 leo,
690 3660 728 3729 et
753 3675 869 3728 unum
892 3654 1081 3728 castellum
1108 3656 1145 3729 in
1170 3657 1266 3751 alio,
1293 3656 1329 3730 in
1355 3658 1463 3732 tertio
1483 3657 1644 3731 interiori

471 3777 540 3851 sub
566 3777 672 3852 leone
699 3782 754 3850 est
780 3794 896 3849 unum
924 3775 1127 3869 castellum,
1149 3776 1186 3849 in
1204 3777 1276 3851 alio
1293 3777 1455 3852 interiori
1471 3798 1569 3852 unus
1585 3777 1643 3852 leo

471 3899 540 3972 sub
566 3896 714 3972 castello
740 3902 808 3970 etc.
827 3935 876 3949 -
896 3901 1040 3992 Deruro
1075 3895 1140 3970 llic
1172 3897 1431 3973 Bonaventura
1463 3898 1643 3992 descripto

471 4019 553 4092 loco
578 4016 727 4112 originis
751 4015 942 4110 Dominici,
969 4036 1068 4090 nunc
1100 4015 1271 4091 describit
1302 4017 1422 4112 ipsum
1454 4039 1475 4094 a
1507 4018 1643 4092 virtute

471 4159 551 4230 sua,
568 4137 711 4212 dicens:
730 4140 944 4210 L’omoroso
969 4139 1098 4227 dudo,
1116 4136 1207 4213 idest
1224 4138 1447 4233 Dominicus,
1467 4145 1564 4212 totns
1579 4157 1643 4212 ac·

472 4277 603 4333 census
627 4251 757 4331 a'more
782 4257 954 4350 caritatis,
988 4260 1022 4330 oi
1050 4275 1182 4350 nocpne
1206 4260 1345 4349 dentro,
1376 4258 1478 4350 idest,
1513 4257 1551 4330 in
1583 4255 1643 4331 illa
1778 4313 1781 4320 .

471 4379 661 4472 Calaroga,
681 4375 752 4470 ille,
774 4375 867 4470 dico,
893 4379 922 4448 il
942 4384 1044 4450 sont>
1069 4381 1185 4468 odem,
1203 4377 1295 4452 idest
1321 4378 1432 4474 pugil,
1449 4380 1542 4451 dello
1563 4378 1643 4470 sede

470 4499 641 4572 octana
649 4521 664 4590 ;
683 4495 750 4570 luit
768 4497 864 4570 enim
884 4497 987 4570 tortis
1005 4503 1187 4593 pugnator
1204 4496 1301 4591 fidei,
1314 4504 1504 4591 tamquam
1522 4496 1643 4591 hispa-

472 4638 554 4711 nus,
573 4617 637 4711 qui
658 4624 745 4691 sunt
770 4618 988 4693 naturaliter
1014 4617 1172 4692 bellicosi
1199 4624 1235 4694 et
1260 4617 1344 4692 duri
1368 4617 1415 4693 ad
1441 4618 1587 4694 labores
1607 4624 1644 4692 et

472 4737 716 4812 incommoda.
731 4736 834 4812 Unde
850 4737 955 4812 dicit:
977 4738 1125 4830 beniprro
1142 4740 1275 4829 o’mot,
1287 4737 1423 4812 scilicet
1436 4737 1532 4812 veris
1544 4736 1651 4812 chri--

474 4857 608 4950 stianis,
626 4865 660 4930 et
674 4860 708 4929 o’
718 4861 835 4932 nimici
851 4861 974 4950 oudo,
987 4858 1133 4953 scilicet,
1145 4858 1335 4934 baereticis.
1349 4898 1400 4912 -
1411 4864 1559 4932 Econre.
1577 4856 1642 4930 llic

474 4980 732 5053 bonaventura
753 4978 924 5054 describit
949 4979 1067 5074 prima
1091 4979 1313 5055 incunabula
1344 4977 1488 5054 virtutis
1515 4976 1641 5052 Domi-
