4842 6642
784 865 856 935 308
1175 879 1380 936 conburunt
1406 879 1571 972 rsnnnrsr

784 1025 879 1100 sicut
903 1031 941 1099 et
966 1030 1101 1099 caetera
1125 1024 1240 1122 signa,
1267 1032 1322 1100 est
1346 1029 1589 1122 aggregatum
1608 1046 1655 1100 en
1674 1027 1798 1102 multis
1823 1025 1955 1102 stellis:

781 1150 925 1221 constat
950 1143 1048 1221 enim
1075 1164 1122 1220 ex
1136 1139 1175 1236 (¹)
1206 1145 1321 1241 dictis,
1348 1151 1387 1222 et
1410 1143 1514 1221 dicit:
1540 1167 1562 1220 o
1592 1150 1757 1241 ymmone,
1788 1148 1868 1224 *ab
1903 1147 1957 1222 el-

781 1266 892 1360 lectu,
919 1265 1005 1360 qnia
1031 1263 1168 1339 iaciunt
1193 1265 1361 1342 homines
1384 1265 1596 1362 gloriosos*
1610 1259 1669 1362 (²);
1695 1268 1794 1344 unde
1810 1267 1956 1343 dicit:o

780 1390 871 1461 inme
891 1407 1029 1478 prepno
1052 1387 1092 1460 di
1113 1405 1210 1478 prore
1240 1381 1345 1477 vird,
1375 1385 1463 1480 quia
1494 1385 1641 1482 scilicet,
1673 1387 1758 1463 iacit
1787 1387 1955 1463 bomines

780 1506 943 1581 literatos
960 1515 998 1579 et
1011 1505 1229 1601 ingeniosos.
1246 1505 1290 1580 Et
1311 1505 1414 1582 dicit:
1430 1509 1494 1580 dol
1513 1509 1598 1599 qual
1612 1510 1648 1581 io
1669 1509 1852 1582 mommsen
1870 1513 1953 1582 otto

780 1631 808 1700 il
830 1628 901 1700 mio
924 1628 1089 1718 inpepno,
1116 1629 1202 1718 puel
1223 1628 1284 1700 etc
1307 1627 1340 1698 si
1367 1628 1445 1720 stu;
1474 1625 1567 1701 idest
1591 1627 1866 1721 qualecumque
1895 1627 1951 1720 sit,

723 1750 726 1755 '
781 1746 867 1842 quia
881 1746 966 1821 nolo
985 1746 1104 1840 ipsum
1123 1746 1286 1821 laudare.
1298 1745 1342 1820 lit
1354 1745 1413 1821 hic
1427 1753 1512 1822 nota
1526 1746 1622 1823 bene
1639 1747 1825 1842 quomodo
1840 1751 1951 1822 autor

783 1866 891 1941 tacite
917 1865 996 1938 vult
1020 1865 1226 1960 ostendere,
1253 1865 1351 1960 quod
1376 1885 1500 1941 causae
1524 1866 1706 1960 secundm,
1733 1865 1868 1942 scilieet
1894 1865 1950 1940 in-

780 1985 940 2062 lluentiae
964 1986 1047 2060 coeli
1073 1985 1270 2060 conterunt
1286 1986 1352 2060 sibi
1369 1986 1641 2080 dispositionem
1658 1992 1694 2062 et
1712 1985 1950 2083 aptitudinem

779 2108 825 2182 ad
842 2107 1029 2183 scientiam
1052 2107 1258 2202 litteralem,
1273 2107 1358 2202 qnia
1377 2107 1440 2202 qni
1458 2107 1568 2182 babet
1583 2107 1719 2204 gemini
1736 2105 1954 2204 pro'uscen-

779 2227 890 2302 dente
915 2227 1132 2301 naturaliter
1158 2234 1214 2302 est
1240 2223 1461 2324 ingeniosus,
1479 2234 1517 2302 et
1537 2226 1699 2304 maxime
1724 2227 1872 2322 quando
1898 2228 1951 2304 sol

780 2355 836 2422 est
860 2347 898 2419 in
923 2367 969 2422 eo
993 2346 1113 2442 signo.
1145 2347 1205 2421 Sol
1232 2347 1330 2421 enim
1357 2346 1440 2422 iacit
1466 2346 1685 2424 excellentes
1710 2347 1891 2443 sapientes
1907 2349 1954 2423 'et

783 2487 936 2563 magnos
970 2467 1152 2561 doctores,
1176 2467 1272 2542 sicut
1295 2467 1523 2544 declaratum
1555 2473 1610 2544 est
1638 2488 1750 2563 supra
1780 2468 1887 2564 plene
1915 2468 1952 2542 in

783 2592 940 2663 tractatu
966 2587 1124 2663 desole.
1150 2587 1253 2662 Unde
1279 2585 1416 2662 subdit:
1449 2590 1576 2681 pucati,
1606 2587 1752 2682 scilicet,
1778 2589 1843 2684 sol,
1870 2586 1955 2664 ct’e'

777 2709 896 2800 padre
920 2710 955 2780 d'
968 2711 1054 2800 opert
1078 2711 1210 2782 mortct
1234 2711 1318 2799 uta,
1344 2708 1445 2799 idest
1464 2708 1527 2802 qui
1545 2715 1601 2784 est
1616 2717 1814 2805 generator
1834 2709 1953 2784 omnis

785 2827 950 2902 mortalis
967 2828 1408 2923 visontionensem
1425 2834 1462 2904 et
1481 2827 1701 2925 vegetabilis,
1718 2849 1870 2922 nataeve
1886 2851 1953 2906 core

783 2950 854 3039 coi,
879 2947 982 3042 idest,
1008 2948 1198 3024 oriebatur
1224 2949 1260 3022 in
1285 2948 1389 3045 signo
1414 2949 1648 3045 geminorum
1675 2951 1950 3044 superterram

784 3070 822 3143 in
852 3068 1073 3165 hemisperio
1103 3076 1242 3164 nostro,
1273 3091 1293 3144 e
1321 3072 1562 3144 s'cscoodcvu
1586 3088 1703 3160 oosco,
1728 3068 1831 3162 idest,
1857 3069 1954 3144 occi-

781 3191 891 3266 debat
915 3191 1081 3266 similiter
1106 3191 1144 3266 in
1168 3191 1264 3267 dicto
1290 3190 1393 3287 signo
1419 3190 1673 3287 geminorum3
1691 3190 1748 3266 vel
1765 3189 1852 3284 quia
1873 3199 1955 3268 erat

782 3310 820 3386 in
852 3310 1009 3407 geminis
1038 3311 1232 3387 velabatur
1264 3311 1299 3384 in
1332 3311 1396 3405 eis,
1427 3313 1556 3404 quarm
1569 3313 1605 3384 io
1632 3313 1729 3384 senb'
1761 3313 1810 3386 dn
1836 3314 1954 3405 poma

781 3434 804 3505 t
816 3451 882 3505 cer
904 3437 1024 3525 roseo,
1044 3431 1149 3525 quasi
1174 3431 1290 3506 dicat:
1316 3431 1465 3526 quando
1486 3429 1605 3526 primo
1632 3451 1678 3506 ex
1699 3437 1805 3506 utero
1827 3431 1955 3506 matris

781 3571 875 3626 meae
908 3550 992 3626 veni
1017 3551 1054 3626 in
1080 3551 1202 3626 lucem
1228 3551 1266 3625 in
1291 3550 1472 3645 Tusciam,
1505 3549 1652 3645 scilicet,
1686 3551 1722 3626 in
1756 3551 1953 3646 Florentia,

782 3671 844 3747 ubi
868 3691 935 3747 aer
960 3671 1066 3748 valde
1089 3671 1242 3746 subtilis.
1269 3671 1313 3745 lit
1338 3670 1459 3746 subdit
1483 3669 1582 3765 quod
1608 3670 1786 3765 peridem
1805 3671 1951 3768 signum

781 3791 877 3887 coeli,
898 3792 1060 3887 subque
1079 3791 1198 3888 primo
1217 3799 1326 3866 natus
1350 3799 1407 3867 est
1430 3791 1468 3866 in
1493 3799 1606 3885 terra,
1633 3791 1823 3868 reintravit
1854 3813 1953 3867 nunc

783 3910 933 3986 coelum.
960 3911 1063 3988 Unde
1086 3912 1192 3987 dicit:
1219 3933 1238 3985 e
1263 3916 1300 3987 la
1325 3919 1445 3986 cmtra
1470 3915 1595 4004 repion
1609 3915 1674 4006 poi
1693 3915 1742 3986 mi
1754 3915 1798 4006 su
1811 3915 1949 4008 scruta,

784 4031 876 4108 idest
902 4031 1080 4120 destinata
1106 4031 1207 4126 mibi,
1234 4035 1377 4125 meando
1402 4035 1451 4106 nei
1471 4035 1513 4126 stt
1537 4035 1668 4124 lurpita
1687 4033 1831 4124 pruzia,
1850 4031 1952 4126 idest,

779 4152 913 4227 donata
939 4157 977 4227 et
1000 4171 1212 4228 concessae
1230 4152 1318 4248 Deo,
1337 4155 1372 4227 d'
1384 4155 1689 4227 esturmenta
1708 4159 1826 4244 ructu,
1847 4151 1951 4245 idest,

779 4293 924 4368 speram
951 4279 1133 4365 octavam,
1150 4293 1236 4367 quae
1256 4271 1417 4348 continet
1442 4271 1511 4346 sub
1528 4291 1570 4346 se
1586 4289 1714 4346 omnes
1731 4291 1856 4366 speras
1873 4270 1952 4367 pla·

781 4399 970 4487 netarum3
997 4399 1035 4468 et
1060 4392 1164 4468 dicit:
1191 4394 1253 4467 ebe
1282 4395 1318 4467 oi
1345 4394 1441 4485 circ,
1477 4390 1563 4485 quia
1589 4389 1759 4466 zodiacus
1791 4389 1952 4465 circulus

780 4513 971 4610 signorum
986 4518 1041 4588 est
1054 4513 1092 4586 in
1104 4519 1234 4588 octava
1248 4531 1366 4608 spera,
1381 4517 1418 4589 et
1430 4512 1526 4609 girat
1544 4519 1581 4586 et
1599 4517 1723 4586 movet
1740 4510 1777 4586 in
1795 4509 1950 4586 circuitu

780 4633 903 4708 omnia
929 4632 1032 4730 signa
1056 4652 1196 4709 secum.
1211 4638 1303 4706 -A
1332 4634 1397 4706 roi.
1419 4631 1484 4708 ilic
1503 4639 1613 4706 autor
1631 4629 1882 4726 descripturus
1898 4630 1953 4705 al·

781 4762 856 4830 tam
875 4753 1067 4829 materiam
1085 4751 1256 4848 deinceps
1268 4752 1472 4858 iacit-suam
1491 4751 1758 4827 invocationem
1776 4749 1952 4826 addictas

838 4939 868 5077 itii)
882 4941 918 5066 50
930 4946 1080 5081 pimeni:
1094 4941 1173 5070 indute
1187 5015 1323 5068 uterimbt
1338 5028 1403 5068 sono
1419 5014 1530 5080 suppllte
1546 5015 1587 5066 dal
1603 5013 1689 5066 Codtcl
1707 5019 1722 5064 t
1737 5025 1753 5063 c
1769 5013 1884 5064 Esteuae.
