4842 6642
736 828 875 884 cunnus
898 829 1114 885 rnronsurus
1137 829 1281 884 ramus
1524 811 1594 914 tlt

419 984 555 1074 gnetur
568 997 657 1050 eum
671 975 755 1050 licet
771 975 1010 1070 immeritum,
1024 975 1143 1072 gratia
1156 997 1225 1050 sua
1241 975 1262 1019 *
1270 975 1415 1071 juvare,
1429 980 1472 1047 ut
1485 970 1596 1069 possit

418 1096 496 1171 suis
519 1096 840 1172 intercessionibus
856 1095 904 1170 ad
921 1097 992 1171 boc
1011 1095 1174 1171 tribunal
1191 1094 1406 1191 attingere*
1421 1087 1480 1188 (');
1497 1114 1593 1188 quo·

421 1217 519 1291 niam
538 1215 606 1292 iste
618 1215 829 1291 Bernardus
846 1215 914 1288 luit
931 1216 1026 1292 inter
1043 1223 1198 1290 caeteros
1217 1213 1474 1290 devotissimus
1492 1213 1595 1288 istius

419 1336 712 1413 clementissimas
724 1337 893 1411 dominae.
905 1327 993 1430 tte)
1010 1336 1105 1412 bene
1119 1335 1223 1433 lingit
1232 1336 1351 1431 ipsum
1362 1334 1594 1409 Bernardum

421 1458 574 1532 missum
600 1457 647 1532 ad
671 1478 713 1532 se
736 1457 906 1553 precibus
931 1456 1115 1550 Beatricis,
1142 1466 1222 1533 tum
1253 1454 1339 1549 quia
1374 1454 1442 1528 luit
1477 1453 1596 1528 bonus

420 1580 550 1655 doctor
566 1578 771 1675 theologiae,
785 1577 868 1654 ideo
888 1599 999 1654 verus
1016 1579 1190 1652 alumnus
1206 1575 1397 1670 Beatrlcis3
1413 1582 1492 1649 tum
1509 1576 1596 1670 quia

422 1701 489 1774 luit
521 1699 684 1775 maxime
712 1699 1029 1797 contemplativus,
1055 1707 1092 1774 et
1126 1696 1271 1772 Beatrix
1306 1697 1409 1772 sedet
1441 1697 1477 1771 in
1510 1697 1597 1788 sede

422 1819 744 1914 contemplationis.
771 1818 825 1892 bd
851 1819 994 1894 literam
1010 1809 1046 1912 (Β)
1077 1816 1163 1892 dicit
1194 1822 1306 1891 autor
1336 1805 1469 1912 p'rimo,
1496 1814 1596 1920 quod

421 1941 631 2016 Bernartius
657 1939 835 2037 persuasit
852 1940 926 2014 sibi
952 1937 1280 2014 considerationem
1308 1957 1414 2032 rosae,
1441 1937 1596 2033 promit-

381 2064 384 2067 ’
421 2067 503 2137 tens
527 2060 595 2135 sibi
622 2060 786 2136 lavorem
812 2059 935 2134 blariae
950 2047 998 2151 (⁸).
1026 2058 1208 2134 construe
1230 2057 1300 2131 sic:
1327 2059 1361 2130 ll
1374 2065 1478 2132 santo
1498 2063 1598 2149 Sene,

421 2181 557 2257 scilicet
595 2180 813 2257 venerabilis
843 2179 1065 2274 Bernardus,
1095 2181 1198 2272 disse,
1231 2180 1326 2271 oola,
1354 2176 1460 2272 idest,
1495 2179 1597 2253 velo·

420 2302 512 2377 citer
537 2322 715 2398 percurre
740 2307 778 2378 et
803 2301 954 2397 respice,
979 2322 1046 2374 con
1069 2302 1121 2391 pli
1145 2301 1253 2390 occbi,
1282 2297 1429 2392 scilicet,
1454 2299 1597 2374 intelle·

420 2422 616 2516 ctualibus,
629 2442 704 2516 qno
719 2420 806 2496 nibil
824 2428 879 2497 est
892 2419 1066 2514 velocius,
1076 2440 1144 2513 per
1160 2425 1279 2512 questo
1296 2421 1478 2510 piordino,
1493 2419 1597 2513 idest,

421 2542 561 2617 coelum
586 2563 820 2639 empyreum,
836 2542 874 2616 in
891 2563 967 2636 quo
984 2548 1069 2616 sunt
1088 2539 1216 2614 infiniti
1234 2541 1343 2616 llores
1363 2539 1597 2615 diversorum

351 2715 355 2719 —
422 2663 590 2737 colorum
617 2670 655 2738 et
679 2663 849 2758 odorum,
875 2669 913 2737 et
937 2661 975 2735 in
1000 2682 1076 2756 quo
1101 2668 1188 2735 sunt
1219 2667 1273 2734 tot
1300 2680 1388 2734 aves
1421 2661 1598 2736 amoenis-

425 2783 528 2857 sirnae
553 2789 753 2877 cantantes,
779 2789 821 2857 ut
845 2789 943 2878 patet
963 2782 1042 2877 jam
1071 2802 1117 2857 ex
1143 2781 1256 2856 dictis.
1275 2781 1320 2854 Et
1349 2781 1512 2878 assignat
1538 2801 1599 2856 ra·

424 2905 562 2980 tionem
587 2904 646 2978 sui
670 2903 818 2998 consilii,
844 2901 979 2998 dicens,
996 2898 1058 2977 ote*
1074 2905 1180 2978 aeder
1196 2905 1257 2996 lui,
1285 2901 1389 2996 idest,
1408 2902 1494 2995 quia
1511 2921 1600 2976 oon-

425 3025 594 3116 sideratio
619 3023 723 3098 istius
753 3023 924 3117 viridarii,
962 3026 986 3096 t'
998 3011 1191 3097 ncommod
1224 3027 1258 3122 ζο
1292 3024 1464 3114 spunrdo,
1495 3021 1600 3114 idest,

427 3144 625 3220 nobilitabit
650 3150 688 3220 et
712 3149 821 3219 acuet
846 3149 950 3217 tuam
976 3143 1278 3238 speculationem,
1303 3145 1342 3216 al
1366 3149 1508 3218 mentor
1524 3135 1601 3236 piri,

425 3265 525 3359 idest,
552 3264 671 3358 altius,
692 3285 760 3358 per
785 3266 820 3337 lo
843 3265 973 3356 rappio
997 3265 1129 3355 dimoc,
1155 3263 1258 3358 idest,
1281 3283 1348 3358 per
1375 3262 1518 3338 radium
1541 3262 1602 3336 lu-

424 3385 487 3478 cis,
513 3384 576 3479 qni
601 3383 786 3460 descendit
816 3405 839 3458 a
871 3390 1007 3479 puncto
1040 3383 1247 3479 divinitatis,
1275 3383 1472 3480 peronius
1509 3381 1601 3456 radii

425 3504 559 3581 scalam
583 3497 624 3578 te
648 3509 794 3598 oportet
816 3503 1016 3578 ascendere
1036 3503 1083 3578 ad
1109 3503 1211 3577 illum
1240 3503 1417 3577 ultimum
1440 3501 1600 3598 gradum

426 3623 568 3699 deitatis
583 3615 631 3716 (ὓ).
658 3624 702 3696 Et
728 3621 842 3720 tangit
866 3622 1040 3697 ultimum
1067 3622 1178 3698 linem
1198 3643 1277 3697 suae
1293 3621 1527 3715 ascensionis,
1546 3620 1601 3696 di-

427 3765 532 3820 cens:
557 3737 655 3816 accii
680 3745 741 3816 cte
765 3751 800 3817 ln
824 3747 991 3818 ossommi
1011 3746 1314 3837 perfettomenteil
1335 3749 1393 3816 tuo
1410 3744 1601 3832 committo,

427 3847 532 3960 quasi
556 3864 662 3959 dicat,
689 3868 731 3936 ut
756 3862 908 3938 leliciter
933 3862 1099 3959 perficias
1127 3869 1165 3938 et
1197 3863 1301 3938 linias
1333 3864 1485 3960 longum
1519 3862 1601 3956 iter,

428 3985 531 4078 idest,
555 3983 761 4057 discursum
787 3988 825 4058 et
849 4003 1062 4078 processum
1089 3989 1165 4058 tuae
1188 3983 1456 4079 speculationis,
1483 3989 1521 4056 et
1551 3981 1602 4056 sic

428 4104 612 4200 compleas
636 4109 745 4178 tuum
771 4125 864 4200 opus
893 4108 947 4179 tot
979 4103 1109 4202 vigiliis
1134 4103 1377 4178 elaboratum.
1405 4105 1450 4177 Et
1482 4100 1604 4177 subdit

429 4225 644 4320 promittens
675 4225 709 4301 ei
739 4225 905 4300 lavorem
937 4223 1071 4319 blariae,
1096 4224 1240 4299 dicens:
1275 4247 1295 4298 e
1328 4227 1523 4315 inreptare
1548 4227 1605 4298 del

428 4348 527 4438 eblo,
542 4348 625 4420 cnd’
636 4349 672 4420 io
689 4349 783 4420 ordo
803 4352 886 4420 atto
911 4347 947 4419 d'
960 4366 1076 4437 amor,
1099 4335 1246 4438 acford
1262 4347 1347 4437 opnt
1366 4347 1511 4439 pruzia,
1531 4344 1602 4420 sci-

430 4466 524 4561 licet,
550 4489 662 4563 quarn
688 4465 910 4563 peterimus;
937 4471 974 4540 et
998 4485 1085 4541 ecce
1118 4485 1255 4561 quare:
1277 4467 1484 4559 perorcd'to
1515 4487 1604 4540 sono

428 4589 542 4660 linco
563 4590 648 4681 fidel
675 4589 874 4679 Bonordo,
895 4585 957 4680 qui
981 4593 1123 4660 tantum
1147 4585 1199 4658 lui
1226 4606 1317 4660 suus
1333 4575 1370 4677 (⁶)
1394 4585 1549 4660 devotus
1567 4583 1603 4658 in

494 4823 522 4887 (¹)
537 4824 575 4875 Le
591 4797 681 4886 parole
697 4821 737 4872 lra
752 4822 761 4872 l
777 4821 829 4872 dna
845 4818 978 4870 asterimbl
995 4831 1042 4869 son
1058 4817 1169 4880 suppllte
1185 4817 1229 4868 dal
1244 4815 1337 4868 Codice
1355 4817 1470 4868 Estense.

494 4899 523 4964 (Ἴ
539 4901 570 4950 Ε.
586 4900 648 4951 ldae
665 4899 739 4950 bene.
802 4895 877 4958 (pu
894 4896 936 4946 Ad
955 4895 1058 4946 llteram
1074 4908 1138 4959 crgo
1154 4895 1225 4947 dicit.
1288 4893 1316 4958 (¹)
1333 4893 1363 4946 E.
1381 4895 1491 4960 Virginis
1507 4895 1605 4948 illaria.

495 4980 524 5042 (')
540 4979 566 5028 S.
583 4977 730 5029 dirlnltatin.
802 4975 876 5038 (⁸113.
894 4973 1148 5026 l'ulflllnsderotus.
1349 4985 1350 4988 ’
