4842 6642
750 926 756 937 ,
799 866 938 923 caurus
963 866 1121 923 naumus
1146 867 1317 922 ocrxvus.
1571 854 1643 921 229

471 1034 562 1091 curn
587 1015 633 1090 de
660 1014 733 1089 vita
758 1012 877 1089 activa
902 1012 999 1089 Petri
1026 1020 1064 1089 et
1089 1012 1202 1088 Pauli.
1224 1011 1296 1087 lsta
1321 1011 1497 1107 expositio
1514 1020 1641 1088 autem

470 1135 553 1211 licet
577 1135 746 1210 videatur
763 1134 904 1209 subtilis
926 1141 963 1209 et
988 1154 1160 1228 consona,
1181 1140 1306 1208 tamen
1324 1153 1398 1207 nou
1414 1132 1568 1209 haberet
1584 1133 1643 1207 lric

470 1257 604 1352 locum,
630 1256 717 1351 quia
733 1250 769 1347 (¹)
798 1256 897 1330 clare
923 1262 1021 1357 patet
1047 1277 1094 1331 ex
1120 1255 1234 1349 dictis,
1260 1254 1359 1350 quod
1389 1261 1499 1329 autor
1529 1276 1642 1349 quam

470 1378 573 1474 peius
594 1383 711 1473 potest
728 1376 892 1471 loquitur
909 1376 968 1451 lrio
984 1376 1031 1451 de
1048 1383 1195 1470 pastore
1208 1368 1259 1470 (²),
1278 1396 1377 1451 nune
1393 1383 1521 1450 autem
1539 1396 1644 1450 com-

472 1499 664 1573 mendaret
689 1517 797 1571 eum:
824 1503 943 1591 potest
962 1504 1085 1572 tamen
1112 1496 1179 1571 ista
1205 1495 1383 1591 expositio
1403 1494 1595 1587 verificari,
1614 1494 1642 1568 si

471 1618 684 1713 suppleatur
708 1624 747 1692 et
771 1616 928 1691 addatur
952 1616 1021 1691 sic:
1047 1622 1086 1689 tu
1116 1624 1239 1711 pastor
1269 1623 1371 1711 potua
1404 1615 1642 1711 respondere:

473 1759 542 1836 ego
559 1738 644 1812 vivo
661 1737 710 1813 ita
728 1736 1021 1832 contemplative,
1036 1738 1135 1833 quod
1153 1757 1226 1811 nou
1243 1757 1335 1811 curo
1352 1736 1399 1811 de
1417 1736 1489 1811 vita
1506 1736 1643 1829 activa,

473 1860 535 1935 sed
555 1858 584 1933 si
604 1859 674 1933 hoc
697 1865 804 1952 esset,
830 1878 927 1933 esses
957 1857 1163 1952 aliqualiter
1187 1858 1443 1950 excusandus3
1461 1856 1525 1931 sed
1551 1877 1644 1930 neu·

473 1989 571 2054 trum
599 1979 698 2073 lacis,
717 1978 803 2074 quia
822 1998 895 2052 nou
921 1976 1011 2052 vivis
1032 1976 1069 2049 in
1087 1976 1394 2072 contemplatione
1414 1983 1456 2049 ut
1472 1977 1643 2072 Baptista,

473 2122 541 2177 neo
558 2101 594 2174 in
619 2100 763 2176 actione
780 2105 822 2171 ut
839 2100 971 2173 Petrus
987 2104 1025 2173 et
1042 2098 1198 2191 Paulus3
1216 2098 1285 2172 isto
1303 2097 1412 2171 modo
1432 2096 1645 2193 supplendo,

474 2220 650 2318 expositio
676 2225 794 2315 potest
819 2223 918 2292 stare
931 2207 990 2312 (³);
1017 2217 1080 2292 sed
1110 2217 1275 2312 demum,
1301 2218 1443 2293 omissis
1474 2218 1645 2293 omnibus

473 2342 652 2439 praediotis
677 2346 867 2435 tamquam
886 2338 1093 2433 superfluis,
1112 2337 1198 2413 dicit
1211 2326 1262 2432 (⁴),
1280 2339 1379 2433 quod
1396 2345 1506 2413 autor
1526 2338 1646 2434 loqui·

474 2472 537 2538 tur
562 2462 608 2537 de
633 2462 784 2555 floreno,
803 2460 840 2532 in
857 2479 932 2553 quo
957 2465 1012 2533 est
1037 2457 1177 2553 sculpta
1194 2457 1318 2555 imago
1335 2458 1507 2533 iohannis
1524 2458 1646 2554 Bapti-

474 2592 550 2659 stae.
568 2582 654 2657 Vult
679 2600 770 2676 ergo
790 2578 931 2653 dicere:
955 2585 995 2651 tu
1015 2584 1139 2674 pastor
1156 2584 1260 2672 potes
1276 2577 1417 2653 dicere:
1437 2599 1506 2675 ego
1527 2578 1646 2653 habeo

475 2704 523 2777 ita
549 2702 659 2776 lixam
687 2700 912 2775 volunlatem
939 2699 1079 2773 floreno
1104 2698 1342 2794 acquirendo,
1360 2699 1458 2795 quod
1485 2721 1559 2775 nou
1584 2720 1647 2774 co-

474 2842 610 2921 gnosco
636 2822 787 2895 Petrum
813 2810 902 2911 et(⁵)
928 2819 1098 2913 Paulum,
1116 2818 1181 2913 qui
1200 2818 1352 2893 luerunt
1378 2820 1427 2894 ita
1453 2839 1646 2915 pauperes,

474 2949 687 3040 spernentes
711 2938 860 3016 omuino
887 2939 1091 3035 pecuniam.
1111 2939 1172 3012 llis
1196 2960 1287 3035 ergo
1315 2941 1522 3035 praeuotatis
1549 2960 1647 3013 nuuc

474 3065 521 3140 all
533 3065 677 3139 literam
692 3061 872 3155 veniatur,
893 3080 977 3155 quae
998 3066 1204 3155 exponatur
1222 3060 1292 3136 sic:
1310 3066 1385 3134 Ben
1399 3064 1487 3154 paui
1503 3068 1538 3136 tu
1555 3065 1646 3153 dire,

475 3186 620 3279 scilioet,
647 3191 686 3257 tu
713 3190 837 3277 pastor
856 3182 913 3257 vel
931 3201 1044 3276 papa;
1062 3202 1148 3255 nam
1167 3188 1286 3276 potest
1303 3182 1453 3279 intelligi
1471 3182 1529 3258 hic
1549 3181 1648 3277 prin-

475 3306 636 3401 cipaliter
661 3303 708 3378 de
732 3301 916 3377 Bonilaoio
943 3301 1007 3395 qui
1034 3307 1123 3376 tuuc
1149 3300 1310 3395 sedebat,
1337 3309 1373 3376 et
1399 3302 1463 3397 qui
1499 3302 1567 3375 luit
1599 3301 1649 3375 si-

479 3424 666 3501 moniacus
698 3422 815 3516 valde,
851 3428 891 3494 ut
925 3420 1064 3495 dictum
1103 3428 1160 3495 est
1192 3420 1327 3494 interni
1356 3422 1439 3495 Xlll
1476 3422 1648 3516 capitulo,

476 3548 523 3623 de
556 3566 632 3640 quo
658 3551 781 3619 autor.
798 3540 926 3616 simile'
949 3540 1039 3615 dixit
1072 3561 1184 3635 supra
1210 3540 1576 3634 capitu10Paradisi:
1613 3544 1648 3613 io

477 3673 521 3743 lo
548 3671 664 3762 serino
696 3668 725 3739 il
756 3666 881 3754 dano,
912 3661 1015 3755 idest,
1054 3668 1171 3735 totum
1210 3660 1433 3735 desiderium
1464 3669 1501 3735 et
1536 3682 1648 3737 oona·

478 3798 556 3864 tum
584 3807 724 3880 meum,
749 3777 779 3857 si
803 3805 829 3856 o
852 3785 955 3873 colui,
980 3781 1125 3873 scilicet,
1151 3780 1340 3875 Baptistae3
1366 3788 1404 3855 et
1429 3782 1578 3877 ponitur
1601 3782 1649 3856 si-

477 3929 592 4006 guum
618 3926 686 4001 pro
710 3904 863 4001 signato,
889 3901 1034 3995 scilicet,
1060 3900 1220 3995 Baptista
1245 3921 1312 3994 pro
1332 3900 1483 3995 lloreuo,
1507 3901 1545 3975 iu
1574 3922 1649 3997 quo

478 4028 687 4124 designatus
711 4029 787 4117 est3
813 4020 919 4096 simili
945 4021 1133 4095 schemate
1160 4026 1270 4094 autor
1303 4042 1393 4094 usus
1427 4028 1482 4096 est
1517 4021 1647 4096 lnierni

479 4146 637 4243 capitulo
662 4150 788 4221 contra
810 4140 1050 4234 Florentiam3
1077 4146 1114 4214 et
1140 4139 1189 4215 ita
1217 4138 1274 4214 hio
1299 4139 1463 4235 loquitur
1489 4143 1647 4216 multum

479 4274 588 4348 caute
611 4272 649 4341 et
673 4265 811 4359 velate3
838 4270 875 4339 et
900 4260 1004 4337 dicit:
1029 4263 1090 4335 ote
1111 4263 1199 4333 volte
1219 4263 1316 4334 otim
1335 4264 1423 4353 solo,
1449 4262 1595 4357 seilicet,
1613 4263 1651 4336 in

369 4442 379 4473 .
478 4388 634 4480 deserta,
659 4384 705 4460 ad
731 4383 830 4479 quod
856 4382 919 4457 ivit
934 4371 971 4475 (θ)
999 4381 1036 4455 in
1061 4386 1170 4456 aetate
1194 4388 1334 4476 septem
1355 4402 1560 4479 annorum;
1585 4383 1650 4459 sed

479 4514 587 4584 certe
604 4505 634 4581 si
660 4526 758 4579 nunc
784 4504 853 4577 iret
877 4502 923 4577 ad
946 4500 1087 4577 curiam
1112 4522 1303 4624 romanam
1323 4502 1417 4577 lorte
1438 4504 1651 4579 efficeretur

541 4783 570 4843 (¹)
584 4780 616 4831 Ε.
631 4780 700 4845 qula,
716 4786 747 4831 ut
763 4780 834 4831 clare
851 4785 920 4845 patet
936 4794 968 4831 ax
984 4780 1067 4837 (lintis.
1084 4782 1168 4830 autor.

541 4856 571 4920 (¹)
587 4857 618 4907 u.
634 4857 666 4907 (lo
682 4858 826 4921 maioribus
841 4856 966 4919 scolene,
983 4870 1051 4907 nunc
1067 4861 1154 4907 autem
1171 4858 1365 4909 commendaret
1379 4871 1433 4909 eos.

544 4932 571 4996 (¹)
587 4933 618 4983 li.
635 4936 704 4983 sure
720 4938 796 4994 tuum
813 4932 865 4983 sed.
1177 4931 1204 4993 (¹)
1220 4932 1251 4984 Ε.
1268 4932 1310 4983 xlia
1325 4934 1404 4997 quod.

545 5011 573 5073 ι’)
587 5010 618 5060 Ε.
635 5020 683 5059 uso
699 5008 819 5071 Paulum,
837 5010 906 5074 quia.
1176 5008 1205 5071 (⁸)
1222 5009 1253 5061 R.
1269 5011 1323 5073 lpse
1338 5010 1452 5074 Baptiata
1468 5008 1522 5060 ivit.
