4842 6642
786 831 858 897 264
1174 842 1379 897 connnrun
1406 843 1572 896 nannursr

777 989 842 1077 poi
868 994 942 1060 loce
965 994 1126 1061 contentu
1151 990 1230 1061 dell
1242 991 1363 1060 nidmu
1387 989 1554 1061 dolcezzo
1578 989 1639 1059 cle
1663 989 1700 1058 lu
1724 990 1840 1078 aazia,
1865 987 1952 1081 quia

781 1107 918 1182 scilicet
944 1128 1017 1183 non
1042 1109 1122 1182 vult
1146 1108 1305 1204 amplius
1330 1129 1476 1203 canere,
1502 1117 1571 1183 etc.
1706 1175 1710 1180 .

853 1233 899 1301 Et
921 1249 1092 1318 uooepna.
1118 1228 1189 1301 lsla
1215 1235 1271 1302 est
1296 1228 1403 1304 tertia
1429 1249 1514 1324 pars
1538 1227 1720 1324 generalis
1735 1221 1787 1321 (¹),
1814 1227 1850 1300 in
1879 1249 1952 1321 qua

776 1348 914 1423 dictum
939 1349 1087 1444 signum
1113 1347 1247 1442 aquilae
1276 1355 1475 1443 pertractat
1501 1353 1538 1422 el
1563 1348 1672 1422 solvit
1698 1348 1952 1442 questionem,

778 1491 863 1564 quae
888 1468 1050 1544 nascitur
1074 1469 1121 1544 de
1145 1469 1292 1543 duobus
1309 1471 1659 1564 praenominatorum
1682 1470 1892 1566 spirituum,
1915 1477 1952 1544 et

777 1590 896 1685 primo
920 1589 1090 1664 describit
1116 1611 1221 1664 suam
1248 1590 1438 1666 ardentem
1464 1591 1717 1682 allectionem
1735 1597 1772 1666 et
1790 1590 1951 1664 breuiter

778 1713 856 1785 vult
879 1711 1002 1786 dicere
1027 1710 1126 1805 quod
1151 1709 1322 1805 quamvis
1347 1710 1417 1784 illae
1440 1710 1574 1786 animae
1590 1713 1690 1785 clare
1709 1709 1865 1785 viderint
1881 1709 1951 1784 du·

778 1832 988 1907 bitationem
1016 1853 1122 1906 suam
1150 1831 1187 1904 in
1215 1837 1337 1906 mente
1358 1831 1449 1924 eius,
1467 1839 1591 1906 tamen
1612 1851 1684 1904 non
1702 1831 1820 1925 potuit
1838 1850 1950 1924 expe-

776 1961 879 2026 ctare
903 1953 1003 2046 quod
1029 1952 1099 2026 illae
1125 1957 1318 2048 tangerent
1345 1951 1462 2046 ipsum
1493 1951 1669 2044 dubium;
1688 1952 1803 2026 immo
1825 1950 1952 2024 lestiuc

778 2073 956 2169 prevenit
980 2094 1054 2149 eas.
1081 2073 1174 2147 Dicit
1199 2093 1310 2169 ergo:
1328 2077 1373 2145 El
1387 2077 1422 2145 to
1438 2076 1637 2165 coopello,
1656 2072 1759 2165 idest,
1777 2091 1851 2146 non
1869 2092 1952 2165 pas-

779 2215 844 2267 sus
868 2193 931 2287 lui,
958 2214 1033 2268 uon
1062 2192 1231 2286 sustinui,
1255 2199 1410 2284 uspetlur
1444 2199 1569 2285 tempe,
1594 2213 1670 2289 quo
1701 2192 1789 2288 ipsae
1818 2192 1954 2266 animae

779 2313 1031 2408 loquerentur,
1057 2315 1216 2402 lucendo,
1242 2332 1402 2404 uuuepnu
1426 2315 1486 2385 clte
1510 2315 1545 2385 io
1573 2306 1712 2406 fossili
1738 2315 1776 2386 al
1804 2312 1952 2386 dubdtur

778 2437 863 2523 orio,
888 2433 990 2527 idest,
1016 2432 1186 2528 quamvis
1211 2452 1330 2507 essem
1351 2431 1431 2506 talis
1447 2431 1493 2508 ad
1510 2432 1665 2507 dubium
1685 2453 1812 2507 meum
1830 2441 1953 2508 osteu-

778 2554 952 2649 dendum,
978 2557 1081 2647 quusi
1105 2562 1215 2648 notro,
1243 2554 1346 2648 idest,
1366 2560 1602 2648 transparens
1619 2553 1722 2626 velut
1739 2553 1875 2627 vitrum
1894 2553 1953 2628 rel
1991 2579 1996 2584 ·

778 2674 983 2770 speculum,
1008 2677 1081 2748 ullo
1104 2679 1204 2748 color
1228 2676 1288 2748 clte
1304 2676 1331 2747 'l
1354 2680 1455 2766 vesta,
1479 2673 1584 2767 quasi
1602 2673 1718 2748 dicat:
1738 2672 1833 2748 sicut
1850 2674 1951 2747 color

777 2801 931 2889 apparet
957 2794 993 2867 in
1019 2793 1127 2886 vitro,
1144 2794 1194 2866 ita
1215 2793 1368 2869 dubium
1388 2813 1514 2868 meum
1532 2793 1732 2890 apparebat
1751 2793 1789 2866 in
1806 2813 1867 2868 me
1884 2793 1952 2867 illis

778 2915 991 3009 animabus3
1018 2914 1122 3010 quasi
1147 2914 1255 3009 dicat,
1282 2914 1379 3010 quod
1397 2914 1468 2988 illae
1485 2913 1619 2988 animae
1637 2914 1755 2990 beatae
1779 2915 1880 2988 clarc
1896 2913 1952 2986 vi·

778 3036 867 3112 dere
892 3042 1062 3131 poterant
1085 3043 1123 3110 et
1147 3035 1319 3110 videbant
1339 3035 1376 3109 in
1393 3055 1440 3110 eo
1465 3035 1717 3129 quaestionem,
1738 3055 1850 3129 quam
1870 3055 1952 3109 mo·

779 3176 869 3232 vere
894 3157 1039 3231 volebat
1064 3155 1162 3230 circa
1187 3155 1329 3229 animas
1354 3154 1528 3248 duorum,
1553 3161 1591 3229 et
1617 3163 1740 3229 tamen
1773 3175 1846 3230 non
1884 3175 1951 3250 pc·

639 3261 643 3266 ⁸
780 3277 849 3350 tuit
873 3282 1079 3371 expectare.
1106 3276 1209 3350 Unde
1233 3275 1337 3350 dicit:
1363 3297 1437 3367 nau,
1454 3275 1543 3349 illud
1569 3274 1723 3349 dubium
1748 3295 1887 3368 mcum,
1905 3278 1953 3348 mi

776 3399 877 3489 pinne
901 3399 993 3470 dello
1018 3397 1145 3470 bocco.-
1163 3398 1224 3470 cltc
1247 3416 1326 3470 cose
1349 3417 1416 3469 son
1441 3402 1581 3488 pomo?
1605 3395 1752 3489 scilicet,
1771 3395 1869 3489 quod
1887 3415 1953 3489 pa-

778 3516 864 3612 gani
878 3516 946 3591 viri
960 3516 1032 3590 sint
1048 3516 1085 3589 in
1102 3517 1223 3591 ooelol
1240 3515 1440 3590 Videbatur
1456 3516 1554 3591 enim
1576 3515 1698 3590 autori
1716 3513 1846 3589 audire
1863 3533 1952 3588 con·

778 3636 1032 3711 tradictionem
1059 3656 1285 3731 expressam,
1303 3635 1390 3728 quia
1408 3657 1519 3730 supra
1545 3635 1683 3710 dictum
1704 3635 1838 3710 eratin
1857 3655 1953 3729 prae-v

779 3755 921 3830 cedenti
946 3755 1106 3850 capitulo
1130 3778 1153 3830 a
1179 3755 1352 3851 praedicta
1376 3755 1519 3849 aquila:
1547 3777 1571 3827 u
1596 3765 1713 3848 questo
1743 3775 1854 3847 rcpuo
1878 3773 1953 3828 uon

778 3869 846 3951 soli
878 3881 950 3950 mut
973 3879 1028 3950 cli
1050 3898 1123 3949 ocu
1148 3879 1295 3951 credette
1318 3881 1356 3949 in
1385 3880 1514 3950 cristo:
1541 3897 1631 3972 ergo
1664 3875 1849 3971 quomodo
1884 3875 1951 3949 ista

779 3997 1000 4071 seinvicem
1026 3997 1326 4092 compatiuntur?
1351 3996 1436 4070 ldeo
1453 3996 1669 4072 benedicit:
1693 4018 1759 4069 coo
1784 3999 1820 4069 lu
1842 4000 1952 4090 sorau

778 4119 837 4190 del
858 4138 922 4189 suo
943 4138 1041 4210 peso,
1079 4117 1165 4210 quia
1197 4115 1293 4190 istud
1323 4115 1477 4190 dubium
1510 4115 1629 4190 visum
1662 4123 1727 4190 est·
1747 4115 1813 4189 sibi
1847 4114 1952 4188 valde

779 4236 1035 4332 ponderosum.
1064 4237 1107 4310 Et
1131 4236 1253 4310 subdit
1278 4236 1377 4330 quod
1402 4236 1449 4311 ad
1481 4235 1548 4311 ista
1578 4235 1692 4310 verba
1724 4236 1796 4309 illae
1818 4235 1951 4310 animae

780 4356 946 4432 iecerunt
972 4375 1148 4452 magnum
1175 4357 1309 4432 lectum
1336 4357 1372 4430 in
1398 4356 1591 4452 splendore
1612 4378 1691 4431 suo.
1719 4355 1823 4432 Unde
1847 4355 1951 4431 dicit:

776 4479 943 4571 perct'io
969 4480 1041 4550 uidi
1063 4498 1158 4568 prun
1180 4482 1266 4571 feste
1291 4480 1329 4550 di
1355 4497 1579 4571 corruscare,
1614 4477 1715 4570 idest,
1742 4477 1952 4568 scintillare,

780 4597 866 4690 quia
879 4595 1033 4670 dubium
1048 4596 1143 4671 istud
1155 4597 1329 4694 tangebat
1347 4597 1631 4692 profunditatem
1645 4597 1778 4672 divinae
1789 4597 1952 4692 Justidae,

780 4722 929 4811 propter
953 4718 1052 4811 quod
1076 4716 1210 4791 auimae
1230 4719 1418 4813 justorum
1445 4717 1496 4792 sic
1525 4719 1708 4791 laelantnr.
1722 4719 1861 4790 —Pot
1886 4713 1953 4790 llic

842 4976 869 5039 (Ι)
886 4977 916 5025 Ε.
933 4977 1060 5040 generalis
1076 4978 1152 5028 buius
1165 4977 1279 5041 capituli,
1291 4978 1317 5027 in
1328 4991 1379 5042 qua
1391 4981 1468 5030 autur
1478 4981 1583 5042 exponit
1594 4991 1670 5029 suum
1686 4977 1793 5030 dublum
1804 4983 1831 5028 et
1842 4978 1950 5030 dictum
