4842 6642
1019 781 1088 850 102
1409 757 1614 845 maturuit
1639 787 1807 843 rantotsr

1014 935 1140 1010 similis
1156 933 1298 1010 artifici.
1319 936 1425 1028 Nam,
1444 941 1486 1009 ut
1503 935 1671 1010 ridemus
1690 932 1737 1008 de
1753 933 1861 1025 lacto,
1878 951 1976 1026 saepe
1994 953 2090 1029 unus
2109 953 2190 1008 rna·

1014 1057 1128 1155 gister
1152 1057 1249 1130 bene
1274 1055 1421 1130 noverit
1444 1063 1564 1132 artem
1592 1075 1719 1148 unam,
1744 1059 1783 1128 et
1807 1052 1919 1128 habet
1952 1053 2128 1148 principia
2152 1061 2191 1136 ot
2325 1069 2337 1092 ·

1016 1178 1164 1274 regulas
1182 1176 1278 1250 illius
1294 1175 1384 1251 artis
1402 1175 1438 1250 in
1457 1182 1591 1270 mente,
1605 1175 1669 1250 sed
1687 1175 1797 1248 habet
1813 1172 1998 1248 delectum
2016 1174 2053 1248 in
2071 1195 2191 1252 metn-

1014 1296 1103 1390 briS,
1117 1297 1211 1371 siout
1231 1296 1453 1371 debilitatem
1473 1317 1675 1371 nervorum
1694 1301 1843 1390 propter
1858 1301 2109 1372 senectutem:
2124 1296 2191 1374 isto

1016 1437 1107 1513 ergo
1132 1418 1216 1492 licet
1241 1417 1403 1492 intendat
1429 1416 1551 1491 lacere
1580 1416 1732 1490 *unum
1764 1434 1857 1509 opus
1892 1413 2097 1508 perlectum
2130 1436 2187 1492 se·

1015 1538 1178 1612 cundum
1209 1544 1342 1631 artem,
1370 1557 1443 1611 non
1469 1543 1594 1610 tamen
1620 1534 1754 1630 poterit
1778 1555 1825 1610 en
1858 1534 2001 1610 delectu
2029 1557 2190 1632 organo·

1016 1678 1120 1732 rum:
1148 1657 1247 1731 unde
1273 1656 1376 1738 labor
1401 1676 1475 1730 non
1501 1655 1636 1752 poterit
1661 1653 1816 1730 lacere*
1831 1647 1869 1747 (¹)
1895 1657 2085 1732 cultellum
2105 1678 2190 1752 per-

1015 1778 1163 1870 lectum,
1182 1796 1251 1850 nee
1268 1775 1525 1872 carpentarius
1540 1776 1706 1852 domum.
1725 1775 1820 1850 Dicit
1840 1795 1951 1872 ergo:
1968 1779 2191 1852 uouemere

1014 1899 1196 1990 operando
1221 1899 1435 1987 altariolo,
1451 1898 1512 1970 obe
1527 1898 1575 1969 bo
1599 1917 1684 2001 matt
1707 1898 1768 1972 ote
1794 1903 1908 1970 tremo
1932 1900 1991 1970 ult
2003 1898 2099 1972 obito
2115 1901 2190 1972 del·

1014 2022 1139 2111 raro,
1168 2017 1274 2111 quasi
1300 2017 1415 2092 dicat:
1447 2017 1618 2113 quamtis
1644 2018 1778 2092 babeat
1806 2025 1926 2093 artem
1960 2017 2187 2094 habituatanr

1015 2144 1052 2213 et
1077 2138 1224 2212 firmam
1251 2156 1325 2210 non
1346 2144 1469 2212 tamen
1490 2157 1666 2232 prospere
1682 2137 1759 2234 agit
1776 2144 1926 2233 propter
1943 2159 2096 2213 manum
2114 2145 2190 2213 tre-

1016 2266 1191 2352 mentem,
1210 2258 1494 2351 tremnleutam3
1513 2263 1568 2332 est
1586 2257 1684 2331 enim
1702 2257 1848 2332 habitus
1865 2259 2023 2352 qualitas
2043 2258 2191 2334 difficile

1017 2378 1168 2454 mobilis.
1179 2419 1230 2434 -
1241 2369 1343 2451 Perd.
1358 2376 1423 2452 llic
1435 2378 1594 2452 Thomas
1608 2398 1654 2452 ex
1668 2377 1771 2453 dictis
1782 2379 1908 2474 arguit
1924 2379 2023 2474 quod
2041 2379 2189 2473 quaudo

1014 2501 1114 2575 Deus
1133 2499 1210 2596 agit
1231 2498 1442 2572 immediate
1458 2498 1496 2571 in
1514 2497 1707 2572 materiam
1728 2498 1903 2592 imprimit
1920 2507 2009 2573 tune
2030 2499 2186 2574 sormam

1015 2620 1239 2716 perlectam3
1266 2619 1365 2694 unde
1389 2618 1493 2693 dicit:
1515 2612 1606 2712 perd
1630 2639 1668 2692 se
1687 2620 1713 2692 ’t
1734 2621 1838 2694 caldo
1863 2641 1968 2693 antor
1998 2624 2035 2694 lo
2064 2624 2188 2696 cidara

1015 2745 1103 2816 obeo
1129 2743 1222 2814 dello
1242 2743 1365 2832 prt'ma
1390 2734 1495 2828 voti,
1520 2737 1668 2832 seilicet,
1688 2739 1766 2832 liei,
1784 2741 1940 2833 dt‘spone,
1958 2740 2104 2829 seilicet,
2121 2741 2188 2816 ali·

1015 2882 1127 2954 quam
1155 2881 1294 2953 ceram,
1320 2858 1423 2952 idest,
1451 2859 1657 2954 materiam,
1682 2880 1701 2931 e
1724 2879 1849 2950 seprto,
1883 2859 1986 2954 idest,
2011 2860 2187 2956 imprimit
2218 2941 2224 2956 ,
2339 2903 2346 2922 ·

1015 2981 1170 3055 lormarn
1205 3001 1291 3054 curn
1326 2999 1397 3054 suo
1428 2979 1557 3076 sigillo,
1591 2987 1677 3054 tutto
1710 2982 1747 3052 lu
1778 2983 1959 3075 perfetion
1989 2981 2019 3053 ε’
2031 2984 2188 3073 utputa

947 3141 954 3158 ·
1014 3104 1120 3194 putot,
1147 3100 1293 3192 scilicet,
1311 3100 1349 3172 in
1367 3099 1426 3172 tali
1448 3120 1498 3174 re.
1517 3101 1561 3174 Et
1576 3099 1697 3173 subdit
1712 3098 1903 3174 declarans
1919 3099 2057 3176 dictum
2076 3121 2185 3176 suum

1013 3242 1079 3316 per
1104 3219 1290 3314 ellectum,
1316 3220 1416 3314 quod
1449 3220 1533 3294 hine
1565 3219 1741 3314 processit
1773 3219 1964 3316 generatio
1993 3221 2071 3296 sive
2100 3242 2187 3315 pro-

1012 3341 1135 3416 ductio
1154 3340 1272 3434 prima
1292 3346 1331 3414 et
1348 3339 1549 3414 incarnatio
1570 3338 1671 3414 verbi
1691 3339 1777 3434 llei3
1798 3339 1898 3416 unde
1914 3339 2016 3415 dicit:
2035 3343 2072 3413 to
2088 3348 2187 3416 terra

1010 3453 1072 3556 pid
1087 3453 1158 3535 cosi
1171 3465 1213 3556 sn
1235 3465 1326 3554 sotto
1343 3463 1472 3551 dopna,
1489 3460 1635 3554 seilicet,
1654 3461 1691 3534 in
1717 3460 1845 3554 Adam,
1869 3463 1908 3536 di
1931 3467 2019 3534 tutto
2042 3464 2080 3535 lo
2102 3481 2187 3553 per·

1007 3587 1124 3678 [ezion
1151 3584 1317 3671 aninsula,
1340 3581 1442 3674 idest,
1463 3581 1610 3675 anime,
1635 3605 1654 3656 e
1678 3584 1716 3654 la
1743 3585 1902 3673 Verpine,
1928 3581 2031 3676 idest,
2057 3583 2182 3677 Maria,

1009 3696 1144 3798 corifo
1166 3706 1259 3798 sotto
1279 3721 1433 3796 prepna,
1459 3701 1608 3794 seilicet,
1624 3696 1672 3776 'de
1688 3701 1842 3778 Christo.
1855 3694 1956 3775 -sl
1971 3705 2032 3776 che
2046 3705 2093 3776 io.
2119 3703 2185 3778 llio

1010 3821 1169 3906 Thomas
1183 3821 1369 3896 concludit
1381 3821 1604 3897 oonbrmans
1616 3822 1825 3917 opinionem
1839 3822 1981 3898 autoris
1993 3828 2184 3917 tamquam

1010 3942 1146 4016 bonam
1174 3948 1211 4016 et
1237 3962 1378 4036 veram,
1403 3942 1551 4036 seilicet,
1572 3944 1672 4037 quod
1697 3943 1793 4020 bene
1813 3943 1979 4040 inteiligit
1992 3936 2028 4036 (²)
2053 3945 2184 4030 intelli-

1009 4063 1129 4158 gendo
1155 4063 1201 4136 de
1226 4062 1341 4137 Adam
1360 4070 1396 4138 et
1413 4063 1567 4156 Christo,
1589 4063 1688 4156 quod
1706 4069 1866 4158 uterque
1888 4086 1962 4139 nou
1980 4065 2108 4140 habuit
2124 4086 2183 4144 se-

1009 4183 1186 4277 cundum,
1217 4182 1364 4258 dicens:
1395 4177 1432 4257 Si
1461 4185 1561 4257 ol’io
1589 4186 1794 4292 commendo
1824 4193 1886 4259 tuo
1915 4187 2101 4280 opinione5
2126 4183 2189 4262 ott

1009 4304 1173 4377 damona
1187 4311 1321 4378 naimo
1341 4307 1415 4376 moi
1437 4325 1509 4378 non
1531 4307 1592 4397 sue
1614 4300 1661 4378 ne*
1680 4307 1745 4397 pio,
1763 4305 1900 4380 seilicet
1915 4310 1991 4380 tam
2009 4305 2182 4400 perlecta,

1009 4427 1095 4514 qual
1108 4429 1148 4518 fn
1165 4429 1202 4499 in
1223 4429 1332 4519 puelle
1351 4428 1419 4500 due
1433 4445 1597 4518 persone,
1617 4425 1763 4520 scilicet,
1781 4425 1895 4501 bdam
1917 4432 1955 4500 et
1971 4426 2185 4501 Christo.-

1015 4550 1067 4620 Or
1083 4549 1165 4621 s'io.
1183 4548 1249 4623 llic
1270 4549 1428 4626 Thomas
1445 4545 1607 4642 procedit
1623 4547 1671 4620 ad
1689 4548 1919 4641 probandum
1947 4547 2046 4641 quod
2071 4545 2181 4622 uiam

1009 4667 1085 4762 ipse
1111 4687 1243 4743 verum
1270 4668 1361 4743 dixit
1375 4659 1413 4761 (³)
1438 4667 1586 4762 quando
1610 4667 1701 4742 dixit
1725 4689 1850 4763 supra,
1875 4690 1946 4743 non
1963 4689 2065 4744 rurae
2082 4672 2111 4742 il
2126 4689 2182 4742 se-

1071 4853 1098 4916 (¹)
1114 4855 1151 4904 Lo
1167 4855 1257 4918 parole
1273 4855 1312 4905 fra
1324 4857 1333 4905 i
1348 4857 1399 4906 due
1412 4856 1545 4906 mterlsohi
1556 4869 1603 4905 son
1613 4856 1725 4919 snpplite
1734 4858 1775 4907 dai
1784 4857 1870 4908 Codici
1882 4858 2056 4908 Strouianoe
2067 4857 2181 4910 matun.

1071 4931 1098 4992 (¹)
1115 4930 1146 4980 E.
1162 4930 1297 4995 intelligat.
1547 4929 1575 4993 (⁸)
1591 4931 1622 4982 E.
1638 4931 1736 4985 dixerb
1747 4933 1859 4997 quaudo.
