4842 6642
884 801 930 870 30
1274 815 1480 872 counnruu
1505 815 1673 870 ransmsr

880 969 1024 1054 namra,
1049 962 1152 1056 idest,
1180 964 1245 1038 sol.
1281 963 1333 1037 ln
1364 957 1515 1068 quodl')
1542 961 1742 1036 notandum
1772 961 1871 1055 quod
1901 962 1955 1036 sol
1985 967 2057 1037 stat

881 1081 918 1156 in
945 1083 1065 1158 medio
1091 1083 1174 1158 coeli
1201 1092 1395 1179 tamquam
1423 1104 1488 1159 rex
1515 1083 1552 1157 in
1580 1082 1700 1157 medio
1719 1082 1833 1178 regni,
1851 1082 1915 1177 qui
1936 1088 2055 1157 toturn

882 1201 988 1298 regit,
1014 1203 1185 1277 omnibus
1211 1204 1376 1299 imperat.
1413 1204 1531 1279 Habet
1562 1223 1726 1296 namque
1754 1203 1956 1278 Saturnum
1987 1224 2056 1299 pro

882 1322 1088 1399 consiliario
1113 1344 1192 1418 suo,
1218 1325 1305 1418 quia
1331 1325 1523 1400 consilium
1548 1331 1604 1400 est
1629 1343 1780 1417 senum3
1807 1325 1961 1399 Martem
1988 1345 2056 1419 pro

884 1442 1070 1539 belligero,
1103 1443 1179 1518 sive
1213 1444 1308 1519 duce
1338 1445 1433 1539 belli,
1462 1444 1527 1539 qui
1555 1445 1652 1541 gerit
1683 1443 1802 1537 bella3
1833 1445 1961 1520 lovem
1989 1464 2056 1540 pro

879 1563 1088 1658 justitiario,
1114 1563 1200 1658 quia
1225 1564 1390 1660 luppiter
1416 1564 1500 1640 lacit
1525 1584 1633 1660 reges
1663 1571 1701 1638 et
1733 1571 1894 1638 rectores
1914 1565 2055 1660 justos3

883 1684 1064 1760 Venerem
1091 1705 1158 1780 pro
1183 1687 1383 1781 provisore,
1409 1685 1496 1780 quia
1521 1684 1583 1759 dat
1608 1683 1732 1760 omnia
1749 1683 1975 1759 delectabilia
1994 1704 2056 1760 re·

882 1823 976 1901 gno;
1002 1805 1225 1878 Mercurium
1253 1825 1319 1899 pro
1345 1804 1486 1899 oruntio,
1512 1804 1598 1898 quia
1624 1811 1679 1878 est
1699 1804 1791 1880 deus
1814 1805 2055 1898 eloquentia,

882 1907 1023 1997 Lunam
1051 1944 1117 2018 pro
1143 1944 1325 2018 praecone,
1343 1925 1429 2020 quia
1447 1926 1535 1998 luna
1553 1931 1608 1998 ast
1625 1923 1860 2020 significatrix
1885 1925 2054 1998 omnium

882 2064 967 2138 quae
998 2043 1091 2117 fiunt
1120 2044 1157 2118 in
1189 2047 1294 2139 coelo,
1333 2051 1375 2118 ut
1411 2045 1495 2120 alibi
1535 2044 1674 2118 dictum
1709 2050 1776 2118 est.
1811 2044 1915 2120 Unde
1946 2044 2055 2120 dicit:

884 2168 943 2239 cte
958 2169 1131 2257 tmprenta
1145 2169 1173 2238 tt
1189 2169 1332 2258 morde,
1350 2165 1452 2260 idest,
1471 2164 1647 2259 imprimit
1663 2170 1701 2240 et
1717 2165 1859 2261 sigillat,
1880 2167 1939 2239 det
1953 2169 2057 2240 octor

884 2289 942 2361 det
969 2289 1068 2377 ciclo,
1103 2285 1206 2381 idest,
1238 2286 1426 2362 intluentia
1456 2293 1494 2360 et
1524 2285 1662 2361 virtute
1692 2285 1924 2362 informativa
1959 2286 2056 2380 coeli,

885 2406 983 2482 unde
998 2397 1035 2500 (¹)
1063 2406 1174 2481 etiam
1201 2407 1446 2502 philosophus,
1465 2407 1579 2482 solem
1601 2413 1670 2481 etc.
1697 2413 1735 2481 et
1759 2406 1867 2482 dicit:
1893 2429 1973 2482 ene
1990 2411 2057 2480 mi·

883 2547 971 2600 sura
994 2529 1022 2599 it
1046 2533 1157 2619 tempo
1178 2530 1236 2600 cot
1257 2548 1322 2601 suo
1342 2530 1445 2620 tome,
1462 2527 1548 2621 quia
1567 2527 1651 2601 lacit
1667 2525 1771 2601 nobis
1791 2527 2056 2603 distinctionem

884 2653 1107 2742 temporum,
1125 2653 1168 2719 ut
1182 2646 1323 2721 dictum
1341 2653 1417 2741 est3
1444 2646 1543 2722 unde
1559 2645 1758 2720 Martianus
1775 2653 1812 2723 et
1830 2649 2055 2723 Macrobius:

884 2768 943 2843 illo
968 2767 1118 2861 inquam
1147 2767 1322 2862 minister,
1339 2771 1526 2859 conplente
1541 2787 1608 2840 con
1630 2770 1746 2862 quella
1766 2777 1883 2862 porte,
1909 2769 2055 2862 scilicet,

884 2909 969 2963 cum
997 2889 1101 2986 signo
1126 2889 1261 2984 arietis,
1287 2891 1347 2962 etc
1369 2911 1411 2963 su
1426 2893 1459 2962 si
1473 2896 1685 2980 rommcnto,
1703 2888 1806 2983 idest,
1824 2895 2056 2964 memoratur

883 3010 994 3106 paulo
1020 3029 1131 3104 supra
1157 3008 1220 3083 ubi
1239 3008 1377 3083 dictum
1399 3009 1477 3102 luit,
1498 3011 1681 3083 dovetun
1698 3011 1967 3082 motoet’uttro
1984 3015 2053 3084 etc.

883 3129 1003 3223 Aliqui
1030 3137 1154 3203 tamen
1172 3135 1210 3202 et
1229 3129 1334 3201 multi
1361 3128 1523 3202 valentes
1547 3128 1720 3204 dixerunt
1741 3128 1809 3222 bic,
1829 3129 1928 3222 quod
1945 3135 2056 3204 autor

883 3249 1048 3346 intelligit
1072 3248 1119 3324 do
1144 3267 1291 3342 cancro,
1317 3249 1416 3342 quod
1442 3247 1589 3322 videtur
1605 3247 1693 3320 mibi
1712 3247 1844 3322 salsum
1862 3254 1899 3324 et
1919 3249 2058 3345 impos·

882 3369 1004 3463 sibile3
1030 3368 1117 3463 quia
1143 3368 1196 3442 sol
1223 3388 1371 3464 semper
1396 3367 1462 3441 tuit
1487 3367 1525 3440 in
1550 3366 1667 3442 ariete
1691 3368 1728 3442 in
1756 3373 1832 3442 toto
1849 3369 1943 3444 libro
1968 3369 2056 3444 isto:

883 3489 980 3564 unde
1006 3489 1043 3562 in
1069 3487 1246 3584 principio
1270 3487 1374 3562 istius
1400 3487 1481 3561 iibri
1508 3507 1682 3582 expresse
1707 3487 1866 3562 ostendit
1880 3479 1918 3580 (³)
1935 3494 2056 3582 autor,

882 3609 1068 3705 quomodo
1082 3609 1135 3682 sol
1149 3612 1231 3683 erat
1242 3607 1280 3681 in
1293 3608 1410 3682 ariete
1422 3607 1572 3703 quando
1590 3609 1710 3702 primo
1726 3607 1888 3683 ascendit
1905 3608 2055 3682 coelum.

883 3731 980 3826 Ergo
1001 3729 1079 3824 jam
1105 3749 1178 3803 non
1205 3727 1394 3803 transisset
1412 3727 1458 3801 ad
1476 3747 1665 3822 cancrum,
1684 3727 1771 3822 quia
1788 3727 1839 3801 sic
1855 3733 1966 3802 autor
1977 3729 2055 3823 jam

884 3851 1040 3925 stetisset
1070 3849 1106 3921 in
1134 3847 1303 3944 paradiso
1332 3849 1452 3922 tribus
1481 3848 1681 3942 mensibus,
1707 3868 1793 3922 cum
1826 3854 1951 3922 tamen
1983 3868 2056 3921 non

883 3971 1023 4046 steterit
1048 3970 1085 4043 in
1111 3969 1253 4043 inlerno
1287 3968 1355 4043 nisi
1385 3969 1504 4042 tribus
1531 3967 1673 4062 diebus,
1705 3974 1744 4041 et
1772 3967 1809 4041 in
1842 3969 2056 4064 purgatorio

883 4090 1057 4184 totidem;
1083 4095 1264 4184 praeterea
1289 4089 1376 4162 satis
1401 4094 1554 4184 apparet
1569 4087 1669 4182 quod
1685 4088 1859 4182 loquatur
1876 4087 1922 4162 de
1938 4089 2056 4162 ariete

884 4232 950 4306 per
965 4200 1000 4302 (⁸)
1028 4209 1062 4284 id
1095 4209 1194 4304 quod
1227 4209 1405 4302 sequitur.
1436 4207 1539 4282 Unde
1572 4207 1681 4281 dicit:
1712 4211 1744 4280 st
1772 4211 1903 4299 ρι’ναυα
1928 4229 1995 4301 per
2027 4210 2058 4281 te

882 4336 986 4424 spire.
1013 4331 1117 4425 Spira
1142 4331 1348 4425 appellatur
1373 4329 1433 4403 illa
1458 4327 1590 4425 giratio
1607 4335 1644 4403 et
1666 4328 1847 4403 revolutio
1867 4349 1981 4422 quam
2003 4329 2058 4402 sol

883 4452 968 4526 lacit
999 4451 1149 4547 singulis
1179 4450 1332 4545 diebus3
1364 4470 1448 4523 narn
1483 4469 1674 4542 nunquam
1709 4449 1804 4529 redit
1832 4441 1930 4542 add)
1957 4449 2054 4525 idem

884 4577 1081 4668 punctum,
1099 4570 1183 4645 lacit
1201 4570 1298 4645 enim
1317 4571 1413 4645 sicut
1429 4569 1524 4643 lunis
1541 4569 1578 4642 in
1595 4569 1738 4666 girgillo
1756 4591 1868 4664 supra
1884 4577 2054 4665 puteum,

884 4693 943 4768 vel
969 4693 1062 4766 sicut
1082 4690 1183 4764 iilum
1203 4691 1302 4766 circa
1319 4692 1456 4784 lusum,
1473 4690 1561 4784 quia
1583 4711 1658 4764 una
1683 4691 1865 4766 revolutio
1885 4689 1926 4765 ut
1945 4693 2057 4787 juxta

946 4881 974 4942 (¹)
989 4884 1014 4941 t,
1030 4881 1100 4944 quod
1115 4885 1155 4931 est
1169 4883 1320 4933 mundum.
1454 4878 1483 4943 (¹)
1498 4881 1524 4931 S.
1540 4894 1556 4931 a
1572 4881 1603 4931 a
1619 4881 1689 4932 uude
1704 4883 1848 4932 seeundum
1864 4881 2057 4945 pbilosopbum.

946 4957 974 5022 (¹)
990 4957 1021 5007 Β.
1037 4957 1108 5008 dicit.
1232 4957 1260 5020 (⁸)
1276 4957 1301 5008 S.
1319 4971 1367 5021 pro
1382 4969 1415 5009 eo
1430 4958 1509 5022 quod.
1614 4957 1643 5021 (Ἴ
1657 4957 1689 5008 lt.
1705 4958 1737 5008 ad
1752 4959 1875 5009 eumdem
1891 4962 2026 5022 punctum.
