4842 6642
846 861 986 917 murus
1012 862 1213 917 vronsruus.
1546 850 1617 915 255

448 1009 579 1083 silium.
607 1010 650 1082 Et
677 1008 832 1103 explicat
849 1009 967 1105 ipsum
986 1015 1112 1082 actum
1129 1007 1354 1100 animarum,
1370 1006 1459 1079 dum
1478 1004 1617 1079 subdit:

445 1122 533 1221 perd
558 1131 617 1201 olle
643 1136 722 1203 tutte
746 1132 855 1220 puelle
880 1131 954 1203 oioe
979 1131 1058 1221 laci,
1087 1128 1190 1221 idest,
1222 1128 1369 1202 vivaces
1393 1133 1431 1200 et
1456 1124 1620 1199 lucentes

448 1248 592 1343 auimae,
619 1270 703 1343 quae
735 1249 1047 1343 repraesentabant
1073 1248 1191 1343 ipsum
1218 1247 1363 1343 signum
1395 1245 1540 1340 aquila,
1567 1248 1620 1318 vie

444 1364 506 1461 piri
540 1372 697 1459 lucendo,
732 1368 878 1461 scilicet,
915 1368 1031 1465 magis
1066 1388 1178 1462 quam
1215 1368 1344 1462 primo,
1380 1370 1621 1439 comincioron

449 1493 556 1579 conti,
582 1496 619 1563 et
651 1490 766 1585 tangit
791 1490 1044 1564 excellentiam
1073 1487 1241 1583 ipsorum
1262 1494 1452 1581 cantuum,
1477 1486 1620 1562 dicens:

451 1610 588 1684 labilia
613 1614 736 1685 caduci
759 1613 809 1685 do
835 1614 906 1683 mab
938 1613 1121 1700 memoria,
1155 1610 1242 1704 quia
1273 1630 1348 1683 non
1378 1628 1521 1704 possem
1557 1627 1621 1683 eos

450 1730 497 1806 ad
516 1729 731 1805 memoriam
756 1750 943 1824 revocare,
971 1748 1039 1803 nec
1065 1749 1130 1823 per
1155 1748 1385 1822 consequens
1414 1728 1620 1823 propalare,

452 1856 600 1947 propter
629 1870 761 1925 eorum
794 1847 1035 1941 altitudinem,
1068 1849 1161 1922 sicut
1187 1850 1267 1943 Jam
1297 1847 1415 1943 patuit
1442 1868 1540 1941 saepe
1574 1846 1621 1921 de

451 1969 529 2043 aliis
555 1969 731 2044 cantibus.
746 1972 843 2042 -0
868 1971 965 2043 dolce
989 1989 1123 2041 umore.
1149 1969 1215 2042 llic
1235 1975 1344 2041 arator
1361 1968 1446 2061 quia
1465 1988 1538 2041 uon
1555 1986 1622 2061 po-

453 2095 523 2163 test
541 2094 806 2184 repraesentare
826 2088 1052 2163 altitudinem
1080 2095 1209 2161 cantus
1236 2088 1380 2161 illarum
1399 2087 1623 2177 animarum,

455 2209 594 2283 extollit
627 2228 756 2282 rocem
791 2208 950 2282 caritatis
985 2230 1068 2302 quae
1107 2209 1301 2283 resonabat
1332 2207 1370 2283 iu
1404 2208 1492 2301 illis;
1527 2207 1625 2281 unde

455 2329 636 2402 exclamat
662 2327 1008 2403 cumadmiratione
1033 2335 1071 2403 et
1095 2328 1301 2421 devotione,
1319 2329 1458 2403 dicens:
1481 2330 1626 2403 Odolce

454 2468 588 2538 amore,
614 2446 761 2541 scilicet,
787 2447 947 2522 ardentis
972 2448 1144 2543 caritatis,
1165 2452 1225 2523 cte
1245 2454 1450 2523 t'ommunti
1473 2453 1511 2524 di
1535 2453 1625 2538 riso,

456 2568 558 2661 laesa
586 2567 718 2641 velans
745 2568 881 2661 uotiua,
908 2536 1037 2661 aaa
1057 2574 1186 2663 paren
1210 2574 1367 2665 aromo,
1391 2571 1495 2665 quast
1516 2570 1625 2661 ntor,

456 2686 789 2783 superexcellenter
802 2680 851 2781 l'l,
878 2690 914 2761 in
947 2692 1024 2779 poet
1049 2692 1175 2783 famili,
1202 2691 1306 2784 idest,
1331 2690 1452 2785 sibilis,
1478 2690 1624 2780 scilicet,

456 2808 493 2883 in
519 2807 669 2881 vocibus
695 2808 838 2881 canoris
868 2808 1013 2883 illorum
1049 2809 1268 2903 spirituum:
1304 2810 1402 2885 unde
1433 2810 1540 2885 dicit:
1567 2812 1627 2883 cte

456 2948 593 3001 oceano
617 2930 727 3020 spirlo
751 2932 827 3001 solo
852 2932 890 3001 di
911 2934 1050 3021 paucior
1074 2934 1180 3020 sonti,
1198 2932 1300 3024 idest,
1318 2931 1381 3024 qui
1399 2939 1529 3005 cantus
1546 2950 1626 3005 mo·

457 3048 637 3123 vehantur
657 3049 775 3122 solum
803 3070 825 3123 a
851 3049 983 3123 sanctis
1001 3050 1110 3144 euris,
1131 3072 1203 3125 non
1222 3052 1336 3145 vanis,
1352 3072 1374 3125 a
1392 3052 1526 3145 quibus
1546 3071 1628 3125 mo-

458 3176 589 3243 ventur
615 3176 744 3243 cantus
769 3170 961 3243 hominum
989 3190 1249 3245 amorosorum
1267 3163 1305 3263 (²)
1323 3171 1360 3245 in
1383 3171 1522 3245 mundo
1548 3172 1627 3245 isto.

456 3292 650 3363 -Poscio
678 3290 743 3365 llic
768 3298 877 3364 autor
902 3290 1084 3385 descripto
1105 3299 1216 3365 cantu
1235 3292 1381 3366 illarum
1402 3293 1625 3385 animarum,

458 3432 555 3485 nunc
580 3410 751 3485 describit
775 3418 992 3505 apparatum
1015 3413 1149 3507 aquilae
1169 3412 1216 3487 ad
1234 3412 1460 3507 loquendum
1481 3412 1628 3506 iterum,

457 3530 661 3605 tacentibus
688 3530 773 3624 illis;
800 3538 835 3604 et
862 3530 981 3626 primo
1007 3531 1177 3607 describit
1201 3532 1408 3608 discursum
1435 3532 1534 3607 vocis
1565 3552 1630 3627 per

458 3652 593 3726 collum
620 3651 754 3745 aquilae
782 3672 848 3745 per
870 3673 981 3725 unam
1003 3653 1313 3747 comparationem
1335 3653 1471 3727 claram
1490 3659 1527 3727 et
1544 3673 1630 3747 pro·

460 3772 642 3866 priamll,
678 3780 715 3846 et
745 3771 853 3845 dicit:
889 3773 987 3866 quod
1021 3774 1140 3846 visum
1178 3773 1247 3847 luit
1277 3774 1343 3847 sibi
1377 3774 1476 3867 quod
1507 3774 1628 3867 aquila

460 3892 597 3967 laceret
622 3914 687 3987 per
712 3892 839 3988 gulam
859 3891 945 3966 illud
967 3914 1149 3988 murmur,
1167 3893 1267 3987 quod
1287 3894 1370 3968 lacit
1387 3895 1526 3967 llumen
1547 3894 1630 3968 bao-

460 4032 555 4105 sum,
582 4012 688 4086 cuius
713 4034 810 4107 aqua
837 4014 935 4087 clara
964 4013 1097 4086 labitur
1123 4034 1189 4108 per
1216 4013 1371 4086 mundas
1403 4021 1535 4108 petras.
1562 4013 1631 4088 Οτ-

460 4132 542 4208 dina
569 4142 607 4209 et
631 4142 805 4209 construe
838 4135 888 4209 sic
923 4135 1088 4209 literam:
1120 4138 1206 4209 Udir
1236 4138 1284 4207 mi
1309 4154 1424 4227 parve
1456 4154 1504 4207 nn
1535 4154 1631 4207 mor·

461 4276 586 4327 moror
610 4258 773 4349 diploma
798 4259 858 4330 obe
881 4258 1005 4328 scande
1029 4256 1151 4329 clrioro
1176 4251 1236 4346 pot
1261 4258 1299 4329 di
1317 4260 1421 4347 petro
1453 4258 1490 4327 in
1515 4264 1633 4347 petra,

461 4372 726 4469 indeficientem
754 4377 851 4451 unde
876 4376 971 4469 dicit,
992 4379 1199 4450 mouendo
1224 4366 1382 4450 l’oberld
1405 4379 1463 4449 del
1483 4398 1546 4449 ruo
1570 4396 1633 4449 co-

460 4514 570 4585 mme,
595 4494 697 4589 idest,
723 4496 908 4591 copiosam
943 4515 1074 4570 venam
1111 4496 1245 4569 montis
1275 4515 1299 4569 a
1333 4516 1408 4590 quo
1439 4494 1634 4587 descendit,

461 4615 547 4709 quia
574 4636 763 4709 nunquam
791 4616 911 4691 delicit
936 4615 1002 4689 sibi
1030 4636 1139 4710 aqua.
1167 4616 1210 4687 Et
1236 4622 1322 4690 nota
1354 4615 1452 4710 quod
1485 4636 1635 4711 compa·

464 4734 555 4810 ratio
582 4742 636 4809 est
663 4735 808 4831 pmpria
834 4737 881 4811 ad
906 4736 1146 4832 propositum,
1179 4735 1267 4829 quia
1292 4736 1386 4809 sicut
1415 4756 1513 4829 aqua
1542 4756 1634 4831 pura

527 4924 554 4985 (¹)
571 4924 596 4974 S.
613 4926 872 4987 superexcellentem.
1059 4924 1134 4988 (¹113.
1153 4926 1374 4989 vagabundomm.

527 4998 554 5061 (Ἴ
571 5000 601 5049 Ε·
618 5001 759 5064 propriam,
775 5001 871 5063 ἀίωω,
887 5002 957 5066 quud
974 5002 1065 5052 vinnm.
