4842 6642
763 882 901 939 CANTUS
927 884 1086 940 nectutis
1111 884 1282 942 OCTAVUS.
1537 878 1603 943 221

433 1024 580 1101 ielicitat
614 1026 824 1121 bominem;
851 1035 888 1103 et
920 1028 1016 1105 istud
1049 1050 1184 1105 nomen
1206 1032 1392 1123 justitium,
1423 1033 1522 1127 quod
1554 1041 1610 1109 est

434 1146 613 1242 optimum
642 1168 791 1241 nomen,
822 1149 919 1244 qood
953 1150 1100 1226 felicitat
1132 1154 1324 1226 mundum.
1358 1154 1402 1226 ut
1432 1154 1537 1229 dicit:
1572 1159 1610 1228 di

433 1274 514 1341 tutto
539 1270 566 1340 'l
589 1270 734 1363 diplom,
764 1269 865 1362 idest,
898 1270 1008 1345 totius
1041 1272 1228 1367 orationis,
1259 1294 1343 1367 quae
1374 1273 1608 1370 effigiabatur

434 1395 470 1463 et
495 1389 830 1483 repraesentabatur
856 1410 922 1485 per
949 1390 1086 1488 ligures
1112 1392 1209 1467 illas:
1237 1400 1274 1467 et
1299 1393 1400 1469 dicit:
1428 1398 1487 1487 qui
1507 1396 1609 1485 judi·

433 1510 519 1581 colis
544 1516 678 1581 turam
700 1512 764 1603 sur
788 1514 920 1605 sezzni,
950 1511 1053 1607 idest,
1088 1513 1186 1607 quod
1213 1513 1291 1587 istae
1324 1515 1497 1590 dictiones
1526 1515 1608 1589 lue·

435 1636 522 1704 runt
549 1629 686 1704 ultimae
713 1637 834 1725 partes
865 1630 970 1706 dictae
1001 1634 1185 1708 orationis.
1221 1635 1265 1709 Et
1298 1635 1357 1710 bic
1386 1642 1473 1710 nota
1507 1636 1605 1730 quod

433 1756 544 1825 autor
568 1750 837 1846 elegantissime
864 1752 965 1848 lingit
991 1753 1076 1827 istas
1101 1755 1244 1830 animas
1273 1763 1423 1831 cantare
1448 1761 1486 1831 et
1510 1755 1607 1852 tigu-

433 1892 519 1947 rare
536 1873 640 1947 istam
664 1873 867 1947 orationem
882 1873 927 1947 ad
943 1874 1216 1969 persuasionem
1230 1876 1332 1971 juste
1349 1877 1604 1975 regnantium3

434 1992 513 2068 baec
539 1993 637 2068 enim
665 1993 783 2066 oratio
809 1993 981 2067 scribitur
1003 1992 1194 2089 Sapientiae
1218 1994 1338 2089 primo
1359 1996 1517 2092 capitulo
1535 2002 1604 2071 etc.
1675 2086 1682 2097 ο

432 2114 475 2187 itt
499 2112 632 2189 merito
657 2120 766 2187 autor
792 2112 876 2187 iacit
901 2113 958 2187 bic
983 2114 1089 2187 istam
1116 2115 1404 2211 persuasionem,
1422 2116 1509 2211 quia
1534 2115 1601 2189 ista

431 2242 486 2310 on
510 2234 788 2330 preclarissima
815 2234 932 2307 virtus
957 2233 1160 2308 secundum
1192 2234 1446 2330 pbilosopbum
1474 2243 1511 2311 et
1536 2256 1604 2310 ne·

430 2354 687 2431 cessarissima.
726 2354 825 2429 Unde
858 2354 1103 2451 Augustinus:
1137 2354 1224 2450 quid
1251 2356 1347 2430 enim
1375 2363 1461 2430 sunt
1487 2376 1600 2452 regna

431 2476 508 2551 sine
530 2474 668 2571 justitia
684 2477 900 2547 i-Posu'o
924 2477 1058 2549 uellit.
1086 2474 1150 2549 llic
1175 2483 1284 2550 autor
1303 2474 1474 2551 describit
1495 2476 1601 2570 quie·

430 2596 604 2671 tationcm
627 2596 683 2669 vel
706 2593 905 2669 linitionem
926 2594 1108 2669 dictarum
1129 2596 1359 2691 animarum3
1381 2603 1419 2671 et
1438 2594 1602 2670 breviter

429 2716 524 2810 dicit,
550 2715 648 2811 quod
676 2720 934 2789 remanserunt
952 2716 1008 2790 vel
1027 2715 1225 2791 finiverunt
1241 2716 1277 2790 in
1296 2717 1423 2793 ultima
1441 2716 1597 2790 dictione

431 2836 604 2913 orationis
629 2835 816 2911 ordinatae.
835 2835 926 2909 Dicit
952 2856 1058 2932 ergo:
1086 2840 1213 2911 Posoic
1228 2841 1403 2911 limosano
1422 2840 1597 2926 ordinate,

430 2957 576 3051 scilicet,
602 2976 730 3030 omnes
757 2954 937 3050 praeutctae
964 2956 1078 3030 literae
1103 2957 1362 3051 precedentes,
1388 2960 1521 3031 nolti!
1542 2959 1599 3030 del

429 3076 575 3151 uocabol
598 3078 728 3172 pulmo,
754 3075 858 3169 idest,
888 3076 923 3148 in
957 3076 1084 3150 ultima
1114 3076 1218 3151 litera
1252 3078 1392 3152 ultimae
1423 3076 1599 3169 dictionis,

429 3198 562 3274 scilicet
587 3205 734 3288 terrum,
752 3217 838 3291 quae
857 3204 913 3271 est
929 3197 1055 3292 quinta
1074 3197 1182 3272 dictio
1199 3198 1383 3273 orationis.
1406 3199 1476 3272 lsta
1501 3196 1598 3272 enim

427 3319 545 3395 oratio
569 3324 711 3394 constat
736 3338 781 3393 ex
809 3317 973 3413 quinque
989 3317 1216 3393 dictionibus.
1238 3319 1282 3392 ut
1298 3318 1383 3393 dicit
1402 3317 1500 3414 quod
1522 3317 1600 3389 istae

429 3438 543 3513 literae
567 3438 751 3513 habebant
775 3439 937 3512 colorem
965 3458 1136 3532 aureum,
1158 3440 1260 3515 velut
1284 3439 1313 3512 si
1339 3439 1454 3513 literae
1471 3437 1518 3512 de
1535 3457 1602 3511 en-

427 3561 587 3634 claustro
600 3579 716 3633 aureo
731 3567 851 3633 essent
864 3557 1053 3653 descriptae
1071 3558 1107 3631 in
1125 3559 1251 3632 cbarta
1269 3557 1316 3632 de
1332 3565 1487 3654 argento
1503 3556 1599 3631 albo.

428 3678 530 3755 Unde
554 3678 656 3753 dicit:
682 3672 712 3751 si
736 3680 797 3751 olle
824 3680 943 3769 Giooe,
970 3677 1032 3771 qui
1059 3685 1114 3753 cst
1131 3677 1237 3751 albus
1254 3677 1332 3751 sive
1347 3676 1533 3770 candidus,
1554 3683 1597 3748 ut

428 3799 564 3874 dictum
591 3807 657 3892 est,
680 3820 816 3891 parona
842 3806 1003 3889 arpento,
1025 3798 1170 3891 scilicet,
1197 3797 1233 3870 in
1258 3797 1393 3890 colore,
1415 3790 1439 3870 tt
1457 3799 1598 3869 obtimo

429 3920 555 4011 d’oro,
581 3918 728 4012 scilicet,
748 3924 896 4013 propter
921 3915 1198 3991 slavillationem
1225 3916 1373 3990 illorum
1401 3915 1595 4012 spirituum

429 4040 646 4115 ardentium.
666 4040 710 4113 Et
726 4039 784 4112 bic
802 4046 898 4131 nota,
916 4024 1015 4131 quod
1032 4036 1164 4111 animae
1181 4037 1445 4111 constituentes
1461 4036 1594 4111 dictam

429 4160 631 4235 orationem
667 4164 751 4233 sunt
782 4180 844 4233 sex
877 4158 1009 4232 animae
1039 4157 1365 4232 illustrissimorum
1381 4151 1419 4251 (¹)
1453 4177 1596 4253 regum,

427 4302 511 4377 quae
542 4280 723 4379 sigillatim
759 4279 1017 4355 describuntur
1051 4278 1087 4351 in
1121 4277 1288 4373 sequenti
1322 4278 1601 4374 capitulo-E

427 4406 506 4477 vidi.
539 4402 603 4477 Hic
633 4409 744 4477 autor
774 4400 944 4475 describit
972 4398 1236 4495 apparitionem
1265 4398 1422 4473 aliarum
1453 4398 1597 4473 anima-

427 4546 522 4619 rum,
553 4544 638 4620 quae
670 4522 969 4619 supervenientes
1004 4524 1276 4615 supposuerunt
1307 4538 1348 4593 se
1376 4518 1423 4592 ad
1458 4523 1509 4609 lt,
1541 4517 1596 4591 di-

425 4664 529 4719 oens:
548 4650 581 4718 Ε
595 4647 666 4717 aldi
682 4646 773 4716 altre
790 4644 869 4734 trem,
887 4640 989 4735 idest,
1007 4640 1095 4714 alias
1111 4638 1254 4713 animas
1271 4639 1436 4715 lucentes
1461 4645 1597 4733 praeter

425 4765 627 4860 praedictas
643 4766 789 4838 scendo·
806 4764 885 4837 dou'
898 4782 963 4834 ero
987 4762 1014 4833 il
1037 4762 1148 4833 colmo
1169 4748 1248 4832 deit
1258 4764 1309 4850 ll,
1329 4780 1349 4831 c
1373 4751 1399 4831 tt
1425 4762 1592 4850 puctorsi,
