4842 6642
844 810 914 880 tea
1234 823 1438 880 munorum
1463 822 1631 878 bumont
1661 769 1666 780 ’

842 971 973 1066 nitatis,
990 970 1077 1067 quia
1090 961 1128 1063 (¹)
1147 990 1354 1065 numquam
1379 971 1477 1046 Deus
1499 969 1585 1046 lecit
1607 967 1785 1044 maiorem
1813 969 2014 1046 bonitatem

840 1112 954 1187 qoam
989 1091 1172 1167 redimere
1205 1092 1412 1167 humanum
1446 1110 1565 1188 genus
1594 1109 1661 1185 per
1692 1089 1855 1165 llariam.
1882 1089 1928 1165 Et
1958 1089 2015 1164 lric

841 1218 926 1288 nota
952 1210 1053 1307 quod
1075 1208 1313 1287 artificialiter
1338 1217 1448 1287 autor
1472 1209 1645 1287 describit
1669 1209 2013 1286 excellentissimam

841 1331 996 1428 gloriam
1022 1322 1215 1424 Mariae(²);
1242 1352 1327 1405 nam
1354 1331 1449 1406 sicul
1468 1338 1568 1428 palei
1592 1331 1628 1405 in
1655 1336 1732 1406 toto
1748 1331 1818 1406 islo
1835 1331 1930 1406 libro
1946 1332 2015 1406 Pa·

843 1452 951 1528 radisi
976 1459 1087 1527 antor
1112 1451 1300 1548 descripsit
1326 1451 1541 1528 mirabiliter
1570 1451 1726 1548 gloriam
1758 1459 1797 1526 et
1820 1451 2014 1526 beatitudi-

844 1593 928 1646 nem
954 1572 1148 1648 beatorum
1166 1572 1385 1668 angelorum
1410 1579 1448 1647 et
1472 1570 1646 1646 beatricis
1666 1571 1703 1645 in
1719 1570 1865 1667 speciali
1891 1578 1929 1646 et
1948 1590 2015 1668 ge·

843 1692 957 1768 nerali
991 1692 1240 1787 multifariam,
1268 1691 1468 1788 multisque
1502 1691 1630 1788 modis,
1664 1711 1752 1767 cnm
1785 1691 2015 1768 nobilissimis

702 1853 711 1867 ι
841 1811 1187 1908 comparationibus,
1201 1812 1399 1908 coloribus,
1414 1811 1637 1908 metaphoris
1652 1818 1691 1887 et
1707 1811 1894 1907 exemplis.
1908 1812 2014 1886 Nunc

843 1953 932 2008 vero
957 1932 1165 2028 dicitquod
1190 1932 1364 2028 quicquid
1391 1933 1479 2008 vidit
1497 1933 1675 2008 hactenus
1700 1951 1768 2028 per
1794 1939 1914 2008 totum
1940 1952 2014 2008 non

841 2053 1081 2148 obstupefecit
1105 2073 1194 2128 eum
1220 2053 1257 2126 in
1283 2058 1439 2148 tantum,
1466 2071 1534 2128 nec
1558 2051 1627 2127 luit
1652 2051 1804 2149 dignum
1830 2059 1932 2128 tanta
1949 2052 2014 2128 ad·

841 2175 1047 2271 miratione,
1072 2174 1166 2249 sicot
1190 2173 1381 2250 ineffabilis
1406 2181 1443 2250 et
1467 2173 1761 2270 incomparabilis
1793 2173 1912 2269 gloria
1941 2174 2016 2248 lla·

842 2295 907 2370 rioe
921 2285 957 2388 (⁸)
985 2315 1069 2389 quae
1094 2293 1176 2389 plns
1202 2299 1439 2390 repraesentat
1456 2302 1494 2370 et
1511 2293 1638 2389 recipit
1653 2293 1700 2369 de
1720 2293 1842 2370 divino
1861 2293 2031 2368 lumine.-

839 2420 935 2488 -Ε
956 2416 1079 2512 puello.
1105 2413 1171 2488 llic
1196 2413 1407 2489 Bernardus
1437 2413 1608 2490 describit
1639 2413 1935 2491 excellentiorem
1966 2432 2012 2488 er

843 2534 910 2610 illis
932 2533 1072 2630 angelis
1090 2533 1223 2608 eteius
1243 2533 1420 2628 officium,
1437 2533 1580 2610 dicens:
1598 2540 1631 2608 Ε
1645 2537 1757 2628 puello
1776 2555 1894 2626 amor,
1912 2533 2012 2628 idest,

843 2655 997 2753 angelos
1009 2653 1168 2749 Gabriel,
1180 2656 1242 2728 olle
1246 2658 1366 2747 primo
1378 2647 1403 2728 tl
1415 2657 1556 2747 decue,
1573 2654 1721 2749 scilicet,
1739 2655 1872 2749 llariae,
1893 2657 2015 2730 dame

842 2779 956 2851 lesuc
980 2777 1030 2850 cli
1053 2778 1201 2849 dinanzi
1224 2795 1250 2848 o
1274 2777 1332 2866 lei,
1357 2773 1504 2868 scilicet,
1533 2795 1661 2850 coram
1688 2775 1812 2870 llario,
1837 2776 2014 2850 oonmndo

815 2923 822 2936 ·
841 2897 1467 2990 Avc‚l1an·a,praaaptena,quam
1484 2894 1742 2972 salutationem
1760 2895 1846 2972 lecit
1865 2894 2013 2991 quando

841 3016 953 3114 Virgo
968 3004 1005 3109 (δ)
1036 3015 1203 3112 concepit
1233 3015 1429 3092 Christum.
1462 3016 1508 3090 lit
1536 3015 1677 3092 subdit:
1710 3021 1746 3091 lc
1777 3017 1878 3091 beato
1902 3024 2010 3108 corte,

840 3137 960 3213 omnis
984 3139 1120 3212 cborns
1143 3137 1364 3233 angelorum
1396 3143 1434 3212 el
1464 3136 1672 3230 beatorum,
1698 3140 1833 3230 n'sposc
1857 3140 1932 3211 olla
1959 3138 2016 3211 di-

841 3259 926 3330 oinc
958 3260 1147 3348 conticeo,
1177 3256 1324 3351 scilicet,
1356 3261 1546 3332 mutantes
1580 3262 1617 3334 et
1649 3256 1810 3334 dicentes
1842 3259 2014 3332 Dondnm

841 3385 950 3452 mum
973 3382 1043 3453 etc.
1070 3379 1115 3452 Et
1138 3377 1255 3474 tangit
1280 3375 1457 3454 virtutem
1483 3377 1563 3453 talis
1590 3379 1793 3474 cantilenae,
1819 3369 2014 3454 dicenszsi

839 3501 987 3592 cb'opni
1011 3502 1101 3573 abta
1125 3519 1187 3573 sen
1209 3503 1246 3593 sc
1267 3492 1330 3591 piri
1354 3518 1494 3588 screno,
1511 3497 1598 3592 quia
1616 3517 1745 3574 omnes
1763 3498 1879 3595 magis
1905 3499 2010 3575 exbi-

840 3619 944 3695 larati
969 3627 1066 3694 sunt.
1080 3623 1177 3693 -0
1201 3624 1315 3692 samo.
1333 3617 1399 3693 llic
1415 3623 1525 3694 autor
1545 3618 1740 3715 persuadet
1764 3618 1953 3695 Bernardo
1972 3625 2013 3693 ut

840 3740 937 3816 dicat
961 3738 1044 3833 quis
1067 3744 1123 3814 est
1148 3738 1208 3814 ille
1233 3738 1387 3836 angelus
1412 3737 1646 3834 principalior
1672 3738 1708 3814 in
1735 3739 1803 3813 islo
1829 3739 1932 3833 lesto,
1959 3738 2013 3812 di-

842 3880 946 3935 cens:
966 3864 997 3934 O
1014 3867 1118 3934 santo
1131 3863 1261 3952 padre,
1282 3858 1428 3954 scilicet,
1447 3858 1646 3954 Bernarde,
1663 3860 1723 3934 cle
1738 3867 1915 3952 comporto
1932 3861 2015 3933 les-

840 4001 899 4054 scr
913 3989 917 3995 '
931 4001 1001 4072 quc
1028 3975 1102 4073 piri,
1135 3979 1238 4074 idest,
1264 3979 1300 4053 in
1334 3977 1403 4053 isto
1433 3979 1542 4054 basso
1573 3999 1678 4075 rosae,
1710 4001 1778 4072 per
1812 4001 1879 4072 nne,
1912 3978 2014 4073 idest,

841 4100 959 4197 gratia
992 4099 1064 4176 mei
1098 4100 1136 4174 in
1170 4121 1298 4177 meum
1334 4099 1521 4194 lavorem;
1554 4106 1591 4176 et
1630 4099 1734 4176 dicit:
1772 4101 1956 4174 lascicndo
1990 4103 2017 4174 il

840 4223 938 4294 dolce
962 4222 1037 4295 loco
1061 4223 1120 4295 nel
1143 4223 1229 4313 puel
1251 4227 1286 4294 lu
1309 4221 1397 4294 sicdi
1417 4241 1484 4313 per
1509 4225 1629 4294 cunm
1644 4227 1751 4312 sorte,
1774 4220 1879 4315 quasi
1899 4219 2012 4294 dicat:

839 4340 1094 4437 praedestinato
1119 4340 1182 4416 tibi
1207 4340 1256 4416 ab
1286 4347 1437 4426 aeterno.
1465 4341 1541 4416 Hoc
1570 4339 1656 4416 dicit
1685 4341 1772 4434 qula
1802 4340 2015 4416 Bernardus

839 4460 998 4537 babebat
1030 4461 1154 4538 sedem
1187 4483 1295 4537 suam
1330 4461 1366 4536 in
1402 4460 1541 4536 circulo
1573 4461 1768 4536 doctorum
1807 4461 1845 4536 in
1880 4469 2015 4558 quarto

790 4726 793 4735 ¹
900 4723 976 4785 (¹113.
993 4725 1064 4788 qnod
1079 4737 1208 4788 numnam
1225 4723 1304 4774 Deua.
1496 4721 1524 4784 l'l
1540 4721 1571 4772 B.
1587 4721 1701 4788 Virginis
1716 4723 1817 4776 unns.

900 4798 928 4860 (¹)
944 4799 975 4850 lt
992 4800 1105 4864 Virginis
1122 4800 1222 4851 Maria.

901 4874 928 4938 ll)
944 4874 976 4925 tt
991 4875 1073 4941 Virgo
1089 4875 1172 4928 ilaris
1189 4874 1308 4939 concepit
1324 4873 1413 4924 lesum
1429 4873 1570 4926 Christum.
1586 4874 1622 4926 llt
1637 4875 1731 4938 rnbdb,
1741 4876 1769 4928 lc
1778 4875 1851 4928 beatu
1861 4881 1937 4934 corte,
1948 4873 2014 4926 idol
