4842 6642
753 846 891 902 cnutus
916 847 1073 903 DECIMUS
1098 847 1261 902 nunnius.
1524 836 1593 902 105

420 994 622 1090 appellatur
647 991 795 1086 quando
821 1012 894 1067 una
930 993 1025 1068 linea
1058 1000 1158 1067 recta
1189 992 1285 1067 cadit
1315 991 1451 1068 directe
1483 1012 1596 1088 snper

420 1117 528 1191 aliam
554 1115 689 1188 lineam
717 1119 868 1207 rectam,
888 1112 983 1188 siout
999 1119 1098 1208 patet
1123 1113 1160 1188 in
1186 1112 1291 1209 signo
1316 1114 1436 1188 crucis
1460 1120 1529 1189 etc.
1544 1153 1595 1166 -

425 1239 533 1312 Onde.
551 1235 617 1310 llic
634 1235 792 1308 Thomas
809 1234 991 1310 concludit
1008 1235 1248 1310 intentionem
1266 1255 1372 1308 suam
1390 1235 1487 1309 circa
1505 1234 1594 1309 illud

421 1355 573 1448 dictum,
598 1355 741 1429 dicens:
773 1357 872 1428 Onde
896 1357 1020 1428 vedroi
1050 1376 1136 1428 ouer
1169 1357 1359 1429 solamente
1387 1359 1529 1448 rispetto
1559 1359 1597 1427 ci

421 1477 509 1568 regi,
538 1474 640 1567 idest,
666 1473 814 1568 videbis
842 1474 939 1567 qood
964 1474 1127 1570 dicendo,
1154 1497 1227 1548 uon
1255 1497 1357 1550 surse
1379 1479 1407 1550 il
1429 1479 1594 1566 secondo,

421 1595 540 1670 habeo
566 1601 774 1688 respectum
800 1595 920 1668 solum
947 1595 993 1668 ad
1019 1615 1145 1690 reges;
1163 1603 1200 1671 et
1221 1596 1319 1690 dicit,
1338 1600 1400 1670 che
1417 1617 1484 1669 soa
1500 1598 1597 1669 rooth

422 1717 582 1792 ethnon
606 1735 671 1788 son
696 1718 778 1788 ruri
800 1737 838 1789 se
862 1723 897 1788 tu
922 1723 1000 1789 cote
1019 1708 1072 1790 oid
1092 1718 1191 1789 ch'io
1211 1719 1310 1808 dissi,
1328 1716 1429 1811 idest,
1449 1716 1478 1790 si
1496 1714 1595 1809 quod

422 1837 559 1912 dictum
586 1840 640 1910 est
667 1855 798 1910 verum
825 1841 891 1928 est,
918 1842 955 1910 et
979 1835 1007 1909 si
1035 1843 1072 1908 tu
1101 1836 1309 1912 consideras
1327 1839 1490 1934 regalem
1506 1857 1595 1910 sen·

422 1977 505 2030 sum
532 1955 596 2050 qui
621 1955 688 2028 luit
713 1955 750 2029 in
775 1956 854 2030 isto.
879 1955 981 2029 Unde
1005 1955 1114 2030 dicit:
1140 1961 1244 2048 repat
1261 1960 1450 2049 prudenza
1474 1953 1496 2031 e*
1517 1958 1597 2049 quei
1739 1999 1743 2007 ·

422 2079 526 2150 ceder
550 2078 693 2168 impuri,
712 2075 814 2168 idest,
837 2081 872 2150 et
898 2075 925 2149 si
954 2083 994 2150 tu
1020 2078 1263 2172 apprehendis
1292 2079 1338 2152 de
1367 2099 1443 2172 quo
1470 2079 1594 2154 videre

421 2217 491 2292 ego
516 2196 649 2290 loquor
675 2195 822 2290 quando
853 2195 927 2270 dixi
962 2217 1086 2290 sopra,
1112 2200 1200 2269 clt'c
1231 2201 1335 2271 ceder
1361 2206 1469 2290 tuoto,
1495 2198 1594 2272 unde

421 2317 525 2393 dicit:
550 2319 589 2390 in
613 2319 673 2391 cite
697 2319 731 2390 lo
755 2318 847 2391 strat
861 2319 899 2389 di
914 2319 985 2390 mio
1010 2320 1186 2392 intenzione
1207 2327 1384 2409 percaute,
1409 2319 1508 2413 quia,
1526 2318 1596 2392 sci-

422 2438 504 2512 licet
529 2437 660 2532 sagitta
686 2457 780 2510 mem
806 2435 1013 2510 intentionis
1045 2443 1100 2511 cst
1131 2437 1230 2531 qood
1262 2458 1335 2512 non
1367 2438 1478 2514 luerit
1502 2438 1596 2513 alius

422 2559 484 2653 qui
512 2556 640 2632 viderit
666 2563 822 2650 tantum,
840 2576 908 2630 nec
930 2563 1003 2630 tarn
1029 2557 1208 2651 profunde
1234 2558 1270 2630 in
1296 2559 1483 2653 sapientia,
1500 2559 1595 2633 sicut

422 2679 606 2772 Salomon,
623 2701 643 2751 e
658 2700 695 2750 se
711 2679 830 2751 ἀνῖαι·
843 2679 894 2767 pti
913 2679 1008 2749 occdi
1024 2679 1149 2769 ctiam,
1163 2677 1265 2772 idest,
1280 2678 1309 2752 si
1326 2679 1450 2775 dirigis
1466 2681 1594 2754 oculos

423 2797 684 2873 intellectuales
718 2797 764 2870 ad
798 2796 884 2869 illud
916 2796 1084 2890 verbum,
1110 2801 1229 2888 Serre,
1255 2799 1354 2892 quod
1379 2807 1434 2874 est
1458 2798 1594 2893 aliquid

422 2938 577 3015 surgere
602 2917 638 2990 in
664 2936 733 2990 suo
758 2936 849 3009 esse,
876 2916 925 2990 ita
951 2917 1049 3010 quod
1075 2939 1148 2992 non
1176 2919 1284 2993 hahet
1314 2927 1520 3014 respectum
1546 2918 1594 2993 ad

421 3038 536 3112 Adam
558 3038 620 3132 qui
642 3036 710 3110 luit
731 3036 909 3110 formatus
927 3057 950 3110 a
968 3037 1055 3130 Deo,
1074 3057 1142 3112 nec
1163 3037 1209 3112 ad
1228 3038 1410 3113 Christum
1438 3039 1502 3132 qui
1527 3038 1596 3112 luit

422 3160 631 3232 incarnatus
649 3158 726 3231 sine
743 3177 856 3252 opera
875 3158 1049 3232 humana.
1060 3197 1110 3212 -
1126 3163 1198 3232 Coa
1214 3168 1344 3253 questa.
1358 3161 1423 3234 llic
1436 3160 1595 3235 Thomas

421 3279 577 3354 ostendit
609 3278 845 3352 intentionem
885 3299 990 3353 suam
1030 3284 1067 3352 et
1104 3278 1311 3373 opinionem
1344 3281 1483 3355 autoris
1514 3302 1595 3356 csse

422 3421 549 3474 reram
581 3399 733 3474 diversis
765 3400 1009 3495 respectibus;
1044 3399 1141 3475 unde
1170 3401 1277 3475 dicit:
1308 3404 1442 3475 Prendt
1471 3405 1499 3476 il
1525 3406 1596 3476 mio

422 3523 524 3612 deuo,
555 3521 702 3614 scilicet,
733 3541 805 3594 ooo
842 3542 942 3594 surse
973 3523 1001 3594 tl
1031 3523 1193 3614 secondo,
1229 3522 1328 3616 quod
1360 3542 1430 3618 ego
1462 3523 1595 3615 loquor

420 3643 467 3718 de
484 3642 692 3736 Salomone,
713 3664 731 3714 e
755 3633 826 3715 cosi
846 3648 951 3734 pecte
970 3650 1067 3714 stare
1090 3662 1156 3715 con
1176 3645 1256 3734 quel
1278 3645 1338 3715 che
1362 3646 1470 3736 credi,
1490 3643 1593 3735 idest,

421 3771 459 3839 et
485 3765 534 3838 ita
560 3770 679 3859 polest
703 3763 882 3838 verificari
908 3762 954 3837 de
978 3762 1093 3836 Adam
1121 3769 1158 3836 et
1182 3763 1336 3838 Christo.
1363 3765 1465 3839 Unde
1489 3764 1593 3838 dicit:

422 3885 479 3958 del
498 3886 617 3975 pn'om
639 3886 766 3976 padre,
792 3881 937 3975 scilicet,
955 3881 1083 3976 tuam,
1108 3903 1127 3954 e
1151 3885 1208 3956 del
1231 3890 1352 3957 noeto
1377 3886 1506 3976 diletto,
1524 3884 1595 3958 sci·

423 4005 516 4098 licet,
542 4003 709 4096 Christo(
726 4006 747 4094 ).

496 4131 668 4216 Ernesto.
695 4125 764 4198 lsta
786 4131 841 4198 est
858 4123 965 4199 tertia
983 4143 1067 4218 pars
1084 4124 1267 4218 generalis
1282 4116 1332 4217 (¹),
1350 4125 1387 4198 in
1406 4144 1479 4218 qua
1499 4124 1594 4198 Tho-

424 4265 503 4319 mas
528 4244 574 4318 de
599 4243 742 4338 Aquino
759 4243 821 4318 dat
838 4265 954 4317 unum
974 4250 1197 4337 preceptum
1217 4244 1454 4319 monitorium
1472 4243 1593 4319 autori

422 4365 519 4440 circa
537 4363 757 4439 solutionem
776 4362 974 4438 dubiorum
992 4369 1030 4437 et
1049 4364 1322 4458 responsionem
1340 4363 1592 4458 quaesitorum.

422 4487 466 4560 Et
491 4483 611 4580 primo
637 4484 768 4558 suadet
792 4483 892 4576 quod
918 4502 990 4556 non
1017 4483 1061 4556 sit
1087 4483 1194 4558 velox
1227 4483 1273 4557 ad
1299 4483 1593 4579 respondendum

422 4604 468 4679 ad
493 4603 604 4678 dubia
631 4603 796 4698 quaesita,
822 4602 888 4676 nisi
914 4601 1015 4697 prius
1041 4602 1268 4677 distinctione
1294 4593 1462 4696 lactal³);
1498 4603 1596 4679 undo

423 4725 527 4800 dicit:
554 4729 587 4796 E
610 4731 739 4816 pamm,
766 4723 912 4817 scilicet,
943 4723 1042 4816 qood
1076 4722 1166 4796 dixit
1198 4722 1245 4798 de
1278 4723 1507 4798 distinctione
1541 4725 1596 4800 la-

485 4909 514 4972 (¹)
530 4909 561 4960 Ε,
576 4909 637 4960 ιω,
653 4909 765 4961 carulo.
969 4907 997 4971 (¹)
1013 4908 1044 4960 E.
1060 4909 1188 4973 generalis
1203 4909 1281 4960 holus
1296 4910 1413 4973 capituli,
1428 4910 1455 4960 in
1471 4924 1530 4975 qno.

486 4985 513 5052 ζ’)
531 4985 563 5038 Ε.
580 4985 704 5038 lnchndu.
