<?xml version="1.0" encoding="UTF-8"?>
<!DOCTYPE html PUBLIC "-//W3C//DTD XHTML 1.0 Transitional//EN"
    "http://www.w3.org/TR/xhtml1/DTD/xhtml1-transitional.dtd">
<html xmlns="http://www.w3.org/1999/xhtml" xml:lang="en" lang="en">
 <head>
  <title>
</title>
<meta http-equiv="Content-Type" content="text/html;charset=utf-8" />
  <meta name='ocr-system' content='tesseract 3.04.00' />
  <meta name='ocr-capabilities' content='ocr_page ocr_carea ocr_par ocr_line ocrx_word'/>
</head>
<body>
  <div class='ocr_page' id='page_1' title='image "./comentumsuperda02benvgoog_0121.png"; bbox 0 0 4842 6642; ppageno 0'>
   <div class='ocr_carea' id='block_1_1' title="bbox 729 861 1568 928">
    <p class='ocr_par' dir='ltr' id='par_1_1' title="bbox 729 861 1568 928">
     <span class='ocr_line' id='line_1_1' title="bbox 729 861 1568 928; baseline 0.002 -2"><span class='ocrx_word' id='word_1_1' title='bbox 729 871 868 928; x_wconf 79' lang='lat' dir='ltr'><strong>caurus</strong></span> <span class='ocrx_word' id='word_1_2' title='bbox 893 873 1050 928; x_wconf 79' lang='lat' dir='ltr'><strong>uncinus</strong></span> <span class='ocrx_word' id='word_1_3' title='bbox 1074 873 1237 928; x_wconf 80' lang='lat' dir='ltr'><strong>ruamus.</strong></span> <span class='ocrx_word' id='word_1_4' title='bbox 1425 924 1427 927; x_wconf 85' lang='grc'>,</span> <span class='ocrx_word' id='word_1_5' title='bbox 1500 861 1568 928; x_wconf 77' lang='lat'><strong>109</strong></span> 
     </span>
    </p>
   </div>
   <div class='ocr_carea' id='block_1_2' title="bbox 394 1011 1571 4232">
    <p class='ocr_par' dir='ltr' id='par_1_2' title="bbox 394 1011 1571 4232">
     <span class='ocr_line' id='line_1_2' title="bbox 397 1011 1569 1114; baseline 0.002 -24"><span class='ocrx_word' id='word_1_6' title='bbox 397 1011 518 1092; x_wconf 80' lang='lat' dir='ltr'><strong>fructu</strong></span> <span class='ocrx_word' id='word_1_7' title='bbox 545 1017 701 1111; x_wconf 87' lang='lat' dir='ltr'><strong>virtutis,</strong></span> <span class='ocrx_word' id='word_1_8' title='bbox 720 1019 814 1092; x_wconf 89' lang='lat' dir='ltr'><strong>sicut</strong></span> <span class='ocrx_word' id='word_1_9' title='bbox 838 1019 950 1093; x_wconf 92' lang='lat' dir='ltr'><strong>arbor</strong></span> <span class='ocrx_word' id='word_1_10' title='bbox 976 1019 1013 1092; x_wconf 92' lang='lat' dir='ltr'><strong>in</strong></span> <span class='ocrx_word' id='word_1_11' title='bbox 1039 1019 1172 1114; x_wconf 83' lang='lat' dir='ltr'><strong>hyeme</strong></span> <span class='ocrx_word' id='word_1_12' title='bbox 1196 1016 1346 1112; x_wconf 77' lang='lat' dir='ltr'><strong>frigida,</strong></span> <span class='ocrx_word' id='word_1_13' title='bbox 1367 1017 1430 1092; x_wconf 86' lang='lat' dir='ltr'><strong>sed</strong></span> <span class='ocrx_word' id='word_1_14' title='bbox 1454 1017 1569 1093; x_wconf 87' lang='lat' dir='ltr'><strong>adve-</strong></span> 
     </span>
     <span class='ocr_line' id='line_1_3' title="bbox 398 1131 1570 1236; baseline 0.003 -27"><span class='ocrx_word' id='word_1_15' title='bbox 398 1136 521 1212; x_wconf 89' lang='lat' dir='ltr'><strong>niente</strong></span> <span class='ocrx_word' id='word_1_16' title='bbox 541 1131 681 1230; x_wconf 62' lang='lat' dir='ltr'><strong>veredi</strong></span> <span class='ocrx_word' id='word_1_17' title='bbox 698 1137 830 1212; x_wconf 84' lang='lat' dir='ltr'><strong>divinae</strong></span> <span class='ocrx_word' id='word_1_18' title='bbox 854 1138 995 1236; x_wconf 82' lang='lat' dir='ltr'><strong>gratiae,</strong></span> <span class='ocrx_word' id='word_1_19' title='bbox 1013 1159 1098 1232; x_wconf 86' lang='lat' dir='ltr'><strong>quae</strong></span> <span class='ocrx_word' id='word_1_20' title='bbox 1123 1137 1227 1233; x_wconf 85' lang='lat' dir='ltr'><strong>sugat</strong></span> <span class='ocrx_word' id='word_1_21' title='bbox 1251 1137 1348 1211; x_wconf 86' lang='lat' dir='ltr'><strong>mala</strong></span> <span class='ocrx_word' id='word_1_22' title='bbox 1373 1138 1570 1232; x_wconf 82' lang='lat' dir='ltr'><strong>praeterita,</strong></span> 
     </span>
     <span class='ocr_line' id='line_1_4' title="bbox 396 1255 1568 1353; baseline -0.001 -23"><span class='ocrx_word' id='word_1_23' title='bbox 396 1255 504 1330; x_wconf 81' lang='lat' dir='ltr'><strong>affert</strong></span> <span class='ocrx_word' id='word_1_24' title='bbox 521 1277 656 1353; x_wconf 90' lang='lat' dir='ltr'><strong>rosam,</strong></span> <span class='ocrx_word' id='word_1_25' title='bbox 667 1257 768 1353; x_wconf 85' lang='lat' dir='ltr'><strong>idest,</strong></span> <span class='ocrx_word' id='word_1_26' title='bbox 779 1258 953 1333; x_wconf 89' lang='lat' dir='ltr'><strong>virtutem</strong></span> <span class='ocrx_word' id='word_1_27' title='bbox 968 1257 1242 1353; x_wconf 89' lang='lat' dir='ltr'><strong>pulcerrimam,</strong></span> <span class='ocrx_word' id='word_1_28' title='bbox 1253 1276 1336 1350; x_wconf 82' lang='lat' dir='ltr'><strong>quae</strong></span> <span class='ocrx_word' id='word_1_29' title='bbox 1351 1256 1469 1331; x_wconf 81' lang='lat' dir='ltr'>reddit</span> <span class='ocrx_word' id='word_1_30' title='bbox 1479 1277 1568 1332; x_wconf 90' lang='lat' dir='ltr'><strong>eum</strong></span> 
     </span>
     <span class='ocr_line' id='line_1_5' title="bbox 396 1376 1570 1472; baseline -0.001 -22"><span class='ocrx_word' id='word_1_31' title='bbox 396 1385 484 1452; x_wconf 90' lang='lat' dir='ltr'><strong>tunc</strong></span> <span class='ocrx_word' id='word_1_32' title='bbox 502 1379 643 1472; x_wconf 87' lang='lat' dir='ltr'><strong>utilem,</strong></span> <span class='ocrx_word' id='word_1_33' title='bbox 656 1379 864 1472; x_wconf 78' lang='lat' dir='ltr'><strong>amabilem,</strong></span> <span class='ocrx_word' id='word_1_34' title='bbox 878 1379 1116 1471; x_wconf 81' lang='lat' dir='ltr'><strong>odoriferum,</strong></span> <span class='ocrx_word' id='word_1_35' title='bbox 1129 1377 1223 1452; x_wconf 88' lang='lat' dir='ltr'><strong>idest</strong></span> <span class='ocrx_word' id='word_1_36' title='bbox 1239 1376 1434 1451; x_wconf 78' lang='lat' dir='ltr'><strong>famosum.</strong></span> <span class='ocrx_word' id='word_1_37' title='bbox 1449 1378 1492 1450; x_wconf 89' lang='lat' dir='ltr'><strong>El</strong></span> <span class='ocrx_word' id='word_1_38' title='bbox 1508 1377 1570 1451; x_wconf 89' lang='lat' dir='ltr'><strong>dat</strong></span> 
     </span>
     <span class='ocr_line' id='line_1_6' title="bbox 396 1498 1569 1594; baseline -0.003 -21"><span class='ocrx_word' id='word_1_39' title='bbox 396 1498 495 1573; x_wconf 88' lang='lat' dir='ltr'><strong>atiud</strong></span> <span class='ocrx_word' id='word_1_40' title='bbox 521 1500 732 1594; x_wconf 85' lang='lat' dir='ltr'><strong>exemptum</strong></span> <span class='ocrx_word' id='word_1_41' title='bbox 758 1499 886 1574; x_wconf 84' lang='lat' dir='ltr'><strong>ordine</strong></span> <span class='ocrx_word' id='word_1_42' title='bbox 911 1519 1101 1592; x_wconf 87' lang='lat' dir='ltr'><strong>converso,</strong></span> <span class='ocrx_word' id='word_1_43' title='bbox 1122 1498 1266 1572; x_wconf 88' lang='lat' dir='ltr'><strong>dioens:</strong></span> <span class='ocrx_word' id='word_1_44' title='bbox 1292 1520 1311 1570; x_wconf 86' lang='lat' dir='ltr'><strong>e</strong></span> <span class='ocrx_word' id='word_1_45' title='bbox 1336 1500 1420 1588; x_wconf 82' lang='lat' dir='ltr'><strong>eidi,</strong></span> <span class='ocrx_word' id='word_1_46' title='bbox 1438 1519 1460 1572; x_wconf 89' lang='lat' dir='ltr'><strong>e</strong></span> <span class='ocrx_word' id='word_1_47' title='bbox 1480 1517 1569 1571; x_wconf 89' lang='lat' dir='ltr'><strong>oon-</strong></span> 
     </span>
     <span class='ocr_line' id='line_1_7' title="bbox 397 1609 1570 1715; baseline -0.002 -23"><span class='ocrx_word' id='word_1_48' title='bbox 397 1619 523 1715; x_wconf 88' lang='lat' dir='ltr'><strong>trario,</strong></span> <span class='ocrx_word' id='word_1_49' title='bbox 539 1609 600 1710; x_wconf 70' lang='lat' dir='ltr'><strong>pal</strong></span> <span class='ocrx_word' id='word_1_50' title='bbox 620 1623 721 1711; x_wconf 81' lang='lat' dir='ltr'><strong>lepno</strong></span> <span class='ocrx_word' id='word_1_51' title='bbox 742 1623 847 1694; x_wconf 85' lang='lat' dir='ltr'><strong>drilto</strong></span> <span class='ocrx_word' id='word_1_52' title='bbox 865 1642 884 1692; x_wconf 93' lang='lat' dir='ltr'><strong>e</strong></span> <span class='ocrx_word' id='word_1_53' title='bbox 900 1623 1012 1694; x_wconf 81' lang='lat' dir='ltr'><strong>veloce</strong></span> <span class='ocrx_word' id='word_1_54' title='bbox 1032 1622 1208 1692; x_wconf 84' lang='lat' dir='ltr'><strong>correrio</strong></span> <span class='ocrx_word' id='word_1_55' title='bbox 1226 1639 1308 1692; x_wconf 84' lang='lat' dir='ltr'><strong>mor</strong></span> <span class='ocrx_word' id='word_1_56' title='bbox 1321 1639 1388 1711; x_wconf 88' lang='lat' dir='ltr'><strong>per</strong></span> <span class='ocrx_word' id='word_1_57' title='bbox 1404 1625 1487 1692; x_wconf 76' lang='lat' dir='ltr'><strong>latito</strong></span> <span class='ocrx_word' id='word_1_58' title='bbox 1506 1639 1570 1690; x_wconf 83' lang='lat' dir='ltr'><strong>suo</strong></span> 
     </span>
     <span class='ocr_line' id='line_1_8' title="bbox 397 1737 1571 1833; baseline -0.001 -22"><span class='ocrx_word' id='word_1_59' title='bbox 397 1741 584 1829; x_wconf 78' lang='lat' dir='ltr'><strong>romanino,</strong></span> <span class='ocrx_word' id='word_1_60' title='bbox 595 1741 716 1832; x_wconf 70' lang='lat' dir='ltr'><strong>perr&#39;re</strong></span> <span class='ocrx_word' id='word_1_61' title='bbox 733 1744 772 1813; x_wconf 90' lang='lat' dir='ltr'><strong>ul</strong></span> <span class='ocrx_word' id='word_1_62' title='bbox 783 1742 854 1832; x_wconf 83' lang='lat' dir='ltr'><strong>fine</strong></span> <span class='ocrx_word' id='word_1_63' title='bbox 869 1743 929 1813; x_wconf 82' lang='lat' dir='ltr'><strong>ull</strong></span> <span class='ocrx_word' id='word_1_64' title='bbox 937 1747 1062 1814; x_wconf 72' lang='lat' dir='ltr'><strong>enbur</strong></span> <span class='ocrx_word' id='word_1_65' title='bbox 1078 1742 1170 1814; x_wconf 87' lang='lat' dir='ltr'><strong>della</strong></span> <span class='ocrx_word' id='word_1_66' title='bbox 1183 1743 1272 1833; x_wconf 80' lang='lat' dir='ltr'><strong>sore.</strong></span> <span class='ocrx_word' id='word_1_67' title='bbox 1294 1739 1339 1812; x_wconf 80' lang='lat' dir='ltr'><strong>Et</strong></span> <span class='ocrx_word' id='word_1_68' title='bbox 1359 1738 1425 1812; x_wconf 89' lang='lat' dir='ltr'><strong>isla</strong></span> <span class='ocrx_word' id='word_1_69' title='bbox 1443 1737 1571 1812; x_wconf 91' lang='lat' dir='ltr'><strong>simili·</strong></span> 
     </span>
     <span class='ocr_line' id='line_1_9' title="bbox 398 1859 1570 1955; baseline -0.003 -21"><span class='ocrx_word' id='word_1_70' title='bbox 398 1859 487 1934; x_wconf 88' lang='lat' dir='ltr'><strong>tudo</strong></span> <span class='ocrx_word' id='word_1_71' title='bbox 511 1861 621 1936; x_wconf 90' lang='lat' dir='ltr'><strong>etiam</strong></span> <span class='ocrx_word' id='word_1_72' title='bbox 646 1866 702 1936; x_wconf 85' lang='lat' dir='ltr'><strong>est</strong></span> <span class='ocrx_word' id='word_1_73' title='bbox 726 1860 993 1955; x_wconf 81' lang='lat' dir='ltr'><strong>propriissime:</strong></span> <span class='ocrx_word' id='word_1_74' title='bbox 1010 1860 1105 1934; x_wconf 89' lang='lat' dir='ltr'><strong>sieut</strong></span> <span class='ocrx_word' id='word_1_75' title='bbox 1129 1859 1228 1934; x_wconf 91' lang='lat' dir='ltr'><strong>enim</strong></span> <span class='ocrx_word' id='word_1_76' title='bbox 1249 1859 1446 1954; x_wconf 89' lang='lat' dir='ltr'><strong>aliquando</strong></span> <span class='ocrx_word' id='word_1_77' title='bbox 1467 1859 1570 1933; x_wconf 90' lang='lat' dir='ltr'><strong>navis</strong></span> 
     </span>
     <span class='ocr_line' id='line_1_10' title="bbox 397 1979 1566 2076; baseline -0.001 -23"><span class='ocrx_word' id='word_1_78' title='bbox 397 2000 482 2073; x_wconf 84' lang='lat' dir='ltr'><strong>quae</strong></span> <span class='ocrx_word' id='word_1_79' title='bbox 501 2001 674 2075; x_wconf 85' lang='lat' dir='ltr'><strong>prospere</strong></span> <span class='ocrx_word' id='word_1_80' title='bbox 696 1980 880 2076; x_wconf 82' lang='lat' dir='ltr'><strong>navigavit</strong></span> <span class='ocrx_word' id='word_1_81' title='bbox 898 1982 1049 2076; x_wconf 82' lang='lat' dir='ltr'><strong>longum</strong></span> <span class='ocrx_word' id='word_1_82' title='bbox 1070 2000 1173 2054; x_wconf 89' lang='lat' dir='ltr'><strong>mare</strong></span> <span class='ocrx_word' id='word_1_83' title='bbox 1192 1979 1346 2055; x_wconf 84' lang='lat' dir='ltr'><strong>finaliter</strong></span> <span class='ocrx_word' id='word_1_84' title='bbox 1364 1980 1401 2053; x_wconf 90' lang='lat' dir='ltr'><strong>in</strong></span> <span class='ocrx_word' id='word_1_85' title='bbox 1418 1979 1566 2054; x_wconf 92' lang='lat' dir='ltr'><strong>introitu</strong></span> 
     </span>
     <span class='ocr_line' id='line_1_11' title="bbox 397 2098 1569 2194; baseline 0 -22"><span class='ocrx_word' id='word_1_86' title='bbox 397 2105 523 2194; x_wconf 90' lang='lat' dir='ltr'><strong>portus</strong></span> <span class='ocrx_word' id='word_1_87' title='bbox 540 2099 767 2174; x_wconf 75' lang='lat' dir='ltr'><strong>subvertitur</strong></span> <span class='ocrx_word' id='word_1_88' title='bbox 793 2107 829 2174; x_wconf 88' lang='lat' dir='ltr'><strong>et</strong></span> <span class='ocrx_word' id='word_1_89' title='bbox 854 2099 1076 2193; x_wconf 61' lang='lat' dir='ltr'><strong>suffocatum</strong></span> <span class='ocrx_word' id='word_1_90' title='bbox 1095 2100 1144 2174; x_wconf 89' lang='lat' dir='ltr'><strong>ita</strong></span> <span class='ocrx_word' id='word_1_91' title='bbox 1162 2101 1274 2174; x_wconf 92' lang='lat' dir='ltr'><strong>bomo</strong></span> <span class='ocrx_word' id='word_1_92' title='bbox 1292 2099 1355 2194; x_wconf 91' lang='lat' dir='ltr'><strong>qui</strong></span> <span class='ocrx_word' id='word_1_93' title='bbox 1371 2098 1569 2192; x_wconf 88' lang='lat' dir='ltr'><strong>aliquando</strong></span> 
     </span>
     <span class='ocr_line' id='line_1_12' title="bbox 396 2205 1568 2314; baseline 0.001 -22"><span class='ocrx_word' id='word_1_94' title='bbox 396 2217 486 2292; x_wconf 85' lang='lat' dir='ltr'><strong>vixit</strong></span> <span class='ocrx_word' id='word_1_95' title='bbox 501 2238 567 2314; x_wconf 94' lang='lat' dir='ltr'><strong>per</strong></span> <span class='ocrx_word' id='word_1_96' title='bbox 584 2226 703 2294; x_wconf 90' lang='lat' dir='ltr'><strong>totum</strong></span> <span class='ocrx_word' id='word_1_97' title='bbox 722 2226 867 2314; x_wconf 86' lang='lat' dir='ltr'><strong>tempus</strong></span> <span class='ocrx_word' id='word_1_98' title='bbox 880 2240 958 2294; x_wconf 84' lang='lat' dir='ltr'><strong>suae</strong></span> <span class='ocrx_word' id='word_1_99' title='bbox 971 2219 1055 2295; x_wconf 84' lang='lat' dir='ltr'><strong>vitae</strong></span> <span class='ocrx_word' id='word_1_100' title='bbox 1072 2220 1302 2295; x_wconf 75' lang='lat' dir='ltr'><strong>laudabiliter</strong></span> <span class='ocrx_word' id='word_1_101' title='bbox 1315 2227 1353 2295; x_wconf 89' lang='lat' dir='ltr'><strong>et</strong></span> <span class='ocrx_word' id='word_1_102' title='bbox 1365 2219 1505 2294; x_wconf 80' lang='lat' dir='ltr'><strong>famose</strong></span> <span class='ocrx_word' id='word_1_103' title='bbox 1516 2205 1568 2311; x_wconf 79' lang='lat'><strong>(²),</strong></span> 
     </span>
     <span class='ocr_line' id='line_1_13' title="bbox 397 2339 1568 2434; baseline 0 -22"><span class='ocrx_word' id='word_1_104' title='bbox 397 2339 433 2412; x_wconf 92' lang='lat' dir='ltr'><strong>in</strong></span> <span class='ocrx_word' id='word_1_105' title='bbox 450 2345 639 2414; x_wconf 86' lang='lat' dir='ltr'><strong>senectute</strong></span> <span class='ocrx_word' id='word_1_106' title='bbox 663 2339 748 2418; x_wconf 85' lang='lat' dir='ltr'><strong>lacit</strong></span> <span class='ocrx_word' id='word_1_107' title='bbox 773 2339 951 2416; x_wconf 78' lang='lat' dir='ltr'><strong>infelicem</strong></span> <span class='ocrx_word' id='word_1_108' title='bbox 978 2339 1089 2415; x_wconf 86' lang='lat' dir='ltr'><strong>linem</strong></span> <span class='ocrx_word' id='word_1_109' title='bbox 1116 2348 1152 2415; x_wconf 91' lang='lat' dir='ltr'><strong>et</strong></span> <span class='ocrx_word' id='word_1_110' title='bbox 1178 2339 1434 2416; x_wconf 83' lang='lat' dir='ltr'><strong>miserabiliter</strong></span> <span class='ocrx_word' id='word_1_111' title='bbox 1451 2339 1568 2434; x_wconf 81' lang='lat' dir='ltr'><strong>perit3</strong></span> 
     </span>
     <span class='ocr_line' id='line_1_14' title="bbox 396 2452 1567 2555; baseline -0.003 -19"><span class='ocrx_word' id='word_1_112' title='bbox 396 2462 490 2536; x_wconf 89' lang='lat' dir='ltr'><strong>sicut</strong></span> <span class='ocrx_word' id='word_1_113' title='bbox 516 2467 590 2536; x_wconf 89' lang='lat' dir='ltr'><strong>tota</strong></span> <span class='ocrx_word' id='word_1_114' title='bbox 616 2460 674 2536; x_wconf 92' lang='lat' dir='ltr'><strong>die</strong></span> <span class='ocrx_word' id='word_1_115' title='bbox 701 2461 868 2536; x_wconf 83' lang='lat' dir='ltr'><strong>videmus</strong></span> <span class='ocrx_word' id='word_1_116' title='bbox 886 2461 922 2535; x_wconf 92' lang='lat' dir='ltr'><strong>in</strong></span> <span class='ocrx_word' id='word_1_117' title='bbox 940 2461 1075 2552; x_wconf 90' lang='lat' dir='ltr'><strong>multis,</strong></span> <span class='ocrx_word' id='word_1_118' title='bbox 1100 2461 1195 2536; x_wconf 90' lang='lat' dir='ltr'><strong>sieut</strong></span> <span class='ocrx_word' id='word_1_119' title='bbox 1208 2452 1246 2553; x_wconf 82' lang='lat'><strong>(³)</strong></span> <span class='ocrx_word' id='word_1_120' title='bbox 1264 2461 1411 2536; x_wconf 84' lang='lat' dir='ltr'><strong>vetulus</strong></span> <span class='ocrx_word' id='word_1_121' title='bbox 1428 2460 1493 2555; x_wconf 84' lang='lat' dir='ltr'><strong>qui</strong></span> <span class='ocrx_word' id='word_1_122' title='bbox 1510 2460 1567 2533; x_wconf 84' lang='lat' dir='ltr'><strong>vi·</strong></span> 
     </span>
     <span class='ocr_line' id='line_1_15' title="bbox 397 2579 1564 2678; baseline -0.003 -22"><span class='ocrx_word' id='word_1_123' title='bbox 397 2581 555 2656; x_wconf 88' lang='lat' dir='ltr'><strong>debatur</strong></span> <span class='ocrx_word' id='word_1_124' title='bbox 580 2601 726 2676; x_wconf 89' lang='lat' dir='ltr'><strong>semper</strong></span> <span class='ocrx_word' id='word_1_125' title='bbox 744 2582 869 2656; x_wconf 89' lang='lat' dir='ltr'><strong>vivere</strong></span> <span class='ocrx_word' id='word_1_126' title='bbox 890 2580 926 2654; x_wconf 92' lang='lat' dir='ltr'><strong>in</strong></span> <span class='ocrx_word' id='word_1_127' title='bbox 943 2581 1169 2656; x_wconf 91' lang='lat' dir='ltr'><strong>orationibus</strong></span> <span class='ocrx_word' id='word_1_128' title='bbox 1189 2588 1227 2655; x_wconf 86' lang='lat' dir='ltr'><strong>et</strong></span> <span class='ocrx_word' id='word_1_129' title='bbox 1241 2581 1400 2678; x_wconf 87' lang='lat' dir='ltr'><strong>jeiuniis,</strong></span> <span class='ocrx_word' id='word_1_130' title='bbox 1418 2579 1564 2655; x_wconf 77' lang='lat' dir='ltr'><strong>modom</strong></span> 
     </span>
     <span class='ocr_line' id='line_1_16' title="bbox 397 2701 1567 2797; baseline -0.001 -21"><span class='ocrx_word' id='word_1_131' title='bbox 397 2701 529 2776; x_wconf 87' lang='lat' dir='ltr'><strong>duetus</strong></span> <span class='ocrx_word' id='word_1_132' title='bbox 555 2701 680 2776; x_wconf 86' lang='lat' dir='ltr'><strong>estad</strong></span> <span class='ocrx_word' id='word_1_133' title='bbox 706 2701 941 2797; x_wconf 87' lang='lat' dir='ltr'><strong>suspendium</strong></span> <span class='ocrx_word' id='word_1_134' title='bbox 968 2702 1054 2795; x_wconf 86' lang='lat' dir='ltr'><strong>quia</strong></span> <span class='ocrx_word' id='word_1_135' title='bbox 1081 2709 1250 2796; x_wconf 91' lang='lat' dir='ltr'><strong>repertus</strong></span> <span class='ocrx_word' id='word_1_136' title='bbox 1275 2707 1330 2776; x_wconf 86' lang='lat' dir='ltr'><strong>est</strong></span> <span class='ocrx_word' id='word_1_137' title='bbox 1355 2701 1481 2776; x_wconf 85' lang='lat' dir='ltr'><strong>vivere</strong></span> <span class='ocrx_word' id='word_1_138' title='bbox 1505 2721 1567 2775; x_wconf 88' lang='lat' dir='ltr'><strong>so-</strong></span> 
     </span>
     <span class='ocr_line' id='line_1_17' title="bbox 399 2811 1567 2918; baseline 0.002 -24"><span class='ocrx_word' id='word_1_139' title='bbox 399 2821 476 2894; x_wconf 90' lang='lat' dir='ltr'><strong>lum</strong></span> <span class='ocrx_word' id='word_1_140' title='bbox 495 2841 541 2896; x_wconf 84' lang='lat' dir='ltr'><strong>ex</strong></span> <span class='ocrx_word' id='word_1_141' title='bbox 559 2821 700 2918; x_wconf 84' lang='lat' dir='ltr'><strong>gallinis</strong></span> <span class='ocrx_word' id='word_1_142' title='bbox 714 2811 751 2914; x_wconf 75' lang='lat'><strong>(⁴)</strong></span> <span class='ocrx_word' id='word_1_143' title='bbox 770 2823 922 2896; x_wconf 76' lang='lat' dir='ltr'><strong>furtivis.</strong></span> <span class='ocrx_word' id='word_1_144' title='bbox 937 2863 986 2876; x_wconf 91' lang='lat'>-</span> <span class='ocrx_word' id='word_1_145' title='bbox 1000 2827 1079 2896; x_wconf 87' lang='lat' dir='ltr'><strong>Non</strong></span> <span class='ocrx_word' id='word_1_146' title='bbox 1095 2825 1214 2896; x_wconf 77' lang='lat' dir='ltr'><strong>erede</strong></span> <span class='ocrx_word' id='word_1_147' title='bbox 1232 2822 1297 2896; x_wconf 88' lang='lat' dir='ltr'><strong>Hic</strong></span> <span class='ocrx_word' id='word_1_148' title='bbox 1314 2822 1445 2896; x_wconf 89' lang='lat' dir='ltr'><strong>ultimo</strong></span> <span class='ocrx_word' id='word_1_149' title='bbox 1470 2823 1567 2896; x_wconf 86' lang='lat' dir='ltr'><strong>Tbo·</strong></span> 
     </span>
     <span class='ocr_line' id='line_1_18' title="bbox 398 2942 1566 3039; baseline 0 -24"><span class='ocrx_word' id='word_1_150' title='bbox 398 2962 478 3016; x_wconf 90' lang='lat' dir='ltr'><strong>mas</strong></span> <span class='ocrx_word' id='word_1_151' title='bbox 502 2942 549 3017; x_wconf 98' lang='lat' dir='ltr'><strong>de</strong></span> <span class='ocrx_word' id='word_1_152' title='bbox 573 2943 715 3036; x_wconf 83' lang='lat' dir='ltr'><strong>Aquino</strong></span> <span class='ocrx_word' id='word_1_153' title='bbox 739 2943 862 3039; x_wconf 82' lang='lat' dir='ltr'><strong>arguit</strong></span> <span class='ocrx_word' id='word_1_154' title='bbox 888 2943 1129 3038; x_wconf 83' lang='lat' dir='ltr'><strong>ignorantiam</strong></span> <span class='ocrx_word' id='word_1_155' title='bbox 1157 2944 1361 3035; x_wconf 90' lang='lat' dir='ltr'><strong>bominum,</strong></span> <span class='ocrx_word' id='word_1_156' title='bbox 1385 2943 1448 3037; x_wconf 89' lang='lat' dir='ltr'><strong>qui</strong></span> <span class='ocrx_word' id='word_1_157' title='bbox 1463 2942 1566 3038; x_wconf 88' lang='lat' dir='ltr'><strong>judi-</strong></span> 
     </span>
     <span class='ocr_line' id='line_1_19' title="bbox 396 3055 1565 3158; baseline -0.003 -19"><span class='ocrx_word' id='word_1_158' title='bbox 396 3072 481 3140; x_wconf 88' lang='lat' dir='ltr'><strong>oant</strong></span> <span class='ocrx_word' id='word_1_159' title='bbox 505 3065 576 3137; x_wconf 91' lang='lat' dir='ltr'><strong>cito</strong></span> <span class='ocrx_word' id='word_1_160' title='bbox 592 3055 629 3155; x_wconf 77' lang='lat'><strong>(⁵)</strong></span> <span class='ocrx_word' id='word_1_161' title='bbox 654 3063 857 3138; x_wconf 86' lang='lat' dir='ltr'><strong>seeundum</strong></span> <span class='ocrx_word' id='word_1_162' title='bbox 884 3064 1147 3158; x_wconf 89' lang='lat' dir='ltr'><strong>apparentiam,</strong></span> <span class='ocrx_word' id='word_1_163' title='bbox 1172 3063 1316 3138; x_wconf 87' lang='lat' dir='ltr'><strong>dicens:</strong></span> <span class='ocrx_word' id='word_1_164' title='bbox 1344 3067 1424 3136; x_wconf 84' lang='lat' dir='ltr'><strong>Non</strong></span> <span class='ocrx_word' id='word_1_165' title='bbox 1457 3065 1565 3136; x_wconf 83' lang='lat' dir='ltr'><strong>oredo</strong></span> 
     </span>
     <span class='ocr_line' id='line_1_20' title="bbox 396 3173 1564 3277; baseline -0.003 -19"><span class='ocrx_word' id='word_1_166' title='bbox 396 3205 528 3258; x_wconf 85' lang='lat' dir='ltr'><strong>monna</strong></span> <span class='ocrx_word' id='word_1_167' title='bbox 554 3189 661 3258; x_wconf 85' lang='lat' dir='ltr'><strong>Berta</strong></span> <span class='ocrx_word' id='word_1_168' title='bbox 686 3206 705 3256; x_wconf 93' lang='lat' dir='ltr'><strong>e</strong></span> <span class='ocrx_word' id='word_1_169' title='bbox 726 3205 785 3256; x_wconf 85' lang='lat' dir='ltr'><strong>ser</strong></span> <span class='ocrx_word' id='word_1_170' title='bbox 809 3187 980 3274; x_wconf 83' lang='lat' dir='ltr'><strong>Martiae,</strong></span> <span class='ocrx_word' id='word_1_171' title='bbox 1002 3173 1197 3276; x_wconf 83' lang='lat' dir='ltr'><strong>nomina(⁶)</strong></span> <span class='ocrx_word' id='word_1_172' title='bbox 1220 3181 1360 3277; x_wconf 89' lang='lat' dir='ltr'><strong>aoeepit</strong></span> <span class='ocrx_word' id='word_1_173' title='bbox 1385 3181 1564 3277; x_wconf 82' lang='lat' dir='ltr'><strong>vulgaria,</strong></span> 
     </span>
     <span class='ocr_line' id='line_1_21' title="bbox 397 3303 1567 3400; baseline -0.004 -20"><span class='ocrx_word' id='word_1_174' title='bbox 397 3304 501 3400; x_wconf 89' lang='lat' dir='ltr'><strong>quasi</strong></span> <span class='ocrx_word' id='word_1_175' title='bbox 514 3305 626 3380; x_wconf 86' lang='lat' dir='ltr'><strong>dieat:</strong></span> <span class='ocrx_word' id='word_1_176' title='bbox 641 3325 714 3379; x_wconf 93' lang='lat' dir='ltr'><strong>non</strong></span> <span class='ocrx_word' id='word_1_177' title='bbox 727 3303 878 3380; x_wconf 84' lang='lat' dir='ltr'><strong>credant</strong></span> <span class='ocrx_word' id='word_1_178' title='bbox 896 3303 1015 3378; x_wconf 83' lang='lat' dir='ltr'><strong>idiotae</strong></span> <span class='ocrx_word' id='word_1_179' title='bbox 1029 3303 1150 3397; x_wconf 88' lang='lat' dir='ltr'><strong>rudes,</strong></span> <span class='ocrx_word' id='word_1_180' title='bbox 1160 3325 1230 3396; x_wconf 86' lang='lat' dir='ltr'><strong>per</strong></span> <span class='ocrx_word' id='word_1_181' title='bbox 1244 3306 1349 3378; x_wconf 78' lang='lat' dir='ltr'><strong>order</strong></span> <span class='ocrx_word' id='word_1_182' title='bbox 1364 3324 1413 3376; x_wconf 86' lang='lat' dir='ltr'><strong>un</strong></span> <span class='ocrx_word' id='word_1_183' title='bbox 1426 3305 1567 3396; x_wconf 80' lang='lat' dir='ltr'><strong>furare,</strong></span> 
     </span>
     <span class='ocr_line' id='line_1_22' title="bbox 397 3425 1568 3518; baseline -0.001 -21"><span class='ocrx_word' id='word_1_184' title='bbox 397 3429 491 3500; x_wconf 85' lang='lat' dir='ltr'><strong>ultro</strong></span> <span class='ocrx_word' id='word_1_185' title='bbox 516 3431 677 3518; x_wconf 65' lang='lat' dir='ltr'><strong>offeras,</strong></span> <span class='ocrx_word' id='word_1_186' title='bbox 706 3426 836 3498; x_wconf 86' lang='lat' dir='ltr'><strong>oederli</strong></span> <span class='ocrx_word' id='word_1_187' title='bbox 868 3427 994 3498; x_wconf 78' lang='lat' dir='ltr'><strong>deotro</strong></span> <span class='ocrx_word' id='word_1_188' title='bbox 1018 3427 1057 3498; x_wconf 88' lang='lat' dir='ltr'><strong>ol</strong></span> <span class='ocrx_word' id='word_1_189' title='bbox 1080 3426 1250 3515; x_wconf 81' lang='lat' dir='ltr'><strong>oonsiplio</strong></span> <span class='ocrx_word' id='word_1_190' title='bbox 1278 3425 1422 3517; x_wconf 83' lang='lat' dir='ltr'><strong>dioino;</strong></span> <span class='ocrx_word' id='word_1_191' title='bbox 1448 3429 1485 3498; x_wconf 90' lang='lat' dir='ltr'><strong>et</strong></span> <span class='ocrx_word' id='word_1_192' title='bbox 1508 3443 1568 3496; x_wconf 90' lang='lat' dir='ltr'><strong>as·</strong></span> 
     </span>
     <span class='ocr_line' id='line_1_23' title="bbox 394 3534 1569 3644; baseline -0.005 -24"><span class='ocrx_word' id='word_1_193' title='bbox 394 3546 512 3644; x_wconf 84' lang='lat' dir='ltr'><strong>signat</strong></span> <span class='ocrx_word' id='word_1_194' title='bbox 540 3545 738 3620; x_wconf 88' lang='lat' dir='ltr'><strong>rationem:</strong></span> <span class='ocrx_word' id='word_1_195' title='bbox 765 3539 826 3618; x_wconf 80' lang='lat' dir='ltr'><strong>old</strong></span> <span class='ocrx_word' id='word_1_196' title='bbox 850 3547 939 3637; x_wconf 80' lang='lat' dir='ltr'><strong>quel,</strong></span> <span class='ocrx_word' id='word_1_197' title='bbox 967 3543 1114 3636; x_wconf 85' lang='lat' dir='ltr'><strong>scilicet,</strong></span> <span class='ocrx_word' id='word_1_198' title='bbox 1141 3543 1205 3636; x_wconf 88' lang='lat' dir='ltr'><strong>qui</strong></span> <span class='ocrx_word' id='word_1_199' title='bbox 1225 3542 1382 3635; x_wconf 86' lang='lat' dir='ltr'><strong>iuratur,</strong></span> <span class='ocrx_word' id='word_1_200' title='bbox 1398 3534 1470 3634; x_wconf 85' lang='lat' dir='ltr'><strong>pud</strong></span> <span class='ocrx_word' id='word_1_201' title='bbox 1485 3562 1569 3615; x_wconf 76' lang='lat' dir='ltr'><strong>ror·</strong></span> 
     </span>
     <span class='ocr_line' id='line_1_24' title="bbox 395 3661 1566 3761; baseline -0.005 -22"><span class='ocrx_word' id='word_1_202' title='bbox 395 3687 472 3758; x_wconf 77' lang='lat' dir='ltr'><strong>per,</strong></span> <span class='ocrx_word' id='word_1_203' title='bbox 498 3663 592 3739; x_wconf 88' lang='lat' dir='ltr'><strong>sieut</strong></span> <span class='ocrx_word' id='word_1_204' title='bbox 617 3665 744 3759; x_wconf 91' lang='lat' dir='ltr'><strong>pulcre</strong></span> <span class='ocrx_word' id='word_1_205' title='bbox 769 3663 872 3761; x_wconf 85' lang='lat' dir='ltr'><strong>lingit</strong></span> <span class='ocrx_word' id='word_1_206' title='bbox 896 3670 1006 3738; x_wconf 90' lang='lat' dir='ltr'><strong>autor</strong></span> <span class='ocrx_word' id='word_1_207' title='bbox 1030 3663 1164 3738; x_wconf 86' lang='lat' dir='ltr'><strong>lniemi</strong></span> <span class='ocrx_word' id='word_1_208' title='bbox 1190 3663 1359 3759; x_wconf 79' lang='lat' dir='ltr'><strong>capituto,</strong></span> <span class='ocrx_word' id='word_1_209' title='bbox 1386 3663 1447 3736; x_wconf 92' lang='lat' dir='ltr'><strong>ubi</strong></span> <span class='ocrx_word' id='word_1_210' title='bbox 1480 3661 1566 3736; x_wconf 85' lang='lat' dir='ltr'><strong>dicit</strong></span> 
     </span>
     <span class='ocr_line' id='line_1_25' title="bbox 394 3783 1567 3880; baseline -0.005 -18"><span class='ocrx_word' id='word_1_211' title='bbox 394 3787 441 3862; x_wconf 87' lang='lat' dir='ltr'><strong>de</strong></span> <span class='ocrx_word' id='word_1_212' title='bbox 466 3786 527 3860; x_wconf 90' lang='lat' dir='ltr'><strong>ilio</strong></span> <span class='ocrx_word' id='word_1_213' title='bbox 553 3785 615 3879; x_wconf 86' lang='lat' dir='ltr'><strong>qui</strong></span> <span class='ocrx_word' id='word_1_214' title='bbox 642 3806 687 3860; x_wconf 85' lang='lat' dir='ltr'><strong>ex</strong></span> <span class='ocrx_word' id='word_1_215' title='bbox 715 3791 884 3880; x_wconf 90' lang='lat' dir='ltr'><strong>serpente</strong></span> <span class='ocrx_word' id='word_1_216' title='bbox 903 3784 1101 3860; x_wconf 86' lang='lat' dir='ltr'><strong>revertitur</strong></span> <span class='ocrx_word' id='word_1_217' title='bbox 1118 3784 1155 3856; x_wconf 92' lang='lat' dir='ltr'><strong>in</strong></span> <span class='ocrx_word' id='word_1_218' title='bbox 1174 3785 1373 3876; x_wconf 91' lang='lat' dir='ltr'><strong>bominem,</strong></span> <span class='ocrx_word' id='word_1_219' title='bbox 1391 3783 1477 3878; x_wconf 89' lang='lat' dir='ltr'><strong>quia</strong></span> <span class='ocrx_word' id='word_1_220' title='bbox 1494 3783 1567 3857; x_wconf 89' lang='lat' dir='ltr'><strong>sci-</strong></span> 
     </span>
     <span class='ocr_line' id='line_1_26' title="bbox 395 3898 1567 3998; baseline -0.007 -16"><span class='ocrx_word' id='word_1_221' title='bbox 395 3908 479 3983; x_wconf 87' lang='lat' dir='ltr'><strong>lieet</strong></span> <span class='ocrx_word' id='word_1_222' title='bbox 506 3906 642 3982; x_wconf 91' lang='lat' dir='ltr'><strong>reoedit</strong></span> <span class='ocrx_word' id='word_1_223' title='bbox 666 3927 687 3981; x_wconf 98' lang='lat' dir='ltr'><strong>a</strong></span> <span class='ocrx_word' id='word_1_224' title='bbox 714 3907 824 3998; x_wconf 86' lang='lat' dir='ltr'><strong>surto,</strong></span> <span class='ocrx_word' id='word_1_225' title='bbox 850 3926 868 3978; x_wconf 86' lang='lat' dir='ltr'><strong>e</strong></span> <span class='ocrx_word' id='word_1_226' title='bbox 894 3908 982 3997; x_wconf 84' lang='lat' dir='ltr'><strong>quet,</strong></span> <span class='ocrx_word' id='word_1_227' title='bbox 1009 3905 1155 3997; x_wconf 86' lang='lat' dir='ltr'><strong>scilicet,</strong></span> <span class='ocrx_word' id='word_1_228' title='bbox 1181 3904 1245 3996; x_wconf 88' lang='lat' dir='ltr'><strong>qui</strong></span> <span class='ocrx_word' id='word_1_229' title='bbox 1269 3902 1388 3996; x_wconf 81' lang='lat' dir='ltr'><strong>offert,</strong></span> <span class='ocrx_word' id='word_1_230' title='bbox 1405 3898 1479 3996; x_wconf 81' lang='lat' dir='ltr'><strong>pud</strong></span> <span class='ocrx_word' id='word_1_231' title='bbox 1503 3922 1567 3976; x_wconf 87' lang='lat' dir='ltr'><strong>oo·</strong></span> 
     </span>
     <span class='ocr_line' id='line_1_27' title="bbox 395 4023 1566 4122; baseline -0.005 -20"><span class='ocrx_word' id='word_1_232' title='bbox 395 4031 473 4118; x_wconf 86' lang='lat' dir='ltr'><strong>der,</strong></span> <span class='ocrx_word' id='word_1_233' title='bbox 499 4028 644 4122; x_wconf 88' lang='lat' dir='ltr'><strong>seilicet,</strong></span> <span class='ocrx_word' id='word_1_234' title='bbox 670 4050 692 4102; x_wconf 89' lang='lat' dir='ltr'><strong>a</strong></span> <span class='ocrx_word' id='word_1_235' title='bbox 719 4027 855 4102; x_wconf 90' lang='lat' dir='ltr'><strong>virtute</strong></span> <span class='ocrx_word' id='word_1_236' title='bbox 881 4027 919 4100; x_wconf 92' lang='lat' dir='ltr'><strong>in</strong></span> <span class='ocrx_word' id='word_1_237' title='bbox 944 4025 1086 4119; x_wconf 88' lang='lat' dir='ltr'><strong>vitium,</strong></span> <span class='ocrx_word' id='word_1_238' title='bbox 1110 4031 1148 4099; x_wconf 88' lang='lat' dir='ltr'><strong>et</strong></span> <span class='ocrx_word' id='word_1_239' title='bbox 1174 4045 1241 4120; x_wconf 93' lang='lat' dir='ltr'><strong>per</strong></span> <span class='ocrx_word' id='word_1_240' title='bbox 1265 4043 1493 4118; x_wconf 85' lang='lat' dir='ltr'><strong>oonsequens</strong></span> <span class='ocrx_word' id='word_1_241' title='bbox 1516 4023 1566 4096; x_wconf 90' lang='lat' dir='ltr'><strong>ab</strong></span> 
     </span>
     <span class='ocr_line' id='line_1_28' title="bbox 396 4147 978 4232; baseline -0.005 -9"><span class='ocrx_word' id='word_1_242' title='bbox 396 4149 623 4223; x_wconf 86' lang='lat' dir='ltr'><strong>humanitate</strong></span> <span class='ocrx_word' id='word_1_243' title='bbox 650 4148 684 4221; x_wconf 94' lang='lat' dir='ltr'><strong>in</strong></span> <span class='ocrx_word' id='word_1_244' title='bbox 711 4147 978 4232; x_wconf 85' lang='lat' dir='ltr'><strong>bestialitatem.</strong></span> 
     </span>
    </p>
   </div>
   <div class='ocr_carea' id='block_1_3' title="bbox 455 4405 1541 4704">
    <p class='ocr_par' dir='ltr' id='par_1_3' title="bbox 455 4405 995 4471">
     <span class='ocr_line' id='line_1_29' title="bbox 455 4405 995 4471; baseline -0.007 -12"><span class='ocrx_word' id='word_1_245' title='bbox 455 4409 483 4471; x_wconf 70' lang='grc' dir='ltr'><strong>ξ’)</strong></span> <span class='ocrx_word' id='word_1_246' title='bbox 501 4409 532 4460; x_wconf 86' lang='lat' dir='ltr'><strong>E.</strong></span> <span class='ocrx_word' id='word_1_247' title='bbox 548 4423 618 4468; x_wconf 81' lang='lat' dir='ltr'><strong>vere,</strong></span> <span class='ocrx_word' id='word_1_248' title='bbox 637 4410 687 4460; x_wconf 86' lang='lat' dir='ltr'><strong>boo</strong></span> <span class='ocrx_word' id='word_1_249' title='bbox 703 4413 743 4458; x_wconf 78' lang='lat' dir='ltr'><strong>est</strong></span> <span class='ocrx_word' id='word_1_250' title='bbox 758 4413 876 4470; x_wconf 81' lang='lat' dir='ltr'><strong>temporo</strong></span> <span class='ocrx_word' id='word_1_251' title='bbox 892 4405 995 4456; x_wconf 69' lang='lat' dir='ltr'><strong>diviua.</strong></span> 
     </span>
    </p>

    <p class='ocr_par' dir='ltr' id='par_1_4' title="bbox 455 4481 1541 4630">
     <span class='ocr_line' id='line_1_30' title="bbox 455 4481 1541 4552; baseline -0.006 -12"><span class='ocrx_word' id='word_1_252' title='bbox 455 4489 482 4552; x_wconf 82' lang='lat'><strong>(¹)</strong></span> <span class='ocrx_word' id='word_1_253' title='bbox 500 4490 530 4540; x_wconf 84' lang='lat' dir='ltr'><strong>E.</strong></span> <span class='ocrx_word' id='word_1_254' title='bbox 548 4489 653 4550; x_wconf 75' lang='lat' dir='ltr'><strong>famose,</strong></span> <span class='ocrx_word' id='word_1_255' title='bbox 669 4494 756 4552; x_wconf 74' lang='lat' dir='ltr'><strong>posteo</strong></span> <span class='ocrx_word' id='word_1_256' title='bbox 773 4487 808 4538; x_wconf 90' lang='lat' dir='ltr'><strong>in.</strong></span> <span class='ocrx_word' id='word_1_257' title='bbox 974 4482 1001 4546; x_wconf 74' lang='lat'><strong>(⁸)</strong></span> <span class='ocrx_word' id='word_1_258' title='bbox 1018 4483 1049 4534; x_wconf 88' lang='grc' dir='ltr'><strong>Ε.</strong></span> <span class='ocrx_word' id='word_1_259' title='bbox 1066 4489 1145 4546; x_wconf 90' lang='lat' dir='ltr'><strong>prout</strong></span> <span class='ocrx_word' id='word_1_260' title='bbox 1161 4482 1257 4546; x_wconf 70' lang='lat' dir='ltr'><strong>legitur</strong></span> <span class='ocrx_word' id='word_1_261' title='bbox 1273 4482 1305 4532; x_wconf 81' lang='lat' dir='ltr'><strong>de</strong></span> <span class='ocrx_word' id='word_1_262' title='bbox 1320 4481 1367 4531; x_wconf 88' lang='lat' dir='ltr'><strong>iiio</strong></span> <span class='ocrx_word' id='word_1_263' title='bbox 1382 4481 1471 4533; x_wconf 80' lang='lat' dir='ltr'><strong>vetulo</strong></span> <span class='ocrx_word' id='word_1_264' title='bbox 1486 4482 1541 4546; x_wconf 78' lang='lat' dir='ltr'><strong>qui.</strong></span> 
     </span>
     <span class='ocr_line' id='line_1_31' title="bbox 456 4558 1445 4630; baseline -0.01 -12"><span class='ocrx_word' id='word_1_265' title='bbox 456 4565 483 4628; x_wconf 75' lang='lat'><strong>(⁸)</strong></span> <span class='ocrx_word' id='word_1_266' title='bbox 499 4566 530 4616; x_wconf 84' lang='lat' dir='ltr'><strong>E.</strong></span> <span class='ocrx_word' id='word_1_267' title='bbox 547 4567 648 4630; x_wconf 71' lang='lat' dir='ltr'><strong>gallinis</strong></span> <span class='ocrx_word' id='word_1_268' title='bbox 664 4571 690 4616; x_wconf 88' lang='lat' dir='ltr'><strong>et</strong></span> <span class='ocrx_word' id='word_1_269' title='bbox 707 4565 783 4616; x_wconf 81' lang='lat' dir='ltr'><strong>rebus</strong></span> <span class='ocrx_word' id='word_1_270' title='bbox 799 4563 911 4614; x_wconf 79' lang='lat' dir='ltr'><strong>sortiris.</strong></span> <span class='ocrx_word' id='word_1_271' title='bbox 975 4561 1002 4622; x_wconf 80' lang='lat'><strong>(¹)</strong></span> <span class='ocrx_word' id='word_1_272' title='bbox 1017 4559 1043 4610; x_wconf 85' lang='lat' dir='ltr'><strong>S.</strong></span> <span class='ocrx_word' id='word_1_273' title='bbox 1060 4561 1112 4610; x_wconf 84' lang='lat' dir='ltr'><strong>olto</strong></span> <span class='ocrx_word' id='word_1_274' title='bbox 1127 4573 1160 4610; x_wconf 75' lang='lat' dir='ltr'><strong>er</strong></span> <span class='ocrx_word' id='word_1_275' title='bbox 1175 4560 1333 4622; x_wconf 71' lang='lat' dir='ltr'><strong>appareatis,</strong></span> <span class='ocrx_word' id='word_1_276' title='bbox 1350 4558 1445 4609; x_wconf 67' lang='lat' dir='ltr'><strong>daos.</strong></span> 
     </span>
    </p>

    <p class='ocr_par' dir='ltr' id='par_1_5' title="bbox 455 4635 1357 4704">
     <span class='ocr_line' id='line_1_32' title="bbox 455 4635 1357 4704; baseline -0.008 -12"><span class='ocrx_word' id='word_1_277' title='bbox 455 4642 482 4704; x_wconf 79' lang='lat'><strong>(⁸)</strong></span> <span class='ocrx_word' id='word_1_278' title='bbox 499 4643 529 4692; x_wconf 82' lang='lat' dir='ltr'><strong>E.</strong></span> <span class='ocrx_word' id='word_1_279' title='bbox 546 4641 651 4692; x_wconf 71' lang='lat' dir='ltr'><strong>uomina</strong></span> <span class='ocrx_word' id='word_1_280' title='bbox 667 4643 724 4694; x_wconf 70' lang='lat' dir='ltr'><strong>boe</strong></span> <span class='ocrx_word' id='word_1_281' title='bbox 739 4641 840 4704; x_wconf 72' lang='lat' dir='ltr'><strong>aceepit</strong></span> <span class='ocrx_word' id='word_1_282' title='bbox 855 4638 972 4702; x_wconf 74' lang='lat' dir='ltr'><strong>vulgaria</strong></span> <span class='ocrx_word' id='word_1_283' title='bbox 989 4637 1178 4698; x_wconf 74' lang='lat' dir='ltr'><strong>communiora,</strong></span> <span class='ocrx_word' id='word_1_284' title='bbox 1194 4649 1226 4686; x_wconf 74' lang='lat' dir='ltr'><strong>uo</strong></span> <span class='ocrx_word' id='word_1_285' title='bbox 1242 4635 1357 4686; x_wconf 76' lang='lat' dir='ltr'><strong>sidicat.</strong></span> 
     </span>
    </p>
   </div>
   <div class='ocr_carea' id='block_1_4' title="bbox 849 4855 1114 4868">
    <p class='ocr_par' dir='ltr' id='par_1_6' title="bbox 849 4855 1114 4868">
     <span class='ocr_line' id='line_1_33' title="bbox 849 4855 1114 4868; baseline -0.015 0"><span class='ocrx_word' id='word_1_286' title='bbox 849 4855 1114 4868; x_wconf 80' lang='lat'>————-</span> 
     </span>
    </p>
   </div>
   <div class='ocr_carea' id='block_1_5' title="bbox 0 0 2426 6642">
    <p class='ocr_par' dir='ltr' id='par_1_7' title="bbox 0 0 2426 6642">
     <span class='ocr_line' id='line_1_34' title="bbox 0 0 2426 6642; baseline 0 0"><span class='ocrx_word' id='word_1_287' title='bbox 0 0 2426 6642; x_wconf 95' lang='lat' dir='ltr'><strong> </strong></span> 
     </span>
    </p>
   </div>
  </div>
 </body>
</html>
