4842 6642
778 849 916 906 murus
941 849 1099 907 oncrmos
1124 851 1318 910 scoonuos.
1586 842 1631 909 81

459 999 618 1096 capitulo
644 997 754 1072 huius
778 998 949 1074 Paradisi.
978 1000 1020 1072 lit
1046 1019 1136 1074 vere
1161 997 1229 1072 tuit
1259 1019 1417 1094 maguus
1447 999 1633 1097 magister,

461 1124 512 1196 tul
542 1121 602 1193 clrc
632 1122 665 1194 ci
694 1121 779 1194 mehe
803 1139 829 1192 o
855 1121 985 1192 drmir
1015 1122 1051 1192 lu
1083 1119 1202 1210 mortu,
1229 1117 1331 1212 idest,
1363 1117 1472 1193 tidem
1508 1121 1636 1195 catho-

459 1241 566 1316 licam
593 1262 678 1334 quae
699 1240 794 1315 inira
818 1239 950 1314 dicitur
975 1241 1116 1333 hortus,
1134 1241 1195 1313 ode
1215 1246 1302 1313 torto
1326 1240 1513 1333 immuunt,
1531 1240 1633 1336 idest,

461 1361 605 1457 urescit,
632 1360 731 1456 quod
757 1381 804 1435 ex
829 1360 934 1436 viridi
960 1360 1118 1436 efficitur
1142 1359 1239 1454 alba,
1259 1381 1297 1433 oc
1312 1361 1339 1432 'l
1358 1363 1500 1452 oipnoio
1516 1357 1538 1434 c*
1556 1381 1633 1451 rco,

320 1541 324 1547 .
460 1482 564 1576 idest,
591 1481 621 1555 si
646 1482 759 1557 homo
784 1487 840 1556 est
868 1502 1015 1576 pravus.
1049 1482 1093 1556 Et
1126 1482 1197 1556 hoc
1227 1479 1311 1555 lecit
1340 1501 1415 1556 non
1446 1480 1493 1555 ad
1522 1480 1632 1555 tinem

460 1601 671 1677 divitiarum
696 1601 755 1676 vel
786 1601 953 1696 honoris3
981 1600 1078 1675 unde
1103 1599 1212 1676 dicit:
1238 1621 1312 1674 non
1335 1622 1405 1694 pcr
1429 1604 1464 1676 lo
1488 1603 1633 1692 mondo,

460 1723 564 1816 idest,
590 1742 664 1799 non
689 1742 756 1816 pro
782 1721 952 1796 felicitate
976 1720 1174 1814 mundana,
1196 1742 1266 1814 per
1282 1724 1339 1794 cui
1353 1743 1411 1795 mo
1427 1725 1457 1795 ε’
1469 1727 1633 1815 ossuum,

460 1842 562 1936 idest,
589 1862 757 1938 proquo
783 1840 892 1915 modo
917 1841 1119 1935 laboratur,
1136 1842 1270 1915 diretro
1295 1845 1346 1916 od
1375 1844 1539 1937 Ostiense,
1566 1862 1633 1938 per

460 1964 531 2039 hoc
543 1968 644 2037 notat
656 1961 872 2056 decretalia3
891 1961 959 2038 luit
975 1961 1073 2036 enim
1088 1961 1260 2036 Ostiensis
1273 1963 1422 2055 quidam
1439 1962 1632 2038 cardinalis

459 2084 523 2179 qui
549 2090 618 2159 etc.
644 2084 688 2158 lit
714 2103 804 2158 vere
829 2103 927 2157 nunc
945 2082 1107 2158 maximo
1127 2103 1211 2178 pars
1229 2082 1455 2158 studentium
1480 2081 1632 2157 intendit

459 2204 505 2281 ad
531 2203 745 2296 decretales,
763 2202 857 2277 siout
879 2201 1048 2278 videmus
1072 2202 1119 2276 de
1144 2202 1260 2298 iacto;
1279 2222 1348 2279 nec
1369 2203 1519 2297 mirum,
1546 2222 1632 2277 oum

459 2325 595 2399 multos
612 2323 804 2398 videamus
830 2323 1041 2418 ignorantes
1057 2323 1351 2419 grammaticam,
1371 2330 1413 2396 ut
1428 2322 1475 2398 de
1491 2321 1633 2398 caeteris

458 2444 600 2520 artibus
626 2443 713 2517 nihil
739 2443 870 2537 dicam,
898 2443 961 2538 qui
987 2451 1268 2537 consequuntur
1297 2444 1460 2518 maxima
1492 2442 1634 2518 beneti-

460 2565 514 2639 cia
546 2572 584 2639 et
616 2561 819 2660 dignitates,
845 2561 933 2656 quia
972 2562 1091 2636 sciunt
1126 2563 1290 2660 allegare
1312 2555 1349 2656 (⁴)
1381 2562 1474 2638 duas
1501 2563 1632 2638 decre-

462 2685 563 2778 tales,
589 2691 622 2758 et
645 2704 670 2756 o
699 2685 850 2757 Toddeo.
871 2682 943 2757 Per
968 2683 1040 2756 hoc
1056 2688 1158 2756 notat
1176 2682 1420 2757 medicinalia:
1446 2682 1513 2755 luit
1532 2681 1630 2755 enim

460 2805 662 2880 Thaddaeus
692 2803 855 2879 famosos
885 2802 1060 2896 medicus,
1093 2809 1359 2879 conterraneus
1389 2802 1540 2896 autoris,
1567 2801 1630 2895 qoi

460 2925 547 3024 legit
572 2932 610 3014 et
628 2924 769 3020 scripsit
788 2923 972 3018 Bononiae,
991 2929 1027 2998 et
1049 2930 1201 2997 vocatus
1227 2929 1282 2998 est
1307 2923 1502 3017 plusquam
1528 2941 1633 2996 com-

460 3050 661 3139 mentator3
687 3050 725 3120 et
748 3044 866 3118 iactus
891 3049 946 3118 est
970 3043 1178 3138 ditissimus,
1204 3043 1321 3117 immo
1346 3043 1473 3117 ditavit
1503 3042 1634 3116 hortu-

459 3165 586 3240 lanum
604 3185 727 3238 suum.
742 3164 838 3238 Vixit
855 3169 981 3239 autem
999 3163 1104 3237 annis
1197 3172 1235 3238 et
1252 3169 1424 3237 mortuus
1441 3169 1496 3238 est
1512 3172 1635 3239 morte

459 3284 660 3381 repentina,
681 3291 719 3359 et
736 3284 900 3380 sepultus
916 3289 971 3359 cst
988 3283 1160 3358 Bononiae
1178 3291 1265 3359 ante
1281 3284 1430 3359 Portam
1448 3284 1632 3359 Minorum

459 3403 496 3478 in
521 3405 651 3500 pulcra
676 3410 712 3478 et
739 3423 950 3478 marmorea
976 3403 1176 3500 sepultura.
1203 3402 1274 3478 Sed
1300 3404 1420 3499 potius
1445 3423 1512 3499 per
1541 3424 1633 3479 con-

457 3523 633 3620 trarium3
661 3524 759 3600 unde
784 3523 891 3599 dicit:
910 3545 969 3597 mo
991 3545 1058 3616 per
1082 3544 1187 3596 amor
1211 3526 1304 3598 dello
1329 3545 1454 3598 ocrocc
1478 3543 1626 3618 muno,

457 3644 560 3740 idest,
581 3665 681 3720 verae
698 3644 941 3738 heatitudiniS,
960 3665 1034 3738 qua
1051 3650 1254 3740 pascuntur
1271 3645 1405 3720 animae
1422 3645 1629 3720 beatorum.

458 3805 508 3820 -
522 3768 580 3840 Ed
598 3768 671 3840 altu
691 3769 799 3840 sedio.
826 3765 891 3839 llic
910 3765 1171 3839 Bonaventora
1195 3765 1327 3861 prohat
1353 3786 1419 3861 per
1444 3765 1631 3860 ellectum,

459 3886 557 3982 quod
583 3886 794 3960 llominicus
820 3905 894 3960 non
919 3884 1102 3959 studuerit
1126 3884 1173 3959 ad
1199 3883 1309 3958 tinem
1328 3885 1421 3960 lucri
1440 3887 1498 3960 vel
1516 3886 1632 3960 hono·

459 4006 520 4101 ris,
538 4006 625 4100 quia
646 4027 720 4081 non
745 4006 870 4102 petivit
887 4026 909 4080 a
930 4025 1078 4080 summo
1097 4004 1278 4102 pontifice,
1296 4011 1491 4100 postquam
1513 4006 1631 4080 iactus

458 4133 515 4202 est
539 4147 697 4223 magnus
713 4125 852 4220 doctor,
879 4147 922 4201 ea
949 4147 1033 4222 quae
1053 4126 1300 4202 communiter
1321 4118 1501 4223 petunt(¹l
1524 4125 1631 4201 hodie

458 4246 519 4320 alii
544 4245 751 4320 sacerdotes
776 4252 813 4320 et
839 4246 1007 4343 religiosi,
1035 4246 1098 4341 qui
1122 4252 1252 4341 petunt
1276 4247 1505 4342 praelaturas,
1526 4252 1632 4341 pote-

458 4372 603 4462 statem,
627 4366 896 4442 auctoritatem.
922 4367 1027 4441 Nunc
1044 4387 1187 4463 expone
1213 4369 1368 4462 literam,
1395 4374 1432 4442 et
1457 4372 1631 4442 construe

458 4488 528 4563 sic:
547 4507 653 4583 cape
686 4488 804 4582 primo
836 4487 925 4562 illud
950 4493 993 4579 E,
1025 4488 1124 4581 quod
1158 4495 1215 4564 est
1248 4488 1285 4562 in
1318 4488 1493 4584 principio
1527 4488 1631 4562 istius

456 4606 565 4703 primi
590 4607 771 4705 rhythmi,
789 4607 920 4683 deinde
945 4607 1033 4682 illud
1057 4629 1143 4702 non,
1172 4607 1272 4703 quod
1297 4614 1352 4684 est
1385 4607 1423 4681 in
1451 4608 1629 4704 principio

458 4726 607 4804 secundi
640 4728 811 4825 rhythmi,
837 4727 968 4805 deinde
1003 4727 1090 4802 illud
1120 4721 1350 4820 addimuodd‚
1377 4729 1476 4824 quod
1510 4736 1566 4805 est
1590 4730 1626 4804 in

521 4989 550 5054 (¹)
564 4989 590 5040 8.
605 4989 719 5055 allegare
735 4991 886 5044 decretales.
1091 4989 1119 5056 (¹)
1136 4991 1166 5042 ll.
1182 4997 1276 5056 petunt
1291 4991 1343 5043 ulli.

595 5097 622 5142 V.
1482 5101 1496 5143 l
