4842 6642
821 838 892 908 408
1213 850 1416 906 couuuuuu
1441 851 1609 905 uuuuusu

819 996 1035 1091 dicitquod
1068 996 1155 1070 vidit
1192 1016 1318 1069 unum·
1339 997 1467 1071 iumen
1501 996 1859 1092 excellentissimum,
1885 998 1994 1072 cuius

817 1136 979 1192 acumen
1004 1116 1135 1191 oculus
1161 1115 1341 1191 sustinere
1368 1136 1441 1191 uon
1473 1122 1627 1211 poterat.
1660 1117 1796 1191 Ordine
1825 1118 1878 1191 sic
1912 1118 1995 1193 lite·

820 1257 912 1311 ram.
940 1242 973 1310 Ε
997 1240 1068 1311 vidi
1091 1258 1139 1310 un
1162 1245 1283 1331 manto,
1309 1236 1457 1332 scilicet,
1477 1237 1609 1332 Deum,
1628 1237 1691 1332 qui
1717 1245 1774 1312 est
1799 1237 1996 1312 immobilis

823 1364 1013 1452 tamquam
1050 1365 1240 1452 centrum3
1273 1363 1310 1432 et
1344 1357 1448 1432 dicit:
1480 1361 1540 1433 cte
1570 1361 1748 1449 rayyc’uua
1773 1362 1875 1452 teme,
1908 1358 1995 1453 quia

821 1478 898 1575 ipse
922 1486 978 1554 est
1003 1480 1067 1553 lux
1093 1500 1183 1554 vera
1208 1477 1418 1553 ittuminans
1437 1485 1568 1572 tutum,
1586 1485 1624 1553 et
1640 1478 1735 1573 dicit,
1752 1472 1783 1551 si
1802 1486 1916 1569 acuto,
1935 1480 1997 1553 cite

820 1602 849 1673 it
863 1603 937 1673 viso
955 1602 1005 1672 ct’
1018 1602 1087 1691 euti
1102 1604 1233 1693 uffocu,
1246 1598 1349 1694 idest,
1368 1619 1481 1693 quem
1499 1597 1619 1694 ipsum
1640 1598 1768 1673 iumen
1784 1598 1994 1674 ardentissi-

822 1740 927 1793 mum
954 1719 1179 1813 reverberat,
1205 1722 1383 1793 convictui
1405 1721 1565 1793 cttudere
1588 1739 1657 1811 per
1685 1722 1720 1792 to
1742 1722 1836 1813 sorte
1860 1739 1990 1793 ucume.

822 1840 866 1914 Et
891 1862 964 1915 nou
991 1840 1141 1933 mirum,
1167 1839 1254 1933 quia
1279 1839 1309 1913 si
1334 1840 1466 1914 ocutus
1489 1839 1689 1934 corporatis
1709 1839 1854 1936 cogitur
1871 1838 1991 1914 claudi

821 1960 868 2035 ud
895 1960 1125 2056 splendorem
1152 1958 1301 2033 luminis
1318 1959 1459 2054 solaris,
1477 1965 1616 2054 quanto
1634 1959 1752 2057 magis
1776 1961 1906 2034 ocutus
1933 1960 1990 2033 iu·

818 2081 1035 2157 tellectuaiis
1060 2080 1107 2156 ad
1134 2081 1278 2155 radium
1304 2080 1430 2156 aeterui
1456 2080 1552 2176 sotis,
1571 2080 1634 2175 qui
1655 2081 1740 2156 iecit
1764 2081 1880 2156 solem
1905 2101 1991 2156 seu-

817 2202 959 2278 sibilem
991 2208 1027 2276 et
1060 2202 1199 2295 lunam,
1231 2221 1315 2295 quae
1344 2202 1571 2296 appellamus
1604 2199 1800 2275 luminaria
1832 2205 1995 2298 magua?

818 2322 863 2396 Et
888 2323 958 2396 hoc
983 2320 1066 2416 vidi,
1093 2324 1179 2394 com’
1192 2323 1227 2394 to
1252 2324 1302 2393 uti
1324 2324 1459 2412 ttuoui,
1485 2320 1587 2415 idest,
1610 2321 1733 2394 statim
1757 2341 1844 2394 cum
1873 2327 1993 2395 retro-

820 2443 933 2537 spexi,
960 2466 979 2517 e
1003 2463 1099 2516 come
1123 2446 1149 2516 ti
1173 2445 1264 2530 miei,
1290 2441 1437 2537 scilicet,
1463 2440 1572 2535 oculi,
1594 2446 1706 2537 [taron
1730 2444 1839 2515 toccti
1866 2444 1915 2515 du
1939 2433 1994 2515 cti

820 2567 881 2637 cie
907 2585 998 2656 pare
1028 2567 1065 2638 in
1094 2566 1174 2656 quet
1201 2564 1349 2654 volume,
1383 2562 1486 2656 idest,
1517 2561 1554 2635 iu
1586 2562 1706 2658 primo
1733 2562 1869 2657 mubiti,
1894 2563 1992 2658 quod

820 2684 982 2759 continet
1013 2683 1108 2758 intra
1141 2704 1180 2758 se
1212 2684 1336 2759 omnia
1371 2682 1578 2777 volumiua3
1604 2690 1643 2758 et
1671 2681 1777 2757 dicit:
1809 2686 1995 2776 quancun-

822 2824 898 2898 que,
924 2802 1025 2898 idest,
1051 2803 1370 2898 quotiescumque,
1388 2802 1453 2875 ten
1476 2805 1506 2875 ε’
1516 2805 1674 2894 aduecti,
1692 2802 1795 2898 idest,
1812 2802 1995 2878 subtiliter

821 2924 1043 3020 speculetur,
1069 2927 1129 2998 nel
1150 2946 1214 2997 cuo
1238 2928 1333 3016 uiro,
1358 2923 1462 3017 idest,
1488 2924 1524 2998 iu
1550 2923 1630 2999 eius
1655 2944 1775 3019 spera,
1800 2925 1859 2999 vei
1885 2925 1996 3016 orbe3

819 3044 924 3140 quasi
949 3045 1057 3139 dicat,
1082 3045 1203 3119 statim
1231 3043 1378 3141 quaudo
1403 3044 1476 3119 vidi
1506 3045 1628 3119 lucem
1654 3045 1934 3142 vivacissimam,
1955 3054 1996 3121 et

818 3165 993 3241 virtutem
1021 3164 1261 3240 unitissimem
1288 3165 1383 3238 illius
1408 3164 1503 3260 cmii,
1530 3184 1615 3260 quae
1640 3172 1792 3241 manant
1821 3188 1844 3241 a
1870 3172 1996 3241 mente

817 3284 949 3359 divina.
964 3291 1058 3359 -Ε
1081 3290 1192 3378 quate.
1219 3286 1285 3360 Hic
1310 3291 1421 3360 autor
1445 3286 1603 3381 explicat
1619 3286 1877 3361 excellentiam
1898 3286 1994 3361 iliius

816 3405 964 3479 luminis
989 3426 1055 3501 per
1081 3426 1194 3481 uuam
1223 3405 1537 3501 comparationem
1565 3405 1746 3501 nobilem3
1769 3412 1808 3482 et
1831 3406 1996 3482 breviter

816 3526 960 3602 videtur
986 3525 1121 3621 dicere,
1147 3526 1247 3621 quod
1272 3526 1333 3601 iiia
1358 3528 1566 3622 stellaque
1585 3526 1733 3603 videtur
1752 3528 1856 3602 uobis
1874 3526 1997 3601 minor

817 3647 932 3745 positu
959 3668 1069 3743 penes
1094 3646 1215 3741 ipsum
1242 3652 1433 3742 punctum,
1466 3648 1612 3723 videtur
1644 3650 1732 3724 iuna
1762 3648 1910 3743 quaudo
1941 3654 1998 3723 eet

819 3766 988 3843 rutunda.
1015 3767 1108 3842 Dicit
1132 3778 1244 3864 ergo:
1271 3773 1304 3841 Ε
1326 3771 1428 3862 quale
1450 3770 1563 3859 stella,
1585 3767 1688 3860 idest,
1706 3768 1767 3842 illa
1784 3768 1888 3843 stella
1910 3788 1996 3862 quse

817 3910 901 3983 pur,
928 3889 1073 3983 scilicet,
1099 3889 1136 3964 in
1161 3889 1270 3983 coelo,
1289 3892 1417 3983 quinci,
1437 3869 1590 3981 scilicet'
1605 3888 1722 3963 oculis
1747 3888 1940 3963 homiuum
1958 3888 1996 3963 iu

820 4016 932 4103 terra,
944 4003 1006 4102 pii
1018 4030 1125 4102 poca,
1146 4008 1250 4103 quasi
1267 4008 1375 4103 dicat,
1392 4028 1478 4103 quae
1498 4008 1643 4083 videtur
1657 4008 1812 4085 minima
1825 4009 1994 4085 omnium

820 4128 1023 4224 stellarum,
1050 4132 1165 4203 locutu
1194 4150 1262 4203 con
1291 4150 1382 4220 esse,
1413 4129 1560 4223 scilicet,
1586 4136 1723 4223 puncto
1749 4129 1923 4225 predicto
1948 4149 1996 4205 eo

820 4247 942 4342 mode,
967 4269 1063 4322 come
1086 4252 1185 4323 stella
1209 4252 1243 4323 st
1265 4252 1395 4323 colloca
1419 4268 1487 4322 coc
1511 4252 1624 4339 stella,
1641 4248 1789 4343 scilicet,
1809 4248 1845 4323 iu
1863 4248 1994 4324 eadem

818 4369 1010 4465 succutit
1044 4370 1102 4445 hic
1139 4378 1226 4445 notu
1262 4368 1309 4445 ad
1342 4368 1536 4445 clariorem
1573 4369 1849 4465 intelligentium
1885 4368 1997 4445 huius

792 4496 794 4501 '
818 4491 1100 4587 comparationis
1126 4491 1225 4586 quod
1250 4498 1360 4565 autor
1386 4510 1460 4565 uou
1486 4490 1565 4566 vult
1590 4490 1690 4566 atiud
1709 4490 1834 4566 dicere
1854 4490 1997 4586 judicio

816 4632 900 4687 meo
925 4612 991 4685 nisi
1020 4612 1118 4708 qued
1149 4612 1243 4687 sicut
1272 4612 1361 4685 iuna
1396 4631 1482 4705 quae
1511 4617 1568 4686 est
1599 4609 1749 4685 minima
1778 4610 1884 4686 steila
1908 4610 1997 4687 coeii

815 4739 967 4826 apparet
993 4733 1095 4807 uobis
1124 4731 1284 4807 maxima
1310 4737 1461 4827 propter
1485 4730 1708 4806 vicinitatem
1739 4731 1826 4825 ieci3
1852 4732 1902 4806 ita
1938 4731 1998 4807 iiia

819 4852 934 4946 steila,
952 4872 1036 4948 quae
1053 4852 1199 4927 videtur
1224 4851 1328 4926 uobis
1345 4850 1498 4925 minima
1519 4857 1669 4947 propter
1685 4850 1893 4926 distantium
1911 4850 1995 4947 ioci,

821 4972 935 5069 posita
955 4973 1063 5069 juxta
1085 4974 1170 5048 iliud
1190 4979 1368 5069 punctum
1387 4970 1532 5047 videtur
1550 4972 1654 5046 uobis
1671 4971 1836 5047 maxima
1855 4972 1997 5047 ratione
