4842 6642
979 778 1027 846 92
1369 792 1574 848 conruruu
1597 793 1766 848 runuursr

979 937 1135 1010 circulos
1160 937 1334 1031 aequales,
1360 942 1564 1032 utrumque
1587 937 1781 1013 duodecim
1806 937 2007 1033 stellarum,
2035 945 2072 1013 et
2091 938 2149 1013 isti

977 1057 1052 1132 duo
1065 1057 1193 1132 circuli
1206 1058 1417 1133 contineant
1434 1079 1531 1132 unus
1547 1059 1719 1154 alterum,
1733 1066 1772 1134 et
1784 1066 2005 1135 moveantur
2022 1081 2149 1155 mqua-

978 1177 1061 1252 liter
1079 1198 1176 1252 nnus
1193 1183 1321 1253 contra
1344 1179 1505 1254 alterum
1526 1163 1594 1253 etc.
1621 1178 1682 1253 llis
1708 1180 1852 1274 notatis,
1870 1180 1975 1256 litera
1996 1180 2149 1256 faciliter

978 1299 1127 1394 patebit,
1153 1319 1222 1373 nec
1247 1305 1390 1394 oportet
1415 1299 1538 1374 lacere
1561 1299 1910 1376 demonstrationem
1938 1321 2005 1396 per
2024 1301 2149 1376 literas

981 1419 1162 1514 alphabeti
1188 1441 1225 1508 o,
1251 1421 1285 1511 t,
1310 1419 1403 1493 sicut
1428 1419 1534 1492 multi
1560 1418 1709 1514 iaciunt,
1739 1421 1857 1518 magis
1881 1421 2146 1496 contundentes

978 1679 1068 1756 crgo
1095 1658 1221 1733 volens
1246 1667 1356 1734 autor
1381 1660 1652 1756 exemplificare
1677 1661 1791 1737 dictas
1815 1662 2069 1738 circulatioues
2094 1663 2150 1737 in·

976 1779 1066 1854 vitat
1096 1785 1260 1854 nostram
1294 1780 1569 1878 imaginativam
1600 1782 1647 1856 ad
1681 1782 1968 1879 imaginandum.
1999 1785 2149 1878 Expone

979 1899 1029 1974 sic
1046 1901 1188 1975 literam
1207 1907 1245 1974 et
1261 1900 1409 1976 ordina:
1439 1904 1512 1994 ott,
1525 1902 1616 1977 idest
1634 1901 1872 1998 quicumque,
1886 1925 1971 1997 rupe
1988 1906 2148 1978 merua

805 2059 809 2066 -
861 2069 866 2082 .
950 2022 1071 2114 term,
1101 2021 1203 2115 idest,
1229 2021 1411 2096 desiderat
1436 2022 1543 2117 plene
1556 2015 1594 2116 (¹)
1626 2023 1840 2120 intelligere,
1873 2027 1953 2116 puel
1979 2027 2077 2098 el’r'o
2105 2045 2150 2098 or

976 2144 1060 2233 vidi,
1078 2141 1124 2215 de
1139 2141 1284 2216 duabus
1304 2142 1460 2236 coronis,
1478 2147 1673 2236 immugiret,
1690 2152 1729 2220 et
1745 2144 1991 2242 imaginando,
2006 2149 2147 2238 noma

977 2266 1000 2335 l'
1013 2264 1141 2355 image,
1167 2262 1270 2356 idest,
1295 2262 1604 2359 imaginationem,
1639 2285 1735 2337 come
1762 2269 1880 2360 semro
1908 2287 2009 2358 rupe,
2044 2265 2145 2361 idest,

976 2383 1122 2457 firmam
1149 2389 1187 2457 et
1212 2383 1438 2458 immobilem
1471 2384 1574 2458 velut
1597 2405 1742 2480 saxum,
1769 2393 1901 2460 mentre
1924 2389 2022 2460 ct'io
2055 2390 2146 2479 dcco,

976 2503 1077 2598 idest,
1105 2503 1251 2578 interim
1277 2504 1368 2577 dum
1393 2504 1440 2578 do
1466 2504 1677 2599 exemplum
1699 2506 1870 2600 pulcrum
1888 2512 1927 2580 et
1943 2506 2145 2601 proprium,

976 2623 1023 2698 ad
1048 2623 1336 2722 intelligendum.
1355 2625 1581 2722 imaginetur
1601 2646 1709 2724 ergo:
1728 2629 1881 2719 quitrdtei
1893 2630 1999 2718 stlte,
2011 2627 2147 2702 scilicet

974 2746 1020 2820 de
1046 2745 1176 2821 maiori
1203 2745 1464 2842 magnitudine,
1490 2749 1551 2820 cte
1573 2750 1613 2820 in
1637 2749 1773 2821 diverse
1791 2751 1913 2842 plage,
1936 2747 2038 2842 idest,
2061 2767 2144 2841 quoe

975 2867 1087 2941 stellae
1113 2867 1150 2940 in
1176 2866 1328 2941 diversis
1353 2867 1518 2961 partibus
1543 2868 1639 2962 coeli,
1665 2871 1819 2942 domoon
1848 2871 1883 2942 lo
1911 2871 2010 2959 eielo,
2042 2867 2145 2960 idest,

974 2987 1166 3082 illustrant,
1192 2989 1231 3059 di
1254 2993 1351 3060 tuoto
1375 3007 1512 3079 coeno,
1537 2987 1640 3082 idest,
1658 2995 1760 3063 tanto
1781 2988 1931 3082 lumine,
1948 2989 2009 3061 cte
2023 3008 2146 3060 sooer-

974 3110 1052 3181 rln'u
1064 3110 1161 3198 'ogni
1184 3127 1352 3198 compage
1376 3108 1453 3180 dett
1467 3127 1562 3200 ome,
1588 3107 1681 3182 idest
1698 3107 1849 3182 vincunt
1866 3127 2016 3181 omnem
2033 3107 2143 3181 aliam

973 3227 1275 3326 aggregationem
1301 3227 1434 3321 ueteris,
1452 3227 1530 3301 sive
1554 3227 1600 3301 sit
1624 3226 1786 3324 gallasia,
1803 3227 1880 3302 sive
1898 3245 2145 3322 quacumque

973 3351 1044 3426 alia
1070 3348 1315 3423 constellatio:
1332 3347 1474 3443 deinde,
1492 3351 1676 3441 immoplni
1691 3352 1770 3441 puel
1783 3369 1907 3439 eorro,
1925 3347 2027 3441 idest,
2045 3346 2145 3420 illam

974 3470 1284 3546 constellationem
1319 3489 1404 3564 quae
1435 3468 1569 3543 dicitur
1600 3490 1686 3543 ursa
1717 3469 1836 3544 maior
1862 3469 1919 3543 vel
1945 3468 2079 3562 minor,
2110 3471 2146 3542 et

974 3591 1177 3690 appellatur
1201 3611 1336 3666 currus
1361 3589 1662 3685 similitudinarie,
1685 3590 1773 3683 quia
1797 3594 1939 3665 constat
1963 3608 2009 3662 ex
2036 3587 2146 3662 stellis

974 3719 1126 3808 septem,
1151 3730 1313 3805 quarum
1340 3715 1502 3804 quatuor
1526 3717 1613 3782 sunt
1630 3710 1734 3804 quasi
1752 3715 1913 3803 quatuor
1932 3715 2022 3782 rotae
2038 3727 2144 3803 pares

972 3834 1011 3908 in
1037 3852 1164 3925 curru,
1189 3830 1274 3903 duae
1299 3837 1490 3923 umquam
1517 3829 1642 3924 boves,
1668 3830 1822 3924 septima
1847 3829 1942 3903 sicut
1961 3827 2143 3902 bubulcus

972 3954 1112 4029 ducens
1137 3971 1305 4044 currum,
1331 3954 1369 4023 et
1394 3949 1471 4023 istae
1495 3949 1609 4024 stellae
1635 3955 1832 4026 moventur
1856 3948 1954 4023 circa
1975 3954 2142 4022 nostrum

972 4074 1097 4170 polum
1124 4070 1472 4167 septemtrionalem,
1498 4077 1535 4144 et
1559 4077 1646 4144 sunt
1674 4077 1863 4167 perpetuae
1891 4067 2142 4165 apparitionis;

973 4193 1071 4270 unde
1082 4192 1167 4267 dicit
1181 4216 1190 4264 ε
1206 4211 1231 4263 α
1242 4193 1336 4264 coiit
1345 4211 1430 4263 seno
1442 4192 1500 4264 del
1514 4197 1636 4264 nosco
1649 4194 1747 4282 ciete,
1761 4190 1863 4284 idest,
1877 4189 2059 4284 capacitas
2075 4208 2143 4261 no·

971 4313 1036 4388 stri
1053 4311 1264 4407 hemisperii
1280 4309 1490 4406 superioris,
1508 4310 1608 4384 tosto
1625 4317 1717 4386 nette
1732 4333 1751 4384 e
1766 4314 1908 4402 pomo,
1921 4307 2037 4403 *quia
2054 4329 2143 4382 con·

972 4434 1075 4508 tinuo
1099 4433 1282 4507 illuminat
1307 4437 1475 4506 nostrum
1494 4429 1757 4526 hemisperium
1783 4435 1891 4504 nocte
1914 4436 1952 4504 et
1975 4428 2066 4504 die*
2081 4419 2137 4524 (Ἲς

972 4552 1072 4628 unde
1084 4553 1297 4648 navigantes
1309 4569 1455 4646 semper
1471 4556 1684 4645 sequuntur
1700 4556 1971 4625 tramontanam
1985 4570 2070 4644 quae
2086 4556 2143 4624 est

971 4673 1040 4768 ibi3
1066 4672 1164 4748 unde
1188 4673 1289 4747 dicit:
1315 4665 1345 4746 n*
1369 4673 1474 4746 cl'ol
1496 4676 1617 4764 notger
1641 4676 1700 4747 del
1722 4681 1810 4747 temo
1833 4693 1906 4746 non
1931 4675 2008 4746 cieo
2025 4692 2138 4767 meno,

1033 4862 1061 4924 υ)
1077 4861 1108 4911 Ε.
1126 4861 1199 4912 uene.

1034 4935 1061 5000 (¹)
1078 4937 1115 4987 Le
1131 4934 1221 4999 parole
1236 4934 1276 4987 tra
1286 4937 1295 4987 i
1304 4936 1356 4987 duc
1366 4936 1499 4988 autemut
1508 4949 1556 4987 sou
1566 4935 1678 5002 supplite
1689 4937 1730 4988 dui
1738 4936 1825 4988 codici
1836 4896 1986 4988 suoru-no
1996 4945 2012 4983 e
2021 4933 2138 4984 listune
2283 4987 2291 5008 ,
