4842 6642
776 821 847 887 242
1166 833 1372 888 corrnnruu
1395 832 1565 887 mnsorsr

776 977 918 1073 scripsit
944 979 1040 1052 ultra
1067 978 1166 1052 mille
1190 977 1391 1069 volumina,
1415 975 1466 1051 ita
1499 983 1542 1049 ut
1572 982 1663 1051 retas
1692 974 1850 1050 hominis
1874 994 1947 1048 non

775 1098 933 1173 sufficiat
953 1098 999 1173 ad
1024 1098 1223 1195 legendum
1248 1105 1430 1192 quantum
1460 1097 1614 1193 scripsit,
1644 1116 1711 1192 per
1734 1096 1834 1190 quod
1859 1094 1949 1169 tides

775 1220 954 1295 catholica
985 1220 1144 1293 multum
1177 1226 1233 1293 est
1263 1219 1437 1313 ampliata
1467 1225 1506 1293 ct
1534 1219 1706 1312 dilatata3
1732 1224 1770 1291 et
1799 1216 1905 1291 dicit:
1930 1237 1950 1287 e

776 1344 850 1415 miti
867 1344 974 1415 isnoi
991 1342 1113 1431 veleri,
1130 1339 1234 1432 idest,
1252 1359 1382 1414 omnes
1408 1339 1615 1414 voluntates
1640 1339 1730 1430 eius,
1751 1338 1788 1411 in
1815 1337 1949 1431 quibus

780 1460 941 1535 maxime
966 1459 1127 1535 consistit
1154 1459 1328 1534 meritum
1355 1460 1412 1533 vei
1438 1460 1673 1553 demeritum,
1694 1467 1727 1532 ct
1749 1462 1825 1548 otti,
1847 1456 1948 1548 idest,

777 1580 1007 1677 operationes
1032 1580 1271 1674 procedentes
1287 1602 1310 1654 a
1328 1580 1524 1654 voluntatis
1539 1580 1704 1674 arbitrio,
1728 1600 1817 1653 sono
1840 1578 1946 1649 moni

777 1720 886 1773 senza
898 1707 1042 1794 peccato
1067 1703 1105 1773 in
1130 1704 1201 1773 vita
1225 1722 1249 1773 ο
1273 1704 1312 1773 in
1325 1706 1494 1791 sermoni,
1511 1708 1692 1794 quantum
1710 1706 1766 1774 est
1781 1697 1950 1794 possibiic

779 1822 916 1895 homini
942 1842 987 1895 en
1014 1822 1115 1916 puris
1142 1822 1381 1896 naturalibus.
1408 1822 1512 1895 Unde
1528 1821 1629 1895 dicit:
1648 1828 1779 1913 quanto
1801 1823 1952 1910 ropimw

779 1962 913 2013 emano
938 1944 1031 2015 cede.
1058 1942 1101 2014 Et
1126 1942 1261 2015 iormat
1286 1941 1453 2033 dubium,
1473 1941 1617 2016 dicens:
1640 1948 1678 2015 et
1702 1941 1763 2015 iiie
1787 1940 1869 2014 talis
1894 1939 1953 2011 in·

779 2061 859 2154 dus,
878 2083 998 2135 maore
1015 2084 1086 2135 non
1103 2063 1298 2135 dotoezzoto
1314 2085 1334 2135 e
1348 2083 1456 2135 senze
1473 2064 1564 2155 sede,
1582 2062 1728 2155 scilicet,
1742 2061 1950 2152 christierni,

780 2178 869 2255 oo’e*
892 2190 1011 2273 questa
1026 2186 1189 2273 ptmtizio
1215 2186 1274 2255 cite
1287 2186 1312 2257 ’t
1325 2185 1540 2256 mono?
1556 2181 1658 2275 idest,
1680 2182 1867 2275 quonrodo
1884 2180 1953 2253 iste

783 2311 856 2377 tam
879 2305 979 2399 juste
1005 2304 1143 2398 vivens,
1161 2304 1220 2379 hic
1230 2304 1336 2398 juste
1360 2301 1571 2396 damnatur,
1591 2322 1678 2377 cum
1697 2304 1766 2379 hoc
1788 2301 1955 2375 videatur

782 2424 1085 2497 iniustissimum?
1105 2420 1194 2499 oo’e'
1216 2426 1255 2496 ia
1278 2427 1381 2516 colpe
1396 2446 1464 2496 sua
1487 2427 1516 2497 ἐ
1528 2426 1598 2515 spii
1616 2444 1690 2497 non
1704 2426 1832 2496 orode?
1850 2422 1955 2515 quasi

782 2543 897 2617 dicat:
925 2564 998 2617 non
1026 2544 1171 2619 videtur
1201 2544 1237 2616 in
1268 2544 1376 2638 culpa
1406 2543 1435 2617 si
1466 2563 1538 2617 non
1564 2544 1681 2617 credit
1714 2542 1892 2635 iideiiter;
1917 2548 1956 2615 et

783 2682 850 2758 per
875 2682 1103 2756 consequens
1123 2664 1225 2758 justa
1251 2663 1455 2759 ignorantia
1477 2684 1550 2738 non
1566 2664 1676 2738 debet
1691 2662 1828 2737 damno
1847 2662 1956 2751 adici,

784 2804 870 2857 cum
896 2781 991 2857 dicat
1016 2783 1201 2878 apostotus
1225 2783 1273 2859 de
1298 2803 1349 2876 se,
1375 2784 1438 2877 qui
1464 2783 1501 2857 in
1530 2784 1638 2858 simiii
1667 2804 1755 2858 casu
1787 2789 1867 2857 erat
1893 2802 1958 2876 pa-

784 2925 922 2999 ganus:
949 2904 1092 2979 veniam
1122 2903 1255 2997 merui,
1272 2904 1359 2998 quia
1379 2904 1553 3000 ignorans
1583 2903 1726 2979 ieci-
1743 2908 1796 2978 Or
1820 2911 1866 2976 to.
1892 2902 1958 2975 Hic

785 3022 908 3117 aquila
923 3023 1100 3120 explicata
1116 3018 1152 3115 ζ’)
1167 3025 1369 3119 quaestione
1387 3025 1508 3119 incipit
1526 3024 1764 3119 respondere3
1783 3032 1821 3098 et
1839 3024 1959 3118 primo

787 3142 923 3218 invehit
940 3151 1068 3218 contra
1085 3152 1416 3238 praesumptnosam
1435 3145 1680 3241 ignorantiam
1695 3143 1960 3240 quorumdam,

788 3264 851 3359 qui
877 3270 1019 3339 temere
1046 3262 1172 3337 volunt
1192 3263 1361 3358 judicare
1389 3263 1437 3339 de
1460 3265 1601 3360 justitia
1627 3266 1704 3357 liei,
1728 3254 1868 3358 quiat¹i
1894 3282 1962 3335 ex·

787 3384 882 3459 cedit
909 3383 1087 3459 rationem
1115 3385 1315 3457 humanam
1330 3408 1341 3478 ;
1359 3392 1397 3459 et
1423 3386 1531 3461 talem
1559 3386 1722 3480 increpat
1745 3406 1812 3480 per
1836 3382 1963 3457 simiti-

789 3505 951 3580 tudinem
979 3505 1177 3601 propriam,
1203 3504 1338 3597 dicem,
1364 3506 1463 3599 quod
1489 3508 1568 3581 [aiis
1590 3527 1760 3601 quaerens
1781 3503 1961 3579 rationem

788 3626 921 3698 horum
950 3624 1157 3699 estsimilis
1185 3624 1329 3697 habenti
1357 3624 1476 3699 visum
1505 3625 1773 3720 brevissimum,
1800 3624 1861 3719 qui
1890 3644 1963 3697 non

790 3746 888 3819 ridet
912 3744 1056 3840 longius
1083 3765 1157 3817 uno
1185 3744 1319 3837 palmo,
1336 3751 1374 3819 et
1398 3751 1522 3819 tamen
1540 3752 1655 3820 tentat
1672 3746 1837 3821 siderea
1856 3745 1965 3838 ionge

790 3886 856 3962 per
884 3865 981 3939 miiie
1008 3864 1184 3936 milliaria.
1207 3864 1299 3937 Dicit
1323 3884 1414 3960 ergo
1441 3865 1601 3941 irrisive:
1626 3866 1678 3940 Or
1703 3875 1739 3939 trs
1762 3868 1818 3939 cdi
1840 3866 1887 3936 sc'
1903 3864 1966 3935 cde

791 3990 872 4061 oroi
896 3989 1014 4059 sedere
1039 4007 1063 4055 o
1086 4004 1257 4076 scanno,
1286 3984 1388 4076 idest,
1415 3986 1478 4078 qui
1504 3986 1558 4059 vis
1582 4006 1664 4060 esse
1694 3986 1822 4059 doctor
1847 3992 1885 4060 et
1911 3984 1967 4056 ie-

792 4128 881 4204 gere
906 4107 943 4178 in
969 4104 1153 4195 cathedra,
1176 4126 1243 4195 por
1266 4106 1440 4194 piadicor,
1466 4106 1612 4198 seiiicet,
1637 4106 1684 4179 de
1710 4105 1851 4201 justitia
1887 4103 1966 4193 Dei,

793 4230 842 4301 da
867 4230 963 4317 inopi
987 4227 1078 4298 mille
1102 4228 1222 4315 miptio
1247 4246 1314 4298 con
1339 4228 1376 4296 io
1400 4229 1525 4297 cedato
1549 4234 1650 4299 corto
1671 4230 1705 4299 d'
1717 4246 1790 4298 una
1811 4245 1968 4317 manno,

794 4347 896 4440 idest,
915 4368 1000 4421 cnm
1028 4345 1175 4419 scientia
1196 4346 1412 4439 paucissima
1438 4353 1475 4419 et
1500 4347 1707 4440 cognitione
1729 4345 1969 4421 brevissima?

794 4466 893 4560 quod
919 4474 974 4540 est
1001 4466 1105 4539 vaide
1131 4466 1294 4537 stultum.
1311 4470 1486 4539 -Ccrto
1511 4467 1575 4540 Hic
1599 4466 1722 4559 aquila
1749 4465 1904 4559 nequis
1929 4484 1971 4538 se

712 4631 716 4640 -
795 4592 948 4659 excuset
973 4606 1038 4680 per
1063 4584 1321 4680 ignorantiam,
1348 4585 1510 4659 excludit
1535 4584 1791 4681 ignorantiam,
1823 4585 1970 4659 dicens:

799 4708 901 4777 cerro
926 4704 1070 4777 saresta
1094 4706 1143 4776 do
1162 4705 1321 4779 debitore
1345 4725 1371 4776 a
1394 4709 1615 4797 mercoipiia,
1633 4705 1736 4798 idest,
1754 4713 1857 4779 certe
1872 4711 1971 4779 esset

644 4932 652 4947 x
737 4936 739 4941 Ι
861 4966 887 5029 (¹)
905 4965 936 5016 E.
952 4966 1083 5029 explicans
1097 4969 1266 5031 questionem
1282 4966 1380 5030 incipit.
1565 4965 1594 5028 (¹)
1610 4968 1641 5017 R.
1656 4980 1715 5031 qun
1730 4966 1839 5017 excedit
