4842 6642
802 856 875 923 994
1193 863 1398 922 compunt
1414 860 1589 920 ῬΔΙΔΒΙΕΙ

801 1033 907 1087 eom
929 1011 1040 1088 uduo
1064 1011 1106 1082 oi
1123 1011 1235 1103 fiptio,
1270 1017 1459 1104 nmquam
1490 1009 1628 1088 solicito
1658 1008 1713 1084 de.
1735 1010 1854 1088 saluto
1883 1009 1975 1102 eius,

799 1136 935 1228 pallido
958 1138 993 1206 et
1014 1133 1130 1224 auto,
1157 1129 1262 1224 idest,
1284 1129 1411 1206 timido
1436 1137 1473 1208 ot
1497 1130 1619 1225 anxio,
1636 1149 1703 1204 oon
1725 1133 1763 1204 tu
1785 1150 1853 1206 m
1879 1141 1975 1220 oooe,

801 1255 906 1348 idest,
933 1272 1002 1328 suu
1026 1249 1292 1345 exhortatione,
1318 1253 1420 1324 nteit
1442 1253 1521 1326 suot
1543 1251 1609 1326 ben
1633 1253 1811 1344 uapore,
1827 1247 1975 1342 scilieet,

801 1373 967 1470 fugando
989 1372 1165 1448 timorem
1190 1371 1239 1448 ub
1265 1392 1323 1467 eo,
1342 1375 1392 1446 mi
1408 1375 1517 1448 dise:
1533 1393 1605 1446 noo
1620 1375 1678 1448 eui
1694 1380 1730 1444 tu
1747 1373 1808 1446 ote
1824 1377 1859 1446 te
1878 1373 1926 1444 ω’
1938 1373 1979 1444 io

802 1496 910 1568 dieto?
925 1491 1072 1584 seilicet,
1085 1511 1172 1566 oum
1190 1491 1439 1590 speculatione
1456 1491 1617 1582 mentali,
1631 1515 1650 1566 e
1666 1511 1739 1568 uon
1755 1494 1813 1566 sai
1828 1497 1865 1564 tu
1881 1492 1942 1565 ote
1953 1491 1979 1562 't

801 1617 886 1688 eieto
914 1603 1976 1706 tuuosanu,eotocteuusavouuutuouzuot

803 1734 907 1828 idest,
931 1734 978 1808 ab
1003 1751 1134 1808 umore
1158 1731 1333 1826 euntetis3
1360 1731 1464 1826 quusi
1480 1731 1595 1808 diost:
1622 1731 1651 1808 si
1676 1731 1735 1808 isti
1766 1731 1881 1808 saneti
1908 1731 1975 1806 uiri

804 1861 933 1950 petum
949 1853 1185 1928 vindictumu
1206 1853 1294 1945 Deo,
1314 1873 1387 1928 non
1405 1859 1535 1948 petunt
1554 1872 1599 1928 en
1618 1853 1685 1947 ine,
1706 1853 1769 1928 sed
1789 1871 1837 1928 ex
1854 1851 1975 1930 douttu

804 1975 978 2070 caritate3
1005 1974 1104 2049 unde
1127 1972 1285 2048 sufficiat
1310 1973 1373 2048 tibi
1398 1972 1551 2048 eredere
1584 1973 1683 2068 quod
1718 1973 1843 2048 omnin
1872 1991 1976 2066 qute-

804 2116 969 2190 cumque
993 2096 1092 2170 Deos
1117 2094 1201 2170 iuuit
1221 2095 1323 2190 juste
1347 2093 1450 2188 flunt,
1477 2093 1646 2188 quumvis
1665 2113 1813 2188 semper
1829 2111 1903 2168 non
1922 2089 1977 2166 vi·

804 2216 891 2291 deas
916 2219 1272 2292 causam-Come.
1299 2213 1364 2288 ilie
1395 2213 1544 2289 Beotnin
1576 2213 1706 2308 probet
1738 2211 1838 2308 quod
1867 2217 1977 2288 uutor

805 2334 975 2430 superius
999 2334 1147 2430 optabat
1159 2328 1196 2426 (¹)
1226 2355 1305 2410 nem
1333 2333 1500 2410 nocitum
1527 2353 1593 2428 per
1623 2333 1746 2410 locutu
1776 2352 1799 2407 u
1832 2330 1976 2425 minori,

804 2455 947 2530 dicens:
973 2475 1032 2528 tuo
1051 2476 1186 2549 potuer
1213 2458 1247 2528 to
1266 2457 1351 2548 puoi
1370 2457 1503 2528 oome’t
1517 2460 1634 2544 omno,
1652 2473 1765 2547 quem
1782 2472 1894 2547 supra
1910 2449 1976 2526 de·

804 2575 991 2651 sidenobns
1015 2575 1155 2670 audire,
1173 2575 1359 2650 taurento
1375 2580 1595 2665 eunomio,
1614 2571 1716 2666 idest,
1733 2573 1924 2648 uttenusset
1940 2577 1978 2646 et

804 2696 1052 2772 contendisset
1077 2703 1125 2790 te,
1149 2703 1184 2769 et
1204 2700 1241 2770 io
1265 2697 1425 2787 videndo,
1452 2695 1554 2789 idest,
1577 2692 1801 2768 ostendendo
1820 2692 1885 2768 tibi
1910 2711 1977 2768 ex·

805 2817 941 2894 celsum
955 2818 1117 2892 taetitiam
1131 2837 1268 2908 meum,
1278 2815 1465 2911 quomodo
1477 2820 1780 2892 transmutantem
1799 2819 1859 2890 tet
1872 2814 1976 2910 quusi

804 2937 920 3012 dieat:
946 2939 1113 3032 nimium,
1135 2941 1261 3032 pusein
1289 2939 1390 3010 ote't
1418 2938 1538 3028 quido,
1567 2934 1669 3028 ides,
1701 2955 1771 3010 vox
1809 2934 1976 3029 istorum,

805 3062 829 3132 t'
841 3062 888 3132 itu
913 3081 1029 3134 moseo
1048 3068 1200 3151 eotomo,
1217 3058 1321 3152 idest,
1340 3063 1481 3134 tuntum
1503 3064 1540 3131 te
1560 3055 1734 3150 mutavit3
1756 3057 1860 3150 quasi
1881 3057 1977 3132 dicut

806 3179 971 3254 Beetrix:
990 3181 1140 3255 maionis
1156 3179 1383 3275 stuportsest
1396 3175 1572 3252 ntinebitis
1585 3176 1771 3272 proportio
1784 3177 1879 3271 etuti,
1891 3197 1976 3272 quet

806 3298 989 3396 figuratur
1006 3301 1079 3396 'per
1104 3308 1268 3393 contum,
1294 3305 1334 3373 ut
1358 3298 1564 3394 expositum
1592 3304 1647 3372 est
1671 3297 1792 3392 primo
1817 3298 1978 3394 capituto

806 3419 917 3494 huius
935 3421 1107 3516 Paradisi
1133 3429 1170 3495 et
1194 3419 1311 3494 duleis
1335 3419 1430 3492 nisus
1449 3438 1554 3492 meus
1571 3437 1638 3512 pen
1660 3436 1773 3511 quom
1795 3415 1978 3514 ignium

804 3539 927 3615 taetttta
952 3547 991 3616 et
1016 3541 1192 3633 luciditos,
1215 3547 1258 3613 ut
1281 3559 1379 3634 saepe
1403 3537 1610 3632 expositum
1637 3543 1692 3612 est
1717 3557 1842 3633 supra,
1864 3557 1976 3632 quum

804 3661 947 3735 elamor
979 3661 1135 3737 istorum
1169 3660 1372 3756 petentium
1400 3657 1594 3733 vindictum
1621 3679 1644 3734 a
1669 3658 1756 3733 Deo.
1788 3659 1832 3732 Et
1858 3658 1979 3734 subdit

806 3779 894 3874 quid
920 3779 986 3856 sibi
1013 3781 1159 3856 volebat
1183 3781 1244 3854 itte
1268 3787 1408 3872 cantus,
1434 3779 1496 3874 qui
1515 3777 1651 3854 scilieet
1676 3777 1822 3873 petebat
1842 3778 1977 3854 vindie-

805 3906 881 3974 tam
895 3921 918 3974 o
931 3900 1019 3994 Deo,
1032 3900 1174 3976 dicens:
1193 3904 1250 3974 net
1265 3902 1361 3992 quot,
1374 3897 1520 3994 seilicet,
1534 3895 1709 3991 enmono,
1722 3887 1785 3990 οἱὸ
1798 3897 1978 3972 timete

803 4026 890 4094 notu
907 4023 944 4095 to
960 4023 1130 4114 mua,
1149 4020 1295 4113 scitioot
1313 4019 1360 4094 de
1381 4017 1565 4096 uomodo
1578 4017 1664 4092 Viti.
1691 4017 1795 4093 Unde
1809 4017 1915 4094 dut:
1940 4021 1978 4092 te

805 4143 893 4232 quot
916 4144 1039 4216 oedrot
1062 4145 1210 4216 innanzi
1225 4141 1285 4213 otte
1301 4147 1336 4213 tu
1354 4141 1466 4214 muoi:
1485 4139 1523 4213 in
1554 4140 1624 4216 hoc
1650 4137 1813 4233 praedioit
1828 4159 1977 4234 pressu-
2113 4231 2128 4258 .

807 4281 888 4336 num
905 4268 943 4336 et
960 4269 1150 4357 ceptorum
1170 4259 1342 4335 Boniineii
1362 4279 1447 4354 quoe
1464 4259 1534 4334 tuit
1549 4266 1674 4355 posteo
1691 4279 1789 4334 unno
1803 4259 1974 4334 necent.

804 4381 850 4454 Et
874 4380 978 4456 dicit:
1004 4403 1042 4456 se
1057 4385 1167 4456 inteso
1183 4384 1297 4456 ouessi
1312 4383 1326 4454 i
1339 4381 1478 4473 nupti
1492 4381 1581 4472 stoi,
1601 4378 1689 4474 quia
1706 4383 1815 4454 autor
1835 4377 1924 4454 dixit
1940 4377 1976 4452 in

808 4501 881 4576 tine
897 4502 1135 4598 precedentis
1151 4503 1312 4597 capituti,
1325 4498 1371 4576 nd
1381 4503 1416 4576 io
1429 4503 1464 4574 to
1481 4503 1593 4591 ineu,
1606 4493 1636 4576 si
1649 4503 1698 4574 mi
1710 4503 1806 4574 outo
1821 4501 1849 4573 u
1862 4506 1977 4574 mono.

807 4629 914 4698 -Lo
930 4627 1056 4717 spade
1074 4623 1140 4699 Hic
1157 4622 1305 4698 Beatrin
1326 4620 1520 4717 respondet
1540 4618 1732 4716 questioni
1750 4619 1880 4712 tuuitae,
1893 4617 1977 4712 quio

806 4754 953 4842 poterat
967 4753 1079 4820 auton
1095 4745 1276 4820 obiicere:
1304 4743 1441 4818 durum
1460 4750 1516 4818 est
1533 4740 1671 4816 homini
1689 4746 1885 4837 expectare
1902 4737 1981 4813 nin·

868 5011 897 5074 (¹)
913 5009 939 5060 S.
955 5014 1037 5074 optet.
