4842 6642
748 815 897 918 'omaus
920 860 1137 917 reuersurus
1159 861 1323 917 marus.
1549 845 1618 914 509

450 1007 600 1083 nitatem
621 1007 850 1102 humanitati,
867 1014 906 1082 et
921 1007 1034 1083 rilem
1052 1012 1222 1082 naturam
1245 1003 1447 1102 nobilitare,
1465 1013 1502 1082 et
1527 1025 1621 1083 cru-

448 1129 501 1204 les
525 1127 573 1204 ad
598 1128 753 1224 patriam
781 1147 968 1222 revocare,
985 1135 1023 1203 et
1047 1127 1099 1204 sic
1123 1120 1260 1203 coelum
1280 1147 1440 1202 vacuum
1466 1126 1621 1222 replere,

450 1256 589 1344 quanto
614 1249 732 1346 magis
748 1247 934 1324 bominem
954 1269 1071 1322 unum
1088 1255 1312 1344 presentare
1336 1247 1544 1345 conspectui
1565 1244 1622 1323 di·
1664 1269 1667 1276 ·

451 1369 547 1463 rino,
566 1369 630 1464 qui
641 1370 719 1466 jam
738 1375 856 1445 totum
878 1389 1033 1467 regnum
1052 1376 1089 1445 et
1106 1369 1310 1467 regnicolas
1329 1367 1622 1466 perquisivit?-

455 1494 522 1580 Qni
543 1493 604 1564 set.
621 1489 686 1564 llic
701 1490 911 1566 Bernardus
928 1491 1045 1587 tangit
1060 1491 1313 1586 operationem
1339 1489 1619 1566 saluberrimam

451 1611 555 1684 istius
576 1609 832 1685 excelsissimae
853 1617 891 1685 et
907 1607 1164 1707 potentissimas
1185 1610 1427 1708 imperatricis
1451 1611 1488 1684 in
1515 1627 1622 1706 pere-

452 1729 657 1827 grinatione
680 1737 719 1805 et
741 1730 780 1804 in
803 1729 941 1828 patria:
961 1751 1047 1804 nam
1071 1729 1109 1806 in
1129 1731 1224 1806 coelo
1250 1731 1349 1806 levet
1372 1736 1410 1806 et
1427 1736 1623 1806 conservat

452 1835 579 1926 biatm
595 1849 633 1923 in
649 1849 873 1931 beatitudine
890 1850 1026 1927 virtute
1041 1851 1219 1946 caritatis3
1245 1851 1282 1925 in
1308 1859 1407 1926 terra
1420 1845 1458 1944 (¹)
1483 1848 1624 1925 animat

423 1962 427 1968 ’
452 1977 663 2066 peccatores
677 1969 812 2044 virtute
823 1971 899 2066 spei
911 1970 957 2045 ad
971 1970 1260 2066 perveniendum
1277 1973 1323 2046 ad
1336 1971 1450 2067 ipsam
1465 1967 1623 2044 beantu-

452 2091 585 2166 dioem.
599 2091 691 2165 llicit
703 2111 810 2189 ergo:
825 2096 936 2166 lutei
947 2095 1019 2186 qai,
1033 2093 1168 2169 scilicet
1180 2093 1218 2167 in
1231 2093 1460 2187 coelo,anoi‚
1474 2090 1621 2183 scilicet,

453 2211 580 2306 beatis,
596 2215 795 2286 mendane
816 2217 896 2308 sace
911 2215 951 2288 di
967 2215 1136 2307 mnae,
1157 2213 1260 2310 idest,
1279 2213 1427 2290 damma
1445 2214 1621 2290 lucentis·

452 2333 544 2407 sima
568 2331 832 2410 ardentissimae
851 2324 1012 2410 caritatis
1030 2341 1128 2409 stans
1153 2334 1190 2410 in
1217 2335 1338 2410 medio
1362 2341 1399 2410 et
1424 2333 1622 2430 superillu-

452 2458 572 2528 strans
596 2473 726 2529 ornnes
751 2453 814 2528 tlbi
840 2453 1002 2528 subditos
1027 2463 1065 2530 et
1087 2455 1251 2550 devotos,
1278 2461 1319 2528 ut
1350 2461 1538 2530 ostensum
1565 2461 1623 2530 ost

453 2573 491 2646 in
514 2573 733 2668 praecedenti
749 2575 909 2670 capitulo
925 2575 1128 2670 penultimo
1144 2581 1182 2650 et
1197 2574 1235 2650 in
1252 2575 1559 2671 antepenultim03
1585 2583 1624 2649 et

452 2694 557 2768 dicit:
583 2715 602 2767 e
624 2697 685 2768 rie
701 2698 801 2788 piano
824 2697 864 2768 tn
888 2705 947 2768 tra
970 2699 985 2769 i
1012 2699 1166 2787 mortali,
1191 2695 1294 2791 idest,
1325 2695 1362 2769 in
1396 2703 1494 2770 terra
1527 2695 1624 2770 inter

454 2815 608 2890 miseros
633 2815 811 2911 homines,
834 2819 986 2910 fontana
1009 2820 1129 2890 uiuam
1151 2819 1189 2891 m·
1207 2837 1400 2911 speranza,
1420 2837 1504 2912 quse
1526 2838 1622 2891 nun-

453 2955 568 3030 quam
593 2934 725 3030 deficit,
744 2956 935 3030 nunquam
961 2943 1060 3032 aret3
1078 2956 1168 3033 ergo
1188 2957 1262 3011 non
1279 2936 1425 3013 deseres
1449 2937 1623 3034 despera·

454 3065 534 3131 tum
559 3064 731 3132 autorem
756 3057 867 3132 istum
894 3057 957 3152 qui
983 3077 1130 3154 semper
1158 3057 1304 3133 invocat
1335 3078 1468 3135 nornen
1502 3065 1622 3149 tuum,

454 3184 497 3252 ut
519 3177 597 3273 ipse
620 3177 744 3253 scribit
777 3199 889 3274 supra
923 3177 959 3252 in
979 3160 1063 3253 'bac
1093 3177 1254 3253 Paradisi
1279 3177 1430 3253 cantica.
1461 3177 1505 3252 ltt
1535 3175 1624 3252 sub-

432 3291 440 3346 '·
451 3297 522 3372 dit:
549 3298 665 3373 multa
691 3317 835 3394 possem
856 3299 981 3374 dicere
1004 3297 1052 3374 de
1078 3295 1329 3394 magnitudine
1349 3298 1622 3394 perornatus,

452 3418 526 3513 sed,
545 3424 588 3492 ut
611 3419 827 3494 concludam
855 3440 931 3494 uno
948 3419 1076 3514 verbo,
1094 3426 1130 3493 ta
1145 3421 1196 3492 sei
1210 3421 1334 3492 donna
1353 3425 1450 3493 taam
1468 3421 1623 3512 prande,

451 3540 555 3634 idest,
576 3539 636 3614 cui
662 3539 786 3615 omnia
813 3560 927 3637 regna
953 3546 1094 3636 parent,
1111 3561 1131 3613 e
1150 3546 1248 3613 unm
1274 3542 1355 3632 oali,
1379 3539 1481 3635 idest,
1508 3547 1622 3635 potes,

452 3661 512 3733 cle
528 3661 615 3753 qual
629 3661 713 3733 vuol
725 3663 868 3751 pruzia,
886 3681 906 3732 e
925 3681 998 3754 non
1013 3663 1151 3733 rioorre
1166 3680 1191 3732 a
1209 3667 1252 3754 te,
1272 3679 1337 3732 saa
1357 3661 1520 3734 domnae
1542 3663 1624 3734 oaol

454 3783 556 3856 oolar
579 3783 743 3872 mati,
767 3781 863 3856 sicut
887 3779 963 3877 ipse
987 3781 1195 3855 Bernartius
1227 3779 1317 3854 dixit
1340 3779 1461 3855 autori
1486 3779 1523 3854 in
1550 3779 1623 3854 tine

452 3899 598 3996 capituli
624 3901 879 3996 praecedentis3
905 3906 943 3976 et
971 3900 1058 3995 quia
1086 3900 1155 3976 iste
1183 3907 1294 3975 autor
1325 3899 1478 3975 tidenter
1506 3899 1553 3974 ad
1585 3907 1623 3974 te

454 4021 624 4116 recurrit,
649 4020 731 4096 ideo
760 4021 892 4096 merito
923 4028 980 4096 eet
1007 4019 1140 4118 dignus
1166 4020 1295 4117 gratia.
1310 4024 1424 4093 -ba
1455 4025 1525 4093 nra.
1558 4019 1623 4093 llic

454 4141 663 4217 Bernardus
687 4141 922 4217 commendat
946 4147 983 4216 et
1007 4139 1148 4216 extollit
1171 4140 1278 4213 istam
1301 4139 1487 4215 dominam
1505 4160 1529 4215 a
1546 4137 1624 4214 rir-

453 4265 533 4336 tute
549 4260 784 4355 liberalitatis,
801 4281 886 4356 qnae
908 4261 1065 4334 multum
1083 4259 1254 4335 convenit
1274 4260 1421 4356 potenti.
1440 4261 1484 4335 llt
1500 4265 1625 4336 osten-

452 4378 505 4456 dit
535 4381 615 4456 eius
645 4401 772 4456 veram
802 4381 1069 4475 liberalitatem,
1099 4379 1243 4456 diceas:
1276 4383 1328 4452 ta
1359 4386 1419 4453 lua
1448 4369 1624 4470 benipnttd

452 4523 525 4576 non
547 4523 619 4595 par
641 4523 806 4576 soocorre
829 4522 854 4574 a
878 4503 934 4575 clti
955 4501 1138 4596 elimando,
1167 4499 1314 4594 seilicet,
1339 4499 1510 4596 indigenti
1537 4519 1623 4594 pre·

453 4621 561 4717 canti,
592 4641 653 4696 nra
677 4625 779 4697 molle
799 4625 884 4717 flate
904 4641 1074 4718 preoorre
1098 4621 1318 4695 merneolo
1345 4622 1386 4693 at
1412 4621 1619 4714 dimandar‚

452 4742 554 4837 tuest,
580 4743 756 4840 praerenit
780 4743 979 4820 liberaliter
1003 4742 1225 4839 petitionem.
1254 4742 1297 4817 Et
1328 4741 1386 4816 bic
1412 4747 1497 4816 nota
1523 4740 1623 4836 quod

519 5004 547 5066 υ)
563 5001 593 5055 a
610 5005 636 5054 la
652 5010 722 5056 tem
739 5009 826 5056 antam
843 5004 949 5056 animat.
