4842 6642
799 810 871 880 218
1190 822 1395 879 conuuuuu
1419 824 1585 877 uannnrsr

796 970 943 1062 lunda
971 966 1075 1061 idest,
1104 966 1317 1062 frequenter
1350 967 1517 1062 volando,
1548 976 1747 1042 oantouano
1776 973 1902 1044 darno
1930 974 1969 1042 ui

799 1092 895 1181 mari,
923 1086 1026 1183 idest,
1051 1087 1147 1162 intra
1174 1087 1312 1162 lumina
1330 1088 1488 1183 propria,
1507 1086 1642 1181 quibus
1661 1096 1768 1163 erant
1783 1088 1965 1179 iasciatoe3

795 1214 833 1283 et
856 1208 961 1284 dicit:
987 1212 1187 1302 esaciuui,
1213 1208 1361 1303 scilicet,
1387 1208 1433 1283 de
1458 1228 1500 1284 se
1529 1208 1612 1303 ipsis
1627 1210 1913 1285 constituebant
1928 1205 1964 1303 (¹)

795 1332 958 1407 diversas
982 1330 1117 1424 literas,
1144 1329 1290 1424 scilicet,
1316 1352 1360 1404 or
1385 1336 1433 1422 D,
1459 1329 1561 1422 idest,
1588 1351 1686 1405 nunc
1715 1331 1895 1406 iaciebant
1920 1332 1967 1406 ‹le

797 1472 839 1527 se
869 1453 1012 1527 literam
1047 1473 1130 1547 quae
1162 1450 1294 1526 dicitur
1321 1457 1368 1542 D,
1402 1472 1446 1524 or
1470 1455 1503 1542 l,
1537 1472 1582 1524 or
1607 1455 1648 1541 L,
1680 1454 1717 1525 in
1748 1472 1809 1525 sue
1837 1455 1963 1546 pom,

798 1570 901 1665 qnasi
928 1571 1033 1664 dicat,
1052 1570 1262 1667 figurabant
1287 1576 1341 1645 tot
1365 1569 1500 1663 literaS,
1518 1591 1564 1645 ex
1584 1570 1718 1665 quibus
1740 1572 1964 1647 resultabant

797 1690 863 1765 ista
892 1692 1024 1767 verba:
1051 1690 1193 1786 Diligite
1205 1689 1384 1786 justitiam
1403 1690 1466 1784 qui
1479 1689 1649 1786 Judicatis
1667 1698 1816 1765 terram.
1836 1692 1880 1765 Et
1898 1695 1966 1768 boc

796 1811 975 1888 iaciebant
999 1834 1022 1887 a
1048 1811 1166 1905 simili,
1193 1804 1223 1885 si
1245 1831 1343 1883 come
1366 1812 1495 1902 capelli
1517 1815 1607 1884 surii
1637 1814 1675 1885 cti
1700 1814 1836 1904 muna,
1861 1813 1965 1905 idest,

795 1952 880 2026 quae
914 1939 1158 2007 surrexerunt
1191 1932 1239 2006 de
1272 1930 1404 2027 riperia
1442 1931 1478 2004 in
1513 1952 1588 2024 qua
1623 1953 1767 2007 moram
1802 1936 1963 2027 trabunt,

795 2057 897 2146 quasi
920 2055 1199 2145 congratulando
1225 2074 1249 2125 α
1274 2055 1331 2125 tor
1351 2060 1508 2145 pastura,
1535 2052 1637 2147 idest,
1664 2053 1772 2127 simul
1803 2054 1966 2129 laetantes

794 2174 841 2249 de
867 2194 997 2249 eorum
1026 2172 1167 2267 pabulis
1193 2172 1359 2266 inventis,
1378 2177 1494 2267 sunno
1519 2176 1557 2246 di
1579 2170 1619 2247 se*
1636 2194 1681 2246 or
1705 2176 1815 2266 lunga
1831 2177 1966 2247 settara

795 2314 840 2367 or
865 2296 996 2386 tondc,·
1028 2314 1111 2368 nam
1147 2291 1345 2386 aliquando
1379 2292 1516 2367 iaciunt
1540 2293 1588 2367 de
1610 2314 1653 2367 se
1683 2314 1795 2368 unam
1831 2294 1963 2369 lineam

796 2412 1000 2511 ordinatam
1028 2412 1065 2486 in
1094 2411 1244 2486 modurn
1271 2412 1462 2486 literarum
1488 2412 1682 2507 alphabeti,
1710 2421 1751 2487 ut
1775 2413 1860 2488 dicit
1890 2414 1964 2487 Lu-

798 2555 932 2627 canus,
957 2533 1153 2628 aliquando
1179 2533 1317 2607 iaciunt
1341 2533 1387 2607 dc
1412 2556 1453 2609 se
1476 2554 1665 2608 coronam.
1692 2535 1736 2606 lll
1760 2540 1845 2609 nota
1865 2536 1963 2628 quod

795 2653 1021 2749 comparatio
1042 2661 1097 2729 est
1115 2654 1261 2749 proprie
1278 2654 1324 2728 de
1340 2654 1507 2751 gruibus,
1525 2661 1561 2730 et
1578 2662 1634 2729 est
1651 2655 1807 2751 propria.
1830 2654 1911 2729 lstae
1925 2647 1962 2746 (²i

797 2775 929 2849 animae
951 2776 1114 2849 volantes
1131 2783 1169 2850 et
1186 2776 1350 2850 laetantes
1367 2776 1500 2850 merito
1516 2782 1779 2869 comparantur
1795 2776 1962 2872 gruibus,

797 2902 834 2969 et
858 2904 913 2970 est
930 2895 1076 2990 propria
1093 2897 1300 2970 uolantibus
1317 2902 1355 2971 et
1375 2896 1580 2970 laetantibus
1597 2896 1643 2971 de
1660 2916 1793 2971 eorum
1810 2897 1963 2992 pabuln;

798 3014 882 3089 nam
901 3016 1035 3090 animas
1051 3016 1129 3090 istae
1147 3017 1365 3091 volaverunt
1382 3017 1495 3090 altum
1510 3007 1547 3108 (³)
1566 3022 1604 3091 et
1621 3016 1703 3110 late,
1717 3016 1803 3111 quia
1824 3018 1965 3092 babue-

798 3142 883 3210 runt
909 3136 1150 3230 principatum
1178 3157 1289 3230 super
1314 3134 1404 3210 alios
1432 3142 1470 3209 et
1502 3135 1652 3211 luerunt
1685 3137 1843 3210 maiores
1874 3136 1963 3225 aliis,

795 3254 889 3329 sicut
915 3262 952 3330 et
976 3276 1099 3352 grues.
1126 3258 1170 3330 Et
1195 3258 1289 3331 sicut
1314 3277 1426 3352 grues
1451 3265 1538 3330 sunt
1562 3277 1650 3330 aves
1675 3257 1834 3352 pacilicae
1851 3264 1889 3331 el
1905 3278 1965 3331 so-

794 3374 912 3468 licitae,
938 3374 987 3449 ita
1014 3382 1051 3449 et
1072 3374 1128 3448 isti
1149 3375 1276 3451 soliciti
1295 3376 1392 3450 circa
1410 3376 1601 3471 pacificum
1619 3382 1755 3450 statum
1774 3383 1812 3451 et
1823 3377 1960 3472 justam

796 3496 1102 3593 gubernationem
1132 3516 1344 3593 regnorum.
1371 3498 1414 3570 m
1440 3498 1561 3571 subdit
1585 3503 1701 3591 autor¹
1720 3496 1871 3569 modum
1891 3496 1965 3571 ior-

794 3616 917 3691 mandi
943 3625 1093 3691 cantum
1115 3622 1152 3691 et
1172 3616 1306 3711 literas,
1324 3617 1470 3691 dicens:
1496 3622 1619 3709 prima
1644 3620 1836 3708 contundo,
1861 3617 1964 3709 idest,

794 3736 864 3811 illae
880 3738 1013 3811 animm
1033 3742 1233 3831 cantantes,
1253 3741 1433 3828 mosano,
1451 3738 1553 3832 idest,
1572 3745 1769 3811 moverunt
1786 3756 1838 3830 se,
1856 3756 1881 3808 a
1899 3759 1964 3809 sua

792 3864 890 3952 nota,
919 3858 1022 3952 quasi
1048 3857 1163 3931 dicat:
1182 3856 1509 3932 conformaverunt
1529 3863 1671 3929 motum
1693 3878 1805 3929 suum
1825 3858 1962 3946 cantui,

794 3978 844 4051 iia
870 3976 968 4071 quod
995 3977 1108 4051 verba
1135 3996 1221 4070 quae
1243 3976 1411 4051 dicebant
1439 3970 1631 4068 cantando,
1657 3976 1865 4050 scribebant
1896 3996 1963 4049 vo-

794 4098 912 4190 lando,
939 4096 1134 4171 formando
1164 4096 1302 4193 figuras
1335 4097 1541 4190 literarum,
1573 4118 1659 4191 quae
1694 4097 1963 4192 componebant

793 4218 852 4291 illa
878 4216 992 4292 verba
1009 4204 1059 4309 (δ),
1085 4216 1233 4309 scilicet,
1259 4219 1399 4307 Diligite
1423 4224 1492 4292 etc.
1519 4217 1623 4292 Unde
1642 4216 1746 4291 dicit:
1764 4219 1829 4310 poi
1843 4219 1965 4289 divea-

705 4399 712 4423 ,
793 4340 902 4411 tundo
932 4340 956 4411 t’
966 4358 1014 4410 un
1045 4338 1084 4409 di
1108 4339 1218 4429 questi
1247 4340 1358 4428 segari,
1389 4336 1492 4431 idest,
1525 4338 1646 4434 ligura
1674 4338 1830 4412 alicuius
1867 4356 1964 4432 prae-

791 4458 971 4533 dictarum
990 4458 1194 4551 literarum,
1212 4457 1347 4533 scilicet
1361 4462 1407 4549 D,
1422 4459 1479 4532 vel
1501 4462 1531 4548 l,
1550 4459 1608 4531 vel
1625 4462 1665 4550 L,
1689 4461 1963 4530 s’orrestauuno

791 4600 839 4652 un
858 4600 964 4671 poco,
982 4577 1085 4672 idest,
1106 4578 1206 4674 quod
1231 4578 1390 4676 figurata
1414 4586 1452 4653 et
1477 4579 1635 4653 formata
1660 4599 1734 4652 una
1755 4579 1870 4671 litera,
1896 4598 1961 4673 pa-

794 4720 875 4771 rum
898 4699 1088 4773 cessabant
1105 4720 1127 4773 a
1147 4707 1251 4772 motu
1277 4707 1313 4772 et
1338 4699 1461 4772 volatu
1490 4698 1761 4793 interponentes
1780 4696 1959 4771 modicam

853 4881 881 4945 Γ]
896 4882 928 4934 Ε.
944 4882 1079 4934 iaciebant
1329 4880 1358 4944 (¹)
1374 4882 1404 4932 E.
1420 4866 1480 4933 latua
1495 4888 1583 4932 autem
1600 4882 1701 4932 animm.

854 4957 884 5023 (η
897 4960 929 5011 Ε.
945 4960 971 5010 in
987 4961 1078 5011 altum.
1330 4960 1358 5024 (⁸)
1374 4960 1404 5010 li.
1419 4959 1498 5011 rerba
1515 4960 1697 5022 suprascripta,
1714 4956 1820 5008 scillcet.
