4842 6642
787 799 857 865 210
1177 808 1382 865 comaron
1408 810 1574 863 crunnum

787 955 1037 1031 narrationem
1055 955 1168 1051 ipsius
1184 954 1448 1052 Caeciaguidae,
1461 954 1537 1049 ,qui
1562 954 1683 1050 primo
1702 954 1899 1051 prutaugit
1922 955 1961 1030 iu

785 1076 948 1173 generali
974 1077 1084 1151 altam
1114 1074 1307 1153 materiam
1339 1081 1569 1171 sequentem,
1595 1074 1859 1151 commendans
1888 1074 1962 1171 spi·

788 1195 879 1271 ritus
904 1196 1170 1273 describendos.
1201 1195 1304 1269 Unde
1328 1193 1433 1270 dicit:
1460 1200 1493 1269 ll
1519 1186 1702 1287 comiaclo,
1735 1196 1875 1292 supple,
1901 1195 1962 1271 ille

787 1316 935 1412 spiritus
959 1315 1208 1413 Caeciaguidae
1235 1314 1344 1410 coepit
1369 1314 1492 1389 dicere
1523 1313 1560 1389 iu
1589 1315 1658 1388 lrac
1683 1315 1822 1391 torma:
1846 1318 1961 1409 spirtu
2096 1308 2102 1315 ’

787 1438 877 1510 beuti
899 1458 978 1529 son,
1006 1437 1107 1527 idest,
1135 1435 1333 1529 martiales,
1358 1438 1396 1507 in
1421 1443 1540 1527 questa
1564 1437 1960 1531 percunctamur,

788 1577 894 1651 spera
920 1557 1054 1651 Martis,
1072 1578 1157 1652 quae
1183 1564 1238 1629 est
1264 1555 1414 1650 quintus
1432 1554 1571 1652 gradus
1590 1554 1749 1650 regionis
1768 1557 1960 1649 atumem,

788 1676 886 1749 uude
911 1676 1018 1749 dicit:
1044 1678 1269 1769 detlultero,
1297 1677 1444 1769 scilicet,
1470 1676 1565 1769 coeli,
1591 1675 1691 1769 quod
1709 1683 1820 1751 autor
1842 1682 1960 1753 meta-

789 1796 937 1891 phorice
963 1804 1071 1871 vocat
1093 1798 1282 1892 arborem,
1308 1796 1394 1891 quia
1422 1805 1612 1890 tamquam
1643 1796 1756 1871 arbor
1785 1796 1960 1873 altissima

789 1917 898 1991 trahet
923 1918 1059 1991 multos
1084 1925 1122 1991 et
1147 1916 1329 1993 maximos
1349 1937 1485 2010 ramos,
1507 1916 1653 2011 scilicet,
1671 1937 1804 1991 uorem
1822 1938 1961 2013 speras,

787 2038 921 2132 quibus
945 2038 1144 2112 obumbrat
1169 2043 1206 2111 et
1231 2037 1368 2111 claudit
1393 2043 1508 2111 totam
1532 2042 1693 2131 terram,
1710 2057 1823 2133 quam
1848 2038 1961 2113 arbo-

788 2179 866 2233 rem
893 2157 975 2233 coeli
1001 2165 1111 2232 autor
1136 2158 1292 2253 explicat
1314 2178 1379 2252 per
1397 2157 1624 2232 contrarium
1641 2158 1821 2232 arborum
1843 2166 1962 2235 terre-

789 2299 934 2373 narum,
959 2278 1102 2353 dicens:
1129 2280 1201 2369 clrc,
1234 2278 1335 2371 idest,
1362 2298 1446 2372 quae
1474 2278 1600 2371 arbor,
1634 2282 1709 2352 cive
1739 2282 1833 2354 detta
1856 2283 1962 2369 orna,

788 2396 890 2490 idest,
917 2397 1042 2492 recipit
1070 2398 1180 2472 vitam
1206 2398 1364 2492 desuper
1389 2419 1411 2471 a
1436 2399 1513 2473 Deo
1538 2419 1584 2473 ex
1612 2399 1871 2494 paradiso,'ubi
1893 2421 1961 2473 no·

787 2524 873 2591 strae
898 2519 1051 2593 arbores
1077 2519 1229 2592 trahunt
1253 2518 1470 2593 alimentum
1496 2518 1739 2613 aradicibus,
1762 2519 1872 2593 veluti
1894 2539 1961 2595 ore

789 2639 825 2711 in
852 2644 989 2712 terram
1017 2638 1197 2731 demerso,
1224 2660 1244 2711 e
1264 2642 1378 2733 [roua
1393 2658 1541 2731 compre,
1561 2637 1664 2733 idest,
1683 2659 1757 2713 non
1775 2640 1896 2713 solum
1911 2640 1961 2715 ad

787 2766 932 2835 certum
960 2766 1116 2854 tempus,
1142 2760 1236 2833 sicut
1260 2760 1413 2834 arbores
1432 2766 1576 2853 nostrae,
1594 2760 1681 2855 quia
1702 2761 1839 2833 coelum
1864 2781 1961 2835 nun-

789 2902 901 2975 quam
915 2886 985 2955 stat
998 2881 1169 2975 otiosum,
1183 2880 1296 2953 immo
1310 2880 1483 2954 contiuuo
1497 2881 1591 2974 parit
1608 2880 1792 2955 mirabiles
1805 2881 1960 2973 lructus,

789 3003 876 3097 quia
901 3002 1186 3076 innumerabiles
1203 3002 1357 3076 ellectus
1382 3009 1419 3075 et
1445 3022 1573 3076 omnes
1598 3002 1643 3075 ad
1669 3003 1808 3077 bouum
1835 3002 1960 3095 finem,

789 3146 808 3197 e
831 3126 904 3195 mni
928 3144 1000 3195 non
1019 3124 1131 3217 perde
1151 3126 1278 3217 sopito,
1296 3123 1391 3197 sicut
1416 3129 1551 3197 nostrae
1570 3123 1734 3215 arbores,
1755 3144 1840 3217 quae
1857 3143 1961 3197 coru·

791 3244 950 3318 muniter
975 3243 1134 3339 perdunt
1158 3242 1242 3318 lolia
1268 3242 1305 3317 iu
1329 3251 1523 3336 autumno,
1552 3250 1677 3339 postea
1710 3250 1888 3319 renovant
1915 3265 1962 3319 ea

789 3364 826 3437 iu
853 3384 960 3459 vere,
987 3370 1023 3439 et
1049 3384 1115 3459 per
1140 3366 1210 3438 hoc
1236 3364 1353 3437 innuit
1378 3363 1477 3459 quod
1502 3364 1639 3438 coelum
1671 3365 1808 3439 nulum
1835 3366 1963 3461 recipit

789 3484 1055 3579 alterationem,
1070 3484 1156 3579 quia
1170 3492 1227 3558 est
1241 3484 1445 3582 ingenitum
1463 3492 1501 3559 et
1518 3485 1801 3581 incorruptibile.
1818 3487 1863 3561 Et
1873 3488 1962 3561 sub-

788 3604 839 3677 dit
864 3605 1102 3680 excellentem
1130 3604 1286 3701 gloriam
1312 3604 1467 3680 istorum
1494 3605 1702 3700 spirituum,
1722 3605 1862 3681 diceus:
1887 3610 1962 3698 clu,

790 3723 891 3817 idest,
910 3724 974 3818 qui
999 3724 1158 3819 spiritus,
1177 3729 1240 3818 sur
1263 3728 1301 3799 ut
1324 3746 1421 3818 prun
1447 3747 1540 3816 uoce,
1566 3725 1669 3818 idest,
1688 3746 1833 3821 maguae
1854 3728 1960 3801 lamae

789 3852 826 3923 et
851 3846 1007 3921 nominis
1033 3846 1069 3920 in
1096 3845 1235 3919 mundo
1261 3852 1395 3941 uestro,
1409 3850 1530 3939 prima
1545 3850 1605 3919 ote
1622 3849 1797 3921 oenusero
1823 3851 1863 3921 ul
1883 3851 1960 3939 ciel,

790 3966 935 4063 petituri
961 3965 1119 4063 gloriose
1144 3965 1375 4060 triumphum
1400 3965 1447 4040 de
1463 3986 1593 4039 eorum
1614 3966 1774 4044 victoriis
1794 3967 1907 4061 partis
1924 3968 1961 4043 in

791 4088 906 4161 mullo
929 4086 1106 4183 sanguine
1124 4093 1161 4161 et
1182 4086 1338 4180 sudore,
1352 4093 1389 4160 et
1405 4085 1490 4160 dicit
1508 4086 1554 4159 ad
1573 4087 1863 4163 confirmandam
1879 4090 1961 4163 lau·

789 4209 871 4284 dem
891 4207 1079 4304 egregiam
1097 4207 1264 4300 istorum,
1275 4200 1306 4280 si
1322 4210 1373 4280 clr'
1385 4211 1471 4299 ogni
1487 4228 1586 4281 musa
1603 4230 1647 4281 ne
1661 4209 1806 4283 sareooe
1823 4213 1958 4303 opima,

791 4331 891 4423 idest,
903 4329 1027 4404 fertilis
1040 4336 1077 4403 et
1089 4329 1246 4423 copiosa,
1257 4329 1362 4424 quasi
1375 4328 1487 4403 dicat:
1505 4328 1625 4403 omnis
1637 4336 1744 4425 poeta
1758 4337 1881 4425 posset
1894 4328 1960 4405 sibi

789 4471 979 4527 assumere
1006 4451 1127 4523 thema
1154 4449 1295 4544 poetice
1320 4448 1600 4523 describendum
1625 4470 1673 4524 ex
1696 4449 1810 4547 gestis
1834 4449 1962 4547 siugu-

792 4573 925 4664 lorum,
944 4569 1079 4647 nedum
1106 4569 1285 4644 omnium.
1300 4570 1343 4643 Et
1361 4590 1494 4644 verum
1519 4569 1614 4663 dicit,
1629 4570 1714 4665 quia
1733 4577 1855 4665 posset
1880 4570 1960 4646 lieri

793 4713 967 4789 magnum
983 4712 1115 4787 poema
1128 4690 1174 4765 de
1186 4690 1298 4787 gestis
1312 4691 1431 4766 Caroli
1444 4691 1563 4787 Magni
1577 4698 1614 4765 et
1628 4689 1676 4766 ita
1694 4691 1740 4767 de
1759 4692 1838 4767 aliis
1850 4684 1963 4785 (⁴).-

796 4858 899 4869 -—.-.

855 4948 881 5010 (¹)
897 4948 928 4999 Ε.
945 4948 1001 5000 aliis
1016 4950 1152 5001 similibus.
1163 4952 1275 5001 -Prrn
