4842 6642
799 837 871 903 276
1192 847 1395 905 counnrou
1421 851 1584 904 33333131
1698 871 1703 879 -

799 1011 925 1085 suave,
944 991 974 1065 si
1000 991 1083 1085 quis
1108 992 1202 1067 bene
1227 992 1404 1087 advertat,
1432 1013 1504 1068 non
1531 991 1703 1068 seductus
1722 1015 1817 1070 vana
1836 1015 1974 1090 pompa

802 1110 938 1206 mundi,
950 1111 1037 1206 quia
1050 1111 1167 1186 *13133
1184 1113 1453 1209 contemplativi
1464 1099 1528 1206 *l'l
1542 1119 1629 1188 eum
1643 1113 1782 1188 mundo
1800 1120 1973 1189 3333331

798 1239 835 1306 31
860 1251 946 1306 curn
966 1232 1175 1306 hominibus
1193 1254 1266 1308 non
1283 1233 1576 1331 flagellabuntur.
1591 1275 1640 1288 -
1652 1240 1800 1309 Dentre.
1819 1235 1885 1310 llio
1905 1256 1975 1310 au·

800 1359 857 1426 tor
882 1350 1053 1426 describit
1083 1352 1231 1449 signum
1261 1353 1382 1429 nobile
1414 1353 1514 1448 quod
1543 1361 1696 1449 apparet
1728 1354 1765 1429 13
1801 1355 1973 1449 Saturno,

798 1471 945 1565 scilicet,
973 1492 1086 1546 unam
1111 1473 1247 1547 scalam
1279 1493 1445 1548 auream.
1472 1473 1527 1548 Ad
1556 1473 1662 1550 cuius
1697 1473 1971 1572 intelligentiam

799 1600 855 1669 est
880 1593 1173 1688 praenotandum,
1190 1594 1291 1688 quod
1310 1601 1420 1669 autor
1439 1601 1564 1670 noster
1583 1586 1618 1686 (²)
1638 1592 1808 1670 nobiliter
1832 1602 1870 1670 et
1896 1595 1972 1670 ele-

797 1720 929 1808 ganter
942 1712 1043 1810 fingit
1061 1712 1221 1810 liguram
1240 1714 1359 1809 sealae,
1373 1714 1548 1808 quoniam
1562 1714 1619 1788 isti
1636 1714 1823 1790 Saturnini
1841 1733 1973 1789 ascen-

797 1833 998 1907 denuntio
1033 1833 1170 1907 3331333
1200 1833 1237 1908 13
1270 1833 1388 1929 prima
1421 1835 1494 1910 vita
1527 1855 1594 1930 per
1624 1833 1972 1930 contemplationem

797 1974 883 2048 quae
909 1953 1042 2028 merito
1074 1951 1258 2050 liguratur
1289 1973 1354 2049 per
1383 1953 1531 2029 scalam.
1565 1953 1668 2029 Scala
1702 1953 1883 2048 siquidem
1919 1961 1974 2029 est

798 2075 1084 2150 instrumentum
1112 2095 1187 2168 quo
1217 2073 1299 2168 quis
1324 2072 1487 2148 ascendit
1515 2075 1563 2148 ab
1589 2073 1721 2148 intimis
1745 2074 1792 2149 ad
1822 2074 1908 2168 3113,
1935 2081 1973 2149 31

798 2215 864 2289 per
884 2193 1228 2289 contemplationem
1247 2215 1269 2268 a
1287 2200 1388 2269 terra
1404 2193 1453 2268 ad
1469 2194 1625 2288 coelum3
1644 2194 1758 2268 immo
1779 2199 1816 2290 et
1835 2213 1857 2266 a
1875 2193 1973 2267 coelo

800 2315 990 2410 usquead
1023 2315 1141 2389 ileum
1174 2322 1363 2409 tamquam
1396 2315 1623 2410 perseniam
1649 2312 1888 2408 altissimam3
1916 2318 1971 2387 331

798 2435 897 2511 enim
930 2435 1066 2510 coelnm
1099 2434 1329 2509 admodum
1367 2435 1474 2510 scalae
1505 2433 1715 2508 distinctum
1748 2453 1814 2530 per
1848 2433 1972 2528 plures

746 2646 755 2656 ³
796 2555 945 2652 gradus,
970 2553 1073 2648 idest,
1097 2573 1224 2649 speras
1250 2559 1287 2629 et
1311 2554 1432 2648 331133,
1452 2559 1492 2627 31
1509 2554 1647 2628 dictum
1667 2560 1723 2630 est
1740 2553 1776 2627 in
1794 2550 1971 2648 principio

801 2674 911 2750 holus
935 2673 1093 2769 capituli.
1112 2674 1189 2748 lloc
1205 2679 1342 2768 notato,
1356 2681 1413 2749 331
1434 2674 1480 2749 ad
1498 2673 1640 2749 literam
1659 2670 1969 2764 descendendum,

802 2816 915 2890 qnam
941 2801 1115 2870 construe
1131 2802 1169 2870 et
1185 2815 1330 2892 expone
1354 2795 1423 2870 sic:
1451 2797 1522 2868 Vid'
1527 2796 1563 2868 io
1579 2815 1650 2868 uno
1668 2797 1788 2869 333133
1806 2799 1913 2868 333113
1932 2794 1970 2865 in

798 2936 894 3006 3333,
914 2915 1017 3009 idest,
1045 2935 1157 2989 unam
1183 2916 1319 2990 scalam
1346 2922 1508 2991 erectam
1535 2915 1572 2989 13
1597 2915 1730 3010 altum3
1749 2915 1848 2990 unde
1864 2913 1967 2989 dicit:

800 3043 897 3109 lanto
921 3038 981 3108 cle
1004 3039 1068 3109 nol
1089 3039 1231 3127 sepono
1257 3039 1293 3110 13
1319 3039 1390 3111 mm
1420 3039 1505 3124 luce,
1520 3035 1621 3130 idest,
1635 3035 1734 3130 quod
1759 3034 1888 3110 oculus
1915 3033 1970 3108 in·

799 3154 1013 3230 tellectualis
1039 3176 1112 3229 non
1137 3163 1282 3251 poterat
1302 3157 1483 3252 attingere
1501 3155 1548 3230 ad
1564 3155 1704 3251 apicem
1724 3154 1834 3230 huius
1851 3155 1968 3248 333133,

797 3274 896 3369 quia,
923 3280 965 3349 31
989 3275 1128 3350 dictum
1150 3284 1217 3370 est,
1236 3276 1407 3374 pertingit
1432 3297 1552 3371 usque
1577 3276 1623 3350 ad
1647 3277 1775 3352 Deum.
1796 3277 1840 3349 Et
1865 3275 1970 3351 dicit:

796 3397 834 3468 di
856 3396 956 3468 color
980 3397 1015 3468 ol'
1028 3416 1107 3486 oro,
1134 3396 1180 3470 ad
1205 3395 1456 3472 denotandum
1483 3396 1741 3492 perlectionem
1773 3396 1857 3471 vitae
1884 3416 1971 3471 con-

797 3515 1029 3610 templatirae,
1066 3537 1150 3611 qoae
1185 3516 1328 3592 excedit
1358 3537 1508 3593 omnem
1542 3517 1665 3612 aliam,
1700 3517 1794 3591 sicut
1832 3538 1967 3592 aurum

651 3723 655 3731 ι
798 3635 944 3710 metalla
961 3625 999 3728 (³)
1025 3633 1104 3711 sine
1130 3635 1300 3732 rubigine
1325 3636 1466 3731 aliqua;
1492 3643 1530 3711 et
1553 3635 1656 3712 dicit:
1683 3639 1721 3710 in
1751 3638 1811 3710 cte
1843 3639 1976 3728 rapodo

795 3758 939 3849 1331333,
968 3755 1054 3850 quia
1080 3755 1206 3830 radius
1226 3755 1355 3852 gratiae
1372 3757 1457 3832 solis
1473 3756 1601 3831 aeterni
1620 3755 1737 3853 magis
1764 3757 1968 3853 resplendet

796 3896 907 3970 super
931 3875 1018 3950 istas
1043 3896 1156 3970 quam
1184 3897 1295 3973 super
1329 3884 1482 3952 caeteras
1514 3876 1715 3969 interiores,
1748 3875 1843 3952 sicut
1871 3883 1971 3972 patet

794 3994 841 4070 de
854 3994 1019 4070 Iohanne
1040 3996 1216 4092 Baptista3
1235 4003 1272 4072 31
1287 3997 1380 4091 dieo,
1398 3999 1469 4072 vidi
1485 3999 1609 4072 dentro
1626 4000 1665 4070 31
1682 4000 1852 4088 enolto,
1867 3996 1968 4089 idest,

796 4114 977 4210 planetam
996 4115 1144 4192 Saturni
1162 4119 1462 4212 translucentem‚
1479 4121 1539 4191 313
1555 4120 1763 4192 3333113333
1780 4120 1809 4191 11
1824 4119 1966 4206 mondo,

798 4234 901 4329 idest,
928 4236 991 4330 qui
1023 4236 1204 4313 Saturnus
1236 4238 1468 4313 circumdans
1502 4239 1695 4332 mundum,
1726 4239 1824 4314 circa
1857 4259 1968 4334 quem

799 4364 971 4432 movetur
993 4352 1223 4434 circulariter
1241 4365 1278 4434 et
1294 4359 1527 4454 amplectitur
1548 4360 1641 4434 intra
1660 4379 1700 4435 se
1717 4366 1968 4456 3313333333-

799 4496 858 4550 ras
883 4477 1127 4574 planetarum‚
1148 4486 1259 4572 portu
1282 4482 1310 4553 11
1333 4479 1490 4570 3333131,
1520 4479 1622 4574 idest,
1649 4499 1795 4573 nomen,
1826 4480 1969 4553 3131333

798 4619 885 4671 coro
910 4601 1009 4690 duee,
1043 4599 1189 4695 scilicet,
1221 4599 1381 4692 Saturni,
1414 4600 1475 4694 qui
1508 4600 1574 4673 luit
1608 4619 1717 4674 carus
1750 4596 1825 4672 dux
1860 4597 1969 4692 ipsius

857 4830 885 4889 ι’)
899 4829 937 4879 Le
952 4829 1003 4881 dno
1020 4831 1109 4893 parole
1125 4831 1166 4883 133
1178 4830 1315 4882 3313313311
1332 4843 1378 4882 333
1394 4831 1506 4894 supplite
1522 4833 1563 4883 dal
1580 4831 1673 4884 Codice
1691 4831 1806 4884 Eetense.

856 4905 883 4968 θ)
900 4905 930 4956 u
947 4911 1034 4956 333133
1050 4911 1170 4958 notanter
1185 4912 1212 4958 et
1228 4906 1361 4970 eleganter
1377 4904 1486 4958 decrllrit
1502 4920 1546 4958 333
1563 4907 1645 4973 lingit.

857 4979 886 5043 l')
900 4981 932 5032 lt.
950 4994 1044 5033 uorum
1061 4983 1149 5034 333313
1164 4981 1279 5034 metalla.
