4842 6642
784 849 928 940 canrps'
948 871 1140 926 vruesruus
1166 871 1328 926 cancros.
1568 859 1636 926 321

465 1037 563 1110 cere,
591 1016 689 1111 quod
714 1037 788 1090 non
813 1025 935 1112 posset
965 1017 1176 1092 describere
1203 1016 1393 1091 minimam
1420 1018 1636 1112 particulam

466 1136 575 1210 huius
594 1135 754 1211 veritatis
771 1135 799 1209 si
820 1137 972 1211 haberet
989 1158 1088 1212 nunc
1103 1157 1231 1212 secum
1248 1136 1451 1212 subsidium
1470 1132 1636 1213 omnium

466 1263 672 1352 poetarum,
686 1256 750 1350 qui
764 1277 930 1350 unquam
944 1257 1052 1332 altius
1067 1257 1203 1351 aliquid
1216 1256 1490 1353 descripserunt
1507 1257 1635 1333 maiori

466 1376 615 1452 scientia
640 1383 677 1451 et
703 1376 912 1472 eloquentia
938 1385 975 1451 et
1000 1379 1179 1452 memoria
1210 1376 1394 1452 vivaciori.
1425 1378 1530 1453 Nunc
1556 1377 1639 1452 vide

466 1497 611 1573 literam
647 1519 759 1592 quam
795 1497 921 1572 ordina
958 1504 996 1573 et
1030 1504 1203 1587 construe
1229 1499 1299 1572 sic:
1327 1502 1409 1572 Noa
1440 1501 1472 1572 si
1501 1500 1635 1592 omniu,

465 1617 569 1713 idest,
596 1638 669 1692 non
700 1618 966 1714 perveniretur,
993 1621 1032 1692 ul
1056 1621 1222 1692 mdlasmo
1247 1620 1304 1692 det
1337 1639 1437 1710 acro,
1463 1617 1565 1712 idest,
1590 1617 1636 1692 ad

467 1739 708 1833 millesimam,
726 1738 828 1830 idest,
856 1738 1045 1813 minimam
1073 1746 1216 1835 partem
1243 1737 1417 1832 veritatis,
1443 1739 1634 1834 cannoto,

465 1858 567 1952 idest,
592 1859 734 1955 poetice
758 1858 1008 1954 describendo,
1033 1862 1061 1933 it
1088 1866 1191 1932 santo
1221 1861 1308 1952 nso,
1338 1859 1441 1954 idest,
1474 1859 1635 1934 laetitiam

465 1986 503 2054 et
518 1977 741 2054 luciditatem
759 1979 949 2073 Beatricis,
970 1987 1006 2055 et
1022 1978 1126 2054 dicit:
1145 2002 1164 2052 e
1180 1987 1311 2071 quanto
1327 1981 1355 2052 tt
1370 1986 1472 2053 santo
1491 1987 1637 2073 aspctto,

464 2098 610 2191 scilicet,
636 2099 820 2192 Beatricis,
843 2103 948 2193 [occu
974 2121 1085 2192 mero,
1109 2100 1213 2194 idest,
1246 2099 1401 2175 iaciebat
1433 2122 1569 2196 purum
1601 2109 1638 2176 et

464 2218 662 2294 sincerum.
689 2219 732 2293 Et
758 2221 828 2294 hoc
845 2219 946 2294 dico:
963 2243 1001 2294 sc
1020 2242 1078 2294 mo
1094 2241 1261 2294 sonosscr
1280 2227 1361 2294 tutte
1381 2224 1489 2312 puelle
1507 2224 1637 2314 lingua,

466 2337 578 2434 idest,
593 2341 850 2416 excellentium
877 2346 1083 2436 poetarum,
1113 2343 1186 2431 cte,
1211 2341 1314 2435 idest,
1337 2362 1440 2436 quas,
1459 2346 1637 2434 Pallanta,

465 2479 550 2553 quae
574 2465 631 2533 est
655 2480 729 2534 una
761 2480 808 2534 ex
842 2480 975 2536 novem
1010 2461 1135 2554 musis,
1160 2468 1199 2536 et
1224 2461 1486 2558 interpretatur
1521 2464 1635 2538 multa

466 2578 656 2673 memoria,
674 2579 777 2672 idest,
795 2580 974 2676 capacitas
1001 2581 1201 2674 memoria,
1229 2601 1312 2675 quae
1334 2580 1487 2658 haberet
1506 2582 1565 2658 hic
1582 2584 1637 2658 lo·

465 2721 564 2795 cum,
584 2722 651 2775 con
677 2704 707 2776 lc
731 2722 848 2792 sucre,
866 2701 968 2796 idest,
986 2723 1072 2777 cum
1092 2702 1242 2797 reliquis
1269 2702 1383 2777 musis
1408 2724 1500 2798 quas
1526 2710 1636 2778 autor
1756 2769 1759 2780 .

466 2827 572 2894 vocat
606 2840 767 2914 sonorae,
801 2827 880 2895 turn
915 2821 1001 2915 quia
1034 2821 1236 2896 secundum
1272 2821 1434 2896 tabulam
1468 2829 1555 2897 suut
1589 2843 1636 2898 ex

465 2941 601 3016 endem
627 2941 839 3038 parentibus
864 2948 971 3036 natae,
996 2948 1077 3015 tum
1104 2941 1191 3037 quia
1216 2941 1376 3016 scientiae
1400 2949 1487 3017 sunt
1507 2963 1637 3018 ornnes

464 3062 619 3150 invicem
646 3083 833 3157 connexae,
855 3059 1020 3157 [crepini
1051 3066 1193 3157 pirpaoe,
1219 3063 1322 3158 idest,
1356 3063 1522 3138 lecerunt
1556 3063 1636 3159 pin-

462 3185 631 3281 guiorem
645 3191 683 3260 et
700 3183 952 3280 copiosiorem,
971 3186 1028 3258 det
1043 3188 1124 3259 tutte
1150 3189 1206 3259 lor
1228 3187 1439 3276 dolcissimo,
1453 3183 1555 3279 idest,
1567 3183 1636 3258 do-

462 3305 579 3380 ctrina
596 3312 634 3380 et
656 3304 865 3401 eloquentia
883 3304 1024 3399 poetica
1049 3303 1375 3400 delectabilissima,
1395 3325 1509 3399 quam
1526 3311 1636 3379 autor

465 3426 595 3501 merito
620 3431 728 3500 vocat
748 3427 816 3519 lac,
833 3424 920 3519 quia
947 3425 1096 3500 scientia
1122 3425 1263 3521 poetica
1286 3425 1387 3499 velut
1412 3425 1468 3499 lac
1493 3424 1636 3498 suavis-

463 3546 578 3620 simus
605 3545 724 3642 primu
759 3550 815 3618 est
845 3544 1049 3619 exhibenda
1077 3544 1290 3639 juvenibus
1324 3545 1419 3618 sicut
1449 3543 1533 3619 dicit
1558 3545 1636 3618 lla-

462 3666 620 3740 crobius.
646 3665 749 3740 Unde
783 3665 1009 3761 Augustinus
1041 3664 1160 3759 primo
1193 3663 1419 3740 decivitate
1448 3663 1514 3738 Dei
1538 3662 1635 3739 circa

463 3785 680 3882 principium
706 3785 809 3860 dicit:
836 3784 1026 3882 Virgilium
1053 3791 1122 3859 etc.
1149 3785 1192 3858 Et
1217 3783 1277 3858 hic
1305 3792 1390 3860 nota
1408 3783 1507 3879 quud
1523 3788 1634 3857 autor

463 3927 530 4002 per
554 3907 659 3980 istam
686 3906 925 3981 excellentem
952 3904 1233 3999 pulcritudinem
1259 3903 1321 3979 dat
1348 3904 1511 4001 intelligi,
1534 3903 1635 3999 quod

404 4037 408 4042 ’
463 4025 669 4121 pulcritudo
694 4033 732 4100 et
758 4025 984 4120 profunditas
1010 4025 1201 4122 theologie
1220 4025 1382 4102 maxime
1409 4025 1570 4101 consistit
1596 4025 1633 4099 in

463 4145 714 4221 incarnatione
750 4145 869 4222 Verbi.
904 4146 948 4219 Et
979 4145 1066 4239 quia
1099 4153 1209 4220 autor
1245 4145 1303 4221 lrio
1338 4152 1557 4242 pervenerat
1587 4143 1633 4218 ad

462 4267 659 4362 Christum,
677 4269 724 4343 de
742 4267 849 4342 cuius
875 4272 1007 4341 natura
1035 4287 1144 4342 nomo
1162 4273 1280 4362 potest
1297 4266 1406 4363 digne
1423 4265 1534 4360 loqui,
1552 4264 1634 4339 ideo

463 4390 556 4464 bene
574 4388 626 4462 sic
646 4408 687 4463 se
703 4395 856 4462 excusat
872 4388 920 4462 ab
938 4387 1146 4462 huiusmodi
1171 4388 1485 4482 descriptione-
1497 4393 1530 4460 E
1549 4378 1631 4460 cosi.

461 4507 527 4582 llic
556 4515 664 4582 autor
695 4506 851 4582 ostendit
885 4506 1071 4601 quomodo
1103 4508 1314 4603 pertransiit
1344 4508 1455 4582 istum
1486 4527 1633 4603 passum

460 4628 619 4702 arduum
647 4647 852 4722 peronam
879 4627 1191 4723 comparationem
1219 4628 1420 4724 propriam,
1447 4648 1531 4722 quae
1563 4632 1635 4700 stat

462 4747 499 4820 in
525 4749 605 4842 hoc,
631 4747 729 4841 quod
745 4739 781 4839 (¹)
808 4747 991 4822 interdum
1019 4747 1131 4822 homo
1157 4747 1291 4824 iaciens
1309 4749 1378 4824 iter
1396 4747 1532 4844 reperit
1553 4767 1634 4822 ma·

525 5009 553 5072 (¹)
569 5009 600 5059 E·
616 5021 632 5058 θ
647 5007 673 5058 S.
690 5009 760 5072 quod
775 5010 843 5061 sicut
858 5009 999 5060 interdum.

597 5116 624 5159 V·
1472 5117 1498 5161 ar
