4842 6642
789 808 860 880 392
1178 821 1384 877 munerun
1408 821 1574 876 renuunt
1720 778 1728 795 ⁶

787 966 994 1061 exercebat,
1028 973 1064 1042 et
1098 966 1284 1062 potissime
1319 966 1500 1041 Florentia
1534 966 1793 1062 guelpbissimu
1832 964 1961 1040 civitas

788 1088 907 1164 omnis
933 1088 1138 1163 rebellionis
1164 1088 1232 1161 luit
1256 1093 1378 1179 autor,
1395 1092 1434 1161 et
1462 1087 1591 1161 ultimo
1617 1086 1781 1161 Bononia
1806 1090 1962 1178 sequuta

787 1217 852 1285 est.
865 1250 915 1265 -
928 1204 981 1283 Ne*
1004 1211 1072 1284 cte.
1102 1209 1165 1283 llio
1191 1210 1322 1283 Petrus
1339 1208 1439 1283 dolet
1457 1208 1558 1304 quod
1579 1214 1743 1304 pastores
1767 1206 1962 1302 aliquando

786 1328 923 1404 leniunt
947 1328 1077 1403 iniuste
1105 1328 1211 1423 bella,
1237 1328 1381 1404 dicens:
1405 1322 1460 1403 Ne*
1480 1330 1541 1401 cte
1565 1332 1598 1403 te
1625 1330 1742 1403 ctiooi
1761 1330 1822 1401 cle
1840 1330 1889 1399 mi
1900 1330 1961 1421 stu

786 1471 956 1544 concesse,
965 1448 1067 1543 idest,
1078 1456 1115 1525 et
1133 1470 1204 1524 non
1225 1449 1293 1525 luit
1314 1454 1438 1525 nostra
1452 1450 1604 1525 intentio
1617 1450 1718 1545 quod
1731 1450 1853 1525 claves
1866 1448 1960 1523 dete

788 1570 874 1644 mibi
900 1569 945 1644 ed
971 1570 1210 1666 aperiendum
1231 1590 1387 1667 regnum
1409 1571 1604 1663 coelorum,
1621 1573 1813 1644 diembser
1831 1588 1960 1661 temtu-

787 1694 876 1785 eulo,
905 1690 1007 1785 idest,
1034 1692 1270 1767 efficerentur
1295 1697 1486 1767 armature
1512 1692 1570 1767 vel
1595 1690 1807 1787 insignium,
1826 1694 1865 1764 in
1885 1710 1960 1763 oes-

787 1815 878 1903 stllo‚
903 1811 1005 1905 idest,
1031 1809 1204 1885 benderie
1233 1812 1291 1887 vel
1315 1812 1438 1909 signo;
1463 1817 1502 1919 et
1525 1810 1631 1887 dicit:
1657 1813 1718 1885 cite
1742 1810 1961 1885 combuttesse

790 1940 915 2007 emeda
939 1936 953 2005 i
978 1932 1171 2006 totezzatt.
1191 1931 1235 2005 Et
1251 1931 1310 2005 bie
1327 1938 1414 2007 nota
1432 1932 1529 2026 quod
1556 1932 1626 2007 boc
1651 1938 1770 2006 totum
1798 1928 1962 2027 intelligit

787 2061 897 2129 autor
920 2052 967 2128 de
991 2052 1112 2147 pravis
1138 2052 1356 2147 pastoribus,
1381 2052 1446 2145 qui
1473 2051 1607 2127 iniuste
1635 2050 1837 2147 suscipiunt
1864 2050 1960 2127 belle
2108 2074 2113 2085 ·

788 2182 914 2249 contra
949 2173 1174 2267 christianos,
1209 2160 1304 2248 sieut
1333 2172 1552 2266 Bonilacius,
1580 2173 1646 2269 qui
1677 2180 1765 2247 tunc
1800 2170 1960 2264 seuebn,

788 2294 869 2370 iecit
898 2300 1025 2369 eontra
1052 2294 1318 2388 Colonnenses;
1344 2300 1381 2369 et
1410 2294 1560 2369 Nicbolu
1575 2289 1612 2386 (¹)
1639 2294 1687 2369 de
1718 2291 1870 2386 UrsiniS,
1897 2292 1961 2385 qui

786 2414 918 2489 iniuste
941 2414 1039 2489 dedit
1063 2433 1215 2509 operam
1238 2413 1336 2508 quod
1353 2414 1473 2489 Sicilia
1489 2414 1686 2491 rebellaret
1708 2413 1853 2506 carolo,
1877 2432 1961 2507 quse

787 2542 911 2611 temen
937 2535 1057 2610 iuerat
1081 2534 1146 2610 sibi
1172 2555 1345 2611 concesse
1371 2556 1437 2631 per
1457 2534 1662 2611 ecclesiam.
1686 2534 1790 2609 Unde
1806 2554 1881 2608 non
1896 2534 1962 2609 de-

789 2657 853 2733 bes
877 2656 1081 2753 intelligere
1106 2657 1205 2751 quod
1230 2657 1383 2732 ecclesie
1410 2677 1484 2731 non
1508 2658 1622 2753 possit
1640 2657 1743 2753 juste
1760 2676 1867 2731 orme
1885 2663 1962 2731 tm-

789 2784 890 2853 eture
914 2782 952 2851 et
976 2776 1070 2851 bellu
1095 2796 1239 2874 gerere,
1265 2777 1351 2869 quta
1377 2778 1606 2863 contrarium
1631 2784 1699 2871 est,
1725 2784 1769 2851 ut
1794 2776 1962 2854 coneedit

788 2896 1023 2994 Augustinus,
1054 2896 1255 2993 Gregorius
1279 2903 1317 2973 et
1343 2897 1467 2992 multi;
1494 2898 1576 2972 ideo
1607 2905 1717 2974 autor
1747 2904 1962 2991 excusatur,

788 3018 874 3113 quia
908 3038 953 3093 ex
987 3016 1137 3093 ceritme
1171 3018 1266 3112 iacit,
1299 3024 1341 3091 ut
1371 3018 1432 3092 alii
1462 3018 1529 3093 sibi
1563 3025 1772 3095 caveantur
1805 3018 1960 3112 tutibus3

788 3137 852 3213 sed
877 3143 978 3213 certe
1004 3138 1040 3211 in
1067 3143 1209 3213 motum
1236 3145 1323 3212 sunt
1347 3138 1435 3213 vitio
1452 3138 1645 3215 lumiliuria
1666 3139 1776 3215 bodie
1791 3138 1962 3236 prelatis,

787 3258 886 3353 quod
913 3278 986 3332 non
1010 3258 1245 3352 erubescunt,
1263 3258 1326 3335 sed
1344 3260 1463 3335 rident
1487 3279 1575 3335 eum
1600 3258 1668 3334 istu
1691 3267 1889 3335 narrentur
1914 3259 1963 3335 de

787 3379 882 3474 ipsis.
900 3418 950 3433 -
962 3382 1006 3451 ln
1033 3387 1138 3453 vesta.
1157 3378 1223 3453 llic
1239 3380 1370 3455 Petrus
1394 3381 1545 3476 ampliet
1568 3400 1674 3455 suam
1701 3380 1906 3475 querelam,
1924 3387 1963 3455 et

789 3500 885 3594 dicit,
903 3498 1002 3594 quod
1020 3520 1092 3573 non
1110 3499 1229 3573 solum
1256 3499 1352 3574 istud
1376 3500 1507 3577 eccidit
1531 3501 1568 3575 in
1598 3492 1761 3597 nestore
1776 3500 1961 3597 principali

788 3620 960 3715 ecclesie,
987 3618 1050 3695 sed
1077 3622 1153 3696 iere
1179 3622 1318 3716 ubique
1342 3622 1580 3717 reperiuntur
1606 3624 1709 3699 tales
1734 3623 1826 3699 nteit
1850 3644 1961 3720 ergo:

788 3746 876 3835 ιιφι·
894 3744 1033 3836 reputt,
1050 3740 1197 3837 scilieet,
1215 3750 1387 3818 vorantes
1402 3764 1556 3841 gregem
1574 3744 1732 3840 Domini,
1757 3749 1790 3819 si
1814 3748 1962 3839 oeogion

787 3864 824 3935 in
848 3869 944 3935 vesta
968 3866 1006 3937 di
1028 3867 1176 3957 parton,
1198 3863 1300 3959 idest,
1323 3864 1359 3938 in
1385 3865 1513 3939 babitu
1538 3867 1720 3961 pastorali.
1749 3868 1793 3941 tt
1817 3887 1865 3943 ex
1889 3868 1962 3942 boe

787 3982 967 4058 convertit
991 4004 1031 4059 se
1056 4003 1185 4061 versus
1208 3984 1389 4081 justitium
1422 3985 1596 4081 divinam,
1626 3986 1773 4063 dicens:
1800 4008 1824 4061 o
1848 3989 1962 4083 diseo

788 4102 826 4173 dt
850 4104 919 4176 Dio
939 4100 1068 4197 pecte*
1085 4124 1158 4197 pur
1181 4106 1297 4196 giudi!
1314 4105 1418 4201 quusi
1437 4105 1552 4182 dicet:
1570 4127 1594 4180 ο
1614 4106 1771 4183 vindicte
1797 4108 1874 4202 bet,
1892 4128 1962 4183 eur

790 4226 931 4295 tantum
953 4221 1115 4298 dormtst
1131 4243 1200 4299 cur
1218 4245 1293 4301 non
1308 4225 1446 4301 excitus
1465 4224 1560 4301 irum
1579 4233 1683 4302 tuem
1701 4234 1830 4303 contra
1847 4228 1962 4303 istosl

787 4345 917 4417 -Det
938 4362 1080 4435 sorsque.
1107 4344 1172 4419 llio
1197 4346 1329 4421 Petrus
1353 4346 1515 4441 predieit
1543 4348 1637 4423 duos
1666 4354 1831 4443 pastores
1857 4349 1960 4424 lutu-

787 4482 849 4537 ros
873 4462 1021 4559 gallicos
1046 4465 1109 4558 qui
1135 4466 1286 4541 luerunt
1310 4488 1458 4543 summe
1479 4488 1640 4563 rapaces,
1662 4468 1799 4545 scilieet
1823 4470 1960 4546 loben-

708 4592 711 4599 '
787 4600 871 4656 nem
886 4582 983 4657 llllll
999 4592 1036 4659 et
1054 4586 1280 4663 Clementem
1291 4586 1354 4682 lll;
1369 4588 1467 4665 unde
1482 4592 1658 4679 daorsint,
1672 4588 1759 4684 quta
1777 4590 1962 4666 lebannes

785 4698 851 4773 luit
874 4701 921 4777 de
945 4702 1121 4801 Ceturgio
1146 4706 1292 4782 civitate
1312 4708 1449 4802 Gallie,
1469 4708 1507 4783 in
1525 4730 1601 4803 qua
1626 4716 1713 4783 sunt
1736 4711 1957 4806 generaliter

848 4966 876 5029 ζ’)
891 4971 914 5025 t,
932 4966 1052 5017 lt'iooleus
1069 4968 1101 5019 de
1119 4968 1226 5021 Ursinis,
