4842 6642
761 783 831 850 178
1150 796 1357 854 murmuri
1380 798 1549 851 enarum

759 1058 872 1153 aliqui
898 1079 943 1133 ex
971 1060 1023 1135 eis
1049 1059 1202 1137 luerunt
1227 1062 1310 1137 sacti
1337 1062 1468 1137 militen
1492 1063 1541 1137 ab
1566 1083 1611 1138 eo
1637 1068 1676 1137 et
1706 1061 1932 1158 privilegiati.

761 1176 825 1254 llic
850 1200 975 1255 comes
1001 1188 1172 1257 mortuos
1197 1191 1253 1257 est
1277 1182 1471 1260 Florentiae
1494 1191 1533 1259 et
1556 1183 1695 1259 dotavit
1714 1184 1851 1257 multas
1872 1202 1936 1258 ec-

761 1299 902 1396 clesias,
927 1302 1113 1397 precipuo
1137 1303 1322 1378 abbatiam
1354 1310 1489 1379 sanctae
1515 1302 1637 1379 llariae
1663 1324 1776 1398 quam
1803 1302 1935 1377 lunde-

764 1427 879 1516 verat,
896 1442 982 1496 com
1007 1423 1130 1497 moltis
1154 1424 1244 1499 aliis.
1271 1426 1315 1499 Et
1338 1426 1427 1520 quia
1456 1424 1610 1499 decessit
1634 1425 1672 1498 in
1698 1424 1790 1500 leste
1819 1424 1935 1499 sancti

763 1542 924 1636 Thomu,
950 1543 1051 1616 omni
1076 1564 1174 1619 anno
1200 1545 1239 1619 lit
1263 1546 1436 1621 solemnis
1463 1545 1643 1620 memoria
1673 1545 1721 1620 de
1753 1565 1811 1639 eo,
1836 1552 1874 1618 et
1898 1544 1936 1618 in

743 1662 826 1736 tali
852 1662 911 1737 die
935 1663 975 1736 fit
1001 1664 1081 1738 eius
1094 1658 1131 1756 (¹)
1151 1666 1458 1741 anniversarium.
1477 1668 1583 1740 Nunc
1598 1666 1644 1740 ad
1666 1666 1829 1743 literam:
1851 1666 1938 1741 dicit

763 1783 1020 1881 Cacciaguida:
1051 1790 1198 1861 ciascun
1223 1790 1283 1860 clu
1303 1795 1412 1881 porto
1437 1790 1531 1861 dello
1551 1787 1642 1860 bello
1657 1791 1820 1879 incomta,
1837 1786 1938 1881 quod

764 1904 960 2001 insignium
992 1914 1047 1981 est
1078 1915 1270 1982 armatura
1304 1908 1351 1982 ad
1382 1908 1496 2004 degas
1530 1917 1612 2002 etc,
1652 1916 1694 1981 ut
1729 1929 1854 2004 supra,
1882 1908 1942 1981 dcl

763 2046 858 2116 yrun
882 2026 1028 2121 barone,
1057 2027 1203 2123 scilicet,
1232 2029 1390 2124 praedicti
1418 2029 1639 2105 marchionis
1668 2028 1843 2125 lingonis,
1874 2028 1939 2123 qui

766 2146 832 2219 luit
853 2168 1010 2243 magnus
1035 2148 1126 2223 baro
1153 2149 1338 2224 nobilitate
1358 2155 1395 2224 et
1412 2148 1593 2243 potentia,
1611 2168 1724 2243 quem
1746 2168 1941 2224 commen·

765 2266 827 2341 dat
844 2290 865 2341 a
885 2268 1069 2343 beneficiis
1095 2269 1171 2344 suis
1191 2270 1229 2343 in
1246 2270 1377 2365 Deum,
1394 2270 1535 2345 dicens:
1552 2272 1650 2345 ilerd
1664 2291 1768 2345 nome
1794 2293 1814 2343 c
1835 2273 1864 2345 il
1885 2274 1942 2345 coi

763 2392 889 2479 precio
914 2392 951 2462 to
972 2392 1065 2484 festo
1089 2393 1128 2463 di
1157 2396 1342 2465 Tornmuro
1361 2394 1573 2485 riconforlo,
1590 2390 1677 2486 quia
1702 2392 1839 2467 scilicet
1865 2390 1940 2466 vir·

767 2514 826 2581 tus
851 2515 888 2582 et
914 2508 1011 2583 lama
1036 2508 1199 2607 liugonls
1218 2518 1419 2585 renovatur
1436 2516 1474 2586 et
1490 2510 1732 2586 confirmatur
1747 2511 1938 2586 annuatim

767 2627 807 2733 in
831 2627 921 2704 lesto
947 2630 1045 2705 beati
1070 2632 1231 2724 Thornae,
1257 2631 1345 2727 quia
1362 2632 1402 2705 iit
1419 2632 1614 2728 singularis
1634 2631 1940 2708 commemoratio

768 2756 806 2822 et
830 2752 1101 2826 commendatio
1117 2752 1164 2827 de
1181 2772 1228 2827 eo
1245 2752 1281 2827 in
1301 2752 1478 2827 memoria
1495 2744 1532 2845 (²)
1551 2752 1812 2828 beneficiorum
1839 2751 1941 2845 eiue3

769 2870 849 2943 obde
869 2874 1000 2945 milizin
1026 2894 1044 2945 e
1064 2875 1251 2966 privileyio
1270 2876 1320 2947 da
1335 2894 1425 2965 cero,
1446 2874 1593 2967 scilicet,
1610 2896 1632 2948 a
1651 2873 1823 2969 predicto
1842 2893 1943 2946 mar·

770 2990 900 3065 chione
925 2992 1092 3089 Hugone,
1119 2994 1204 3087 quia
1222 2993 1269 3067 de
1287 3014 1513 3088 unaquaque
1534 2994 1732 3069 domorum
1749 2992 1942 3089 praedicta·

773 3131 856 3183 rum
884 3110 968 3186 iecit
992 3112 1134 3207 aliquos
1162 3113 1304 3207 milites,
1324 3120 1363 3186 ut
1381 3113 1601 3209 praedicitur.
1615 3120 1856 3205 -Aoccono
1878 3110 1943 3185 llic

771 3230 1011 3329 Cacciaguida
1037 3234 1169 3329 excipit
1196 3255 1326 3326 unum,
1351 3233 1416 3327 qui
1434 3254 1507 3307 non
1524 3240 1704 3328 sequutus
1721 3239 1777 3308 est
1793 3230 1946 3329 vestigia

773 3350 962 3447 nobilium,
990 3352 1104 3427 immo
1131 3354 1248 3428 lactus
1272 3362 1327 3429 est
1353 3354 1549 3450 popularis.
1575 3354 1630 3429 Ad
1654 3353 1762 3429 cuius
1787 3352 1842 3427 rei
1867 3352 1947 3427 evi·

773 3470 933 3546 dentiam
960 3480 1015 3548 est
1042 3474 1320 3569 praesciendum,
1348 3473 1445 3568 quod
1473 3474 1540 3549 iste
1571 3474 1616 3548 de
1649 3494 1724 3567 quo
1753 3480 1862 3547 autor
1892 3473 1947 3546 lo

774 3590 902 3685 quitur
927 3592 995 3667 luit
1021 3594 1169 3689 quidam
1196 3596 1337 3669 Zannes
1370 3594 1417 3669 de
1442 3595 1478 3669 la
1502 3594 1615 3687 Bella,
1649 3594 1712 3688 qui
1743 3600 1811 3668 etc.
1842 3593 1947 3667 Nunc

775 3711 822 3785 ad
848 3711 1005 3807 literam,
1022 3714 1107 3788 dicit
1123 3714 1383 3811 Cacciaguida:
1410 3721 1580 3805 dcccque
1598 3715 1777 3807 clodoici,
1800 3712 1945 3805 scilicet,

776 3837 916 3911 Zannes
941 3836 987 3911 de
1012 3837 1045 3911 la
1074 3835 1185 3930 Bella,
1211 3839 1272 3909 cle
1295 3840 1333 3910 ln
1355 3838 1471 3931 sorcin
1490 3839 1548 3909 col
1564 3838 1693 3929 frendo,
1713 3834 1815 3928 idest,
1835 3832 1947 3929 cingit

776 3957 893 4031 irisio:
916 3959 985 4033 lroc
1004 3957 1101 4051 dicit,
1120 3957 1207 4051 quia
1232 3956 1281 4030 illi
1306 3956 1353 4031 de
1378 3957 1413 4031 la
1437 3956 1537 4030 Bella
1556 3964 1807 4052 apposuerunt
1827 3974 1946 4028 unum

776 4076 918 4151 lrisium
949 4098 1108 4153 aureum
1140 4075 1380 4153 circumcirca
1417 4084 1648 4151 armaturam
1687 4076 1809 4151 datam
1842 4075 1948 4150 eice

775 4198 870 4274 dicto
896 4200 1062 4296 Hugone,
1089 4205 1131 4273 ut
1156 4200 1207 4273 sic
1233 4198 1520 4294 distingueretur
1545 4198 1593 4271 ab
1617 4196 1948 4291 aliis,quil1altue-

779 4326 860 4392 rant
886 4319 981 4394 idem
1010 4319 1218 4415 insignium,
1244 4323 1276 4393 ei
1297 4321 1405 4392 ruunt
1431 4321 1516 4411 noui
1530 4320 1587 4391 col
1596 4322 1720 4411 popel,
1739 4316 1843 4410 idest,
1859 4336 1949 4391 con·

778 4439 898 4515 veniat
924 4446 960 4514 et
985 4446 1234 4537 congregetur
1259 4460 1346 4514 cum
1374 4439 1520 4534 populo,
1546 4437 1641 4513 sicut
1664 4437 1750 4512 olim
1783 4436 1951 4513 lecerunt

777 4558 931 4633 Gracchi
963 4559 998 4633 in
1032 4560 1126 4634 urbe
1150 4560 1279 4651 Roma,
1313 4566 1350 4633 et
1379 4558 1491 4652 aliqui
1525 4558 1605 4653 alii,
1640 4558 1722 4633 ideo
1758 4558 1827 4632 iste
1857 4556 1951 4631 benc

779 4676 846 4750 luit
871 4699 997 4772 poenas
1022 4678 1161 4775 dignas,
1186 4678 1281 4753 sicut
1305 4686 1343 4754 et
1369 4679 1428 4773 illi,
1447 4686 1489 4753 ut
1511 4685 1610 4773 patet
1627 4700 1673 4755 en
1690 4678 1803 4753 dictis.
1818 4716 1868 4731 -
1883 4666 1951 4749 nid

781 4844 998 4852 --—.—.-—-—
1002 4846 1102 4853 ..-—....
1106 4846 1240 4853 .----—-—-

841 4934 870 4999 l'l
887 4936 918 4987 Ε.
935 4936 1015 4989 illiue.
1327 4939 1355 5001 (¹)
1370 4938 1402 4989 ll.
1417 4938 1445 4989 ln
1460 4938 1623 4990 memorium.
