4842 6642
811 869 948 925 candus
974 869 1130 925 DECIMUS
1155 870 1286 925 NONUS.
1563 858 1632 923 241

463 1013 546 1089 licet
579 1014 785 1089 ottenebrat
819 1014 937 1109 ipsum
975 1015 1078 1090 nobis
1113 1015 1326 1111 perniciose.
1353 1015 1456 1091 Unde
1491 1014 1637 1089 videtur

435 1132 692 1229 concludere,
720 1134 818 1228 quod
843 1134 921 1209 sine
946 1136 1007 1209 iiio
1034 1136 1183 1229 iumine,
1211 1134 1311 1230 quod
1335 1136 1453 1234 gratia
1484 1133 1638 1210 contulit

465 1254 565 1330 nobis
590 1274 658 1349 per
682 1256 856 1331 articulos
882 1254 963 1331 fidei
990 1263 1027 1331 et
1052 1262 1283 1332 sacramenta
1303 1256 1477 1351 ecclesie,
1496 1265 1551 1331 ert
1567 1257 1639 1329 im-

463 1374 631 1469 possibiie
655 1374 762 1449 alicui
788 1376 931 1450 salvari.
959 1376 1044 1451 ideo
1073 1376 1269 1451 dicendum
1305 1386 1361 1451 est
1392 1398 1479 1451 oum
1512 1378 1639 1475 dugu-

464 1494 580 1569 stiuo:
608 1495 727 1569 omnis
752 1494 949 1570 infidelium
979 1496 1049 1571 vita
1078 1506 1269 1591 peccatum
1297 1504 1354 1572 est
1378 1504 1447 1572 etc.

536 1619 641 1689 Arsai
666 1613 722 1691 t'd
744 1638 811 1690 mo.
839 1617 909 1691 ista
936 1626 990 1693 ert
1015 1619 1121 1694 tertia
1140 1614 1487 1714 parsgeneralis(¹)‚
1508 1621 1635 1715 inqua

464 1738 601 1813 dictum
638 1738 783 1837 siguum
821 1726 954 1833 aquile
988 1740 1160 1835 exprimit
1194 1740 1432 1833 quaestionem
1472 1742 1635 1815 nondum

465 1878 675 1953 expressam
704 1878 770 1953 per
794 1865 977 1953 autorem,
1004 1866 1042 1934 et
1067 1859 1180 1953 ipsam
1211 1860 1318 1934 solvit
1348 1861 1385 1934 in
1410 1860 1566 1956 speciali.
1594 1861 1638 1936 Et

465 1978 583 2073 primo
608 1978 825 2052 continuans
850 1976 946 2053 dicta
971 1978 1130 2055 dicendis
1159 1980 1331 2074 exprimit
1362 1979 1543 2055 deiectum
1574 2000 1637 2054 co·

464 2097 633 2194 gnitionis
659 2098 832 2171 humanae
850 2118 939 2195 erga
957 2098 1115 2172 divinam
1138 2099 1330 2193 justitiam,
1352 2100 1495 2176 dicens:
1516 2105 1566 2172 La
1583 2103 1638 2173 la-

464 2218 573 2310 utra,
603 2217 705 2311 idest,
732 2216 936 2292 obscuritas
954 2218 1171 2314 ignorantiae
1191 2221 1377 2315 humanae,
1396 2223 1456 2293 ode
1480 2224 1638 2292 tuscon-

464 2340 552 2411 deoa
590 2340 627 2410 lu
664 2340 827 2429 podria
860 2343 954 2429 otoo,
989 2338 1136 2433 scilicet,
1175 2339 1348 2434 divinam,
1383 2343 1422 2414 di
1453 2342 1514 2413 cte
1548 2342 1641 2433 socci

464 2460 618 2552 portion
644 2466 783 2531 cotunto
800 2460 941 2551 credre,
959 2458 1063 2552 idest,
1081 2467 1155 2533 tam
1175 2459 1405 2557 frequentem
1419 2452 1455 2553 (ἢ
1475 2469 1512 2536 et
1530 2481 1638 2557 saepe,

466 2582 487 2651 t’
500 2575 521 2653 d
544 2600 601 2651 mo
627 2583 724 2653 assor·
748 2587 886 2672 apertu,
911 2580 1017 2674 quasi
1042 2580 1158 2654 dicat:
1180 2602 1245 2675 per
1271 2602 1313 2655 ea
1341 2602 1424 2675 quae
1449 2603 1521 2679 ego
1541 2603 1637 2677 prae-

468 2698 546 2772 misi
580 2704 683 2793 potes
717 2699 821 2774 facile
851 2699 1164 2793 comprehendere
1195 2700 1445 2795 impotentiam
1478 2703 1637 2777 scientiae

467 2820 638 2892 humanm
664 2819 700 2892 in
726 2819 979 2915 cognoscendo
1004 2819 1051 2893 de
1075 2819 1195 2894 divina
1216 2819 1367 2915 justitia.
1382 2861 1431 2875 -
1447 2820 1516 2896 cte*
1530 2832 1565 2895 tu
1583 2825 1637 2895 di-

465 2942 547 3013 ceui.
573 2939 639 3013 Hic
664 2940 786 3033 aquila
813 2940 913 3013 clare
938 2940 1109 3033 exprimit
1134 2940 1373 3033 quaestionem
1398 2962 1482 3035 quae
1498 2942 1560 3015 diu
1583 2942 1637 3017 ia·

466 3060 647 3155 tigaverat
672 3065 833 3135 mentem
859 3060 1019 3153 autoris3
1046 3067 1083 3134 et
1109 3062 1209 3155 ponit
1237 3082 1365 3137 casum
1395 3062 1431 3135 iu
1462 3062 1637 3155 terminis,

466 3180 608 3256 dicens:
638 3177 706 3254 Ode*
729 3187 764 3253 tu
789 3184 910 3273 dicent,
938 3180 1084 3275 scilicet,
1109 3180 1330 3255 dubitando:
1356 3202 1404 3253 un
1427 3202 1510 3255 uum
1534 3202 1641 3255 nosce

464 3304 538 3375 otta
562 3304 644 3373 ried
664 3303 742 3375 dett
751 3304 854 3393 lodo,
876 3301 979 3396 quasi
998 3300 1105 3393 dicat,
1124 3301 1160 3375 in
1178 3308 1348 3377 extremo
1364 3302 1524 3396 orientis.
1545 3303 1636 3377 Nam

464 3420 572 3495 indus
598 3426 653 3496 est
678 3421 812 3495 fluvius
837 3422 957 3514 ludiae,
983 3444 1004 3497 a
1032 3442 1107 3515 quo
1132 3423 1209 3516 ipsa
1235 3422 1334 3497 india
1360 3424 1508 3518 suscipit
1525 3422 1640 3498 deno-

465 3540 722 3634 minationem3
750 3548 787 3615 et
810 3540 997 3639 signanter
1013 3541 1392 3636 deducitexempium
1420 3543 1466 3617 de
1491 3541 1640 3616 homine

467 3666 552 3735 nato
578 3660 615 3735 in
640 3660 751 3755 India,
778 3660 863 3754 quia
890 3661 970 3735 talis
987 3666 1105 3755 potest
1123 3661 1245 3734 minus
1264 3662 1359 3735 scire
1384 3661 1430 3735 de
1455 3660 1526 3735 fide
1541 3661 1639 3735 cirri·

467 3781 582 3855 stiaua
607 3787 645 3857 et
665 3788 815 3877 propter
833 3780 1147 3876 longinquitatem,
1166 3786 1203 3855 et
1220 3788 1368 3876 propter
1385 3781 1636 3855 difficultatem

466 3904 654 3995 iocorum3
681 3922 766 3977 uam
793 3901 977 3976 christiani
997 3907 1037 3975 ut
1054 3902 1256 3995 plurimum
1277 3909 1362 3976 sunt
1389 3902 1425 3976 in
1450 3902 1638 3977 occidente

466 4029 502 4097 et
527 4022 798 4116 septemtrione.
819 4019 919 4096 Unde
939 4020 1042 4095 dicit:
1065 4042 1084 4092 e
1105 4024 1210 4113 quivi,
1230 4022 1377 4116 scilicet,
1395 4022 1431 4095 in
1452 4022 1529 4116 ripa
1549 4021 1637 4116 ludi,

466 4163 538 4217 non
563 4140 583 4217 e*
606 4144 660 4215 cti
684 4146 828 4233 rapiam
850 4144 889 4215 di
916 4145 1041 4230 θνίειο,
1069 4141 1169 4235 idest,
1201 4141 1372 4236 praedicet
1397 4142 1456 4217 vel
1481 4143 1639 4237 disputet

467 4263 611 4359 publice
637 4263 695 4336 vel
722 4262 904 4356 privatim,
930 4260 976 4337 nd
998 4265 1052 4335 oti
1077 4266 1193 4355 loppa,
1211 4262 1305 4336 sicut
1326 4263 1447 4358 magni
1475 4264 1637 4360 magistri

467 4383 611 4477 publice
636 4382 764 4477 legunt
781 4382 930 4456 Sacram
953 4380 1179 4477 scripturam
1207 4381 1303 4455 iuter
1328 4383 1554 4477 christianos,
1573 4404 1639 4479 per

467 4504 565 4598 quod
600 4502 689 4577 fides
724 4502 882 4575 muitum
920 4502 1161 4576 confirmatur
1196 4508 1233 4575 et
1268 4502 1477 4597 roboratur,
1513 4500 1558 4578 nd
1587 4507 1641 4577 cti

465 4630 597 4719 sotor,
625 4625 719 4699 sicut
744 4624 858 4699 sancti
884 4624 1062 4715 doctores,
1080 4624 1143 4717 qui
1165 4623 1390 4717 scripserunt
1415 4622 1554 4697 infinita
1573 4644 1640 4698 vo-

468 4747 606 4821 lumina
632 4746 810 4820 librorum
836 4745 883 4819 de
909 4744 977 4818 hac
1004 4743 1170 4836 materia,
1201 4744 1296 4817 sicut
1325 4744 1552 4840 Augustinus
1577 4743 1639 4838 qui

529 5008 556 5067 (¹)
574 5006 604 5057 Ε.
620 5006 748 5069 generalis
764 5008 840 5059 huius
856 5005 971 5069 capituli,
988 5006 1015 5055 in
1031 5018 1090 5070 qua.
1277 5003 1307 5066 (¹³)
1323 5005 1354 5055 Β.
1371 5004 1530 5069 frequenter.

599 5116 625 5159 v.
865 5112 867 5119 '
1482 5117 1507 5158 tt
