4842 6642
826 884 965 939 caurus
989 883 1147 940 nncmus
1172 884 1342 939 ocrnrns.
1448 842 1452 849 ¹
1598 874 1669 940 211

499 1021 590 1101 Pero
625 1030 730 1101 mun.
762 1026 826 1105 llic
862 1026 1102 1123 Cacmaguida
1133 1027 1252 1102 reddit
1285 1035 1454 1103 autorem
1488 1034 1671 1103 attentum

497 1146 541 1221 ad
567 1146 877 1223 considerandum
909 1147 995 1223 istos
1019 1148 1255 1246 singulariter
1283 1147 1404 1223 dando
1429 1148 1496 1223 sibi
1525 1149 1671 1246 signum

496 1268 657 1343 indicans
684 1286 1002 1363 unumquemque,
1026 1268 1168 1345 diceus:
1187 1276 1226 1345 et
1256 1270 1343 1364 quia
1373 1269 1430 1343 isti
1456 1278 1543 1345 sunt
1569 1273 1670 1365 tales,

493 1382 582 1481 pert
619 1393 727 1481 moa,
762 1390 864 1484 idest,
894 1410 979 1465 cum
1018 1390 1261 1465 admiratione
1303 1390 1450 1485 inspice,
1483 1394 1541 1465 nei
1572 1394 1674 1465 οοηιὲ

497 1513 589 1585 delta
613 1531 728 1601 mooe,
758 1511 844 1587 istos
870 1511 967 1587 cuim
1001 1512 1155 1587 collocat
1180 1511 1421 1607 insuperiori
1449 1519 1553 1606 parte
1586 1531 1673 1586 cru-

497 1632 549 1705 cis
574 1636 764 1725 umquam
802 1631 1091 1726 excellentiores,
1122 1631 1209 1727 quia
1235 1635 1314 1723 quel
1336 1634 1432 1705 clt’ro
1461 1654 1507 1705 nr
1530 1624 1673 1706 mmet

496 1742 583 1846 [ατὰ
608 1744 648 1843 t,
677 1752 823 1847 scilicet,
849 1753 886 1827 in
913 1752 973 1828 illo
998 1756 1265 1847 cumulatio,
1289 1755 1349 1825 cie
1366 1756 1408 1846 su
1431 1756 1460 1826 il
1480 1773 1546 1827 suo
1567 1756 1672 1847 ritoeo

500 1876 611 1947 oelooe
639 1876 677 1947 in
706 1874 808 1968 nube,
840 1874 944 1968 qunsi
975 1873 1086 1949 dicat:
1120 1872 1348 1967 quicumque
1380 1873 1528 1968 spiritus
1561 1874 1672 1949 luerit

499 1992 707 2069 nominatus
730 2015 753 2068 a
781 2014 841 2068 me
867 1994 1008 2069 emittet
1019 1994 1187 2089 jaculum
1209 1992 1368 2068 rubeum
1390 1992 1592 2087 splendoris
1607 2014 1671 2068 ar·

496 2112 613 2187 donus
638 2113 731 2189 sicut
757 2113 840 2189 lacit
866 2114 992 2211 lulgnr
1017 2114 1054 2187 in
1085 2114 1196 2208 nubo,
1221 2134 1268 2189 ex
1302 2134 1375 2208 qna
1405 2112 1601 2188 excutitur.
1628 2114 1671 2189 ut

497 2240 596 2307 recte
621 2234 678 2307 isti
709 2235 881 2311 emittunt
906 2235 1073 2331 jaculum
1107 2235 1273 2331 igneum,
1298 2233 1385 2327 quia
1416 2232 1568 2309 inerunt
1601 2234 1671 2308 viri

497 2354 607 2429 lortes
631 2354 797 2448 animosi,
824 2375 985 2449 quorum
1013 2355 1131 2431 virtus
1157 2362 1212 2430 est
1238 2355 1381 2431 ardens.
1403 2354 1546 2429 Habent
1570 2354 1669 2429 euim

496 2474 681 2549 choleram
699 2482 868 2571 ncntam3
887 2476 968 2551 ideo
988 2478 1083 2551 bene
1099 2482 1330 2571 reponuntur
1344 2476 1380 2549 in
1395 2478 1521 2567 llarte,
1538 2476 1602 2569 qni
1615 2484 1670 2551 est

497 2595 634 2669 calidus
660 2601 697 2671 et
722 2596 851 2690 siccus,
878 2603 915 2671 et
940 2596 1071 2672 coloris
1103 2596 1206 2671 rubei
1239 2598 1334 2672 siout
1364 2596 1480 2693 ignis3
1502 2597 1668 2691 iaculum

498 2722 621 2791 antem
650 2716 797 2814 igneum
826 2722 880 2792 est
906 2715 1029 2792 radius
1053 2717 1180 2814 gloriae
1204 2716 1370 2792 istorum.
1385 2720 1488 2789 -lo
1506 2719 1586 2789 nidi.
1605 2717 1670 2792 liic

498 2836 736 2933 Canoiaguida
762 2837 891 2933 incipit
909 2837 1101 2912 nominare
1116 2836 1231 2913 dictos
1249 2836 1347 2910 viros
1368 2836 1481 2910 lortes
1497 2841 1534 2911 et
1551 2836 1669 2911 lamo-

497 2976 555 3030 sos
578 2956 617 3031 in
643 2956 859 3033 strenuitate
883 2976 1076 3033 armorum
1104 2964 1178 3031 tarn
1214 2964 1358 3031 veteres
1388 2977 1501 3051 quam
1532 2976 1669 3050 novos;

498 3086 535 3152 et
559 3077 678 3172 primo
705 3077 867 3152 nominat
897 3098 1014 3151 unum
1050 3078 1251 3172 principem
1283 3078 1418 3153 veteris
1450 3078 1668 3153 testamenti.

497 3196 551 3271 Ad
574 3197 681 3271 cuius
706 3196 951 3293 cognitionem
978 3203 1034 3271 est
1057 3196 1323 3293 praesciendum
1346 3196 1447 3292 quod
1472 3198 1583 3272 losue
1604 3198 1671 3271 luit

497 3316 572 3391 dux
597 3316 719 3413 populi
741 3316 817 3410 Dei,
839 3325 985 3391 mortuo
1011 3318 1144 3413 Moyse,
1165 3323 1205 3392 ut
1231 3316 1402 3391 scribitur
1428 3317 1522 3391 libro
1547 3318 1670 3412 tosus,

497 3437 560 3531 qui
577 3436 794 3531 conquisivit
806 3436 958 3512 Terram
973 3436 1163 3531 Sanctam;
1176 3436 1224 3511 de
1235 3456 1312 3530 quo
1328 3436 1467 3511 dictum
1486 3444 1542 3511 est
1557 3458 1670 3533 supra

497 3558 532 3630 iu
561 3556 634 3631 alio
663 3556 832 3651 capitulo.
867 3557 931 3631 llic
957 3576 1049 3653 ergo
1075 3557 1142 3630 luit
1169 3556 1387 3632 fortissimus
1413 3563 1482 3632 etc.
1509 3565 1546 3631 et
1570 3578 1671 3632 mor-

499 3685 583 3752 tuus
608 3682 664 3751 est
688 3682 757 3751 ete.
783 3676 836 3750 Ad
863 3676 1007 3753 literam
1040 3695 1132 3773 ergo
1166 3676 1252 3751 dicit
1282 3683 1411 3753 antor:
1448 3683 1490 3751 lo
1519 3680 1590 3751 nidi
1622 3698 1672 3751 retr

497 3802 586 3871 inme
608 3804 715 3873 nuto
736 3818 803 3891 per
828 3801 864 3871 la
895 3816 1007 3888 mooe,
1033 3796 1179 3889 scilicet,
1211 3818 1280 3892 per
1307 3798 1443 3875 lineam
1478 3798 1670 3890 radialem,

497 3920 560 3991 dat
582 3938 711 3991 nomer
734 3914 843 3993 loono*
863 3920 991 3990 nom'ei
1013 3920 1045 3991 ri
1065 3920 1137 4011 seo,
1155 3918 1258 4011 idest,
1275 3920 1398 3993 statim
1422 3940 1510 3994 cum
1530 3919 1668 3995 lactum

499 4038 565 4113 luit
590 4038 678 4113 illud
703 4033 848 4132 lumen3
874 4038 973 4114 unde
997 4037 1101 4112 dicit:
1128 4033 1173 4113 oc*
1196 4042 1245 4111 mi
1266 4042 1306 4132 su
1330 4048 1414 4115 noto
1434 4043 1599 4133 mannii
1613 4041 1672 4115 dir

498 4162 557 4233 cte
579 4162 608 4234 it
627 4164 729 4254 soto,
752 4159 858 4253 quasi
883 4158 998 4233 dicat:
1026 4158 1061 4231 in
1088 4158 1233 4233 instanti
1259 4160 1347 4234 vidit
1372 4161 1500 4235 lumen
1524 4161 1615 4255 lieri,
1633 4168 1671 4236 et

498 4281 664 4376 spiritum
690 4280 829 4355 audivit
865 4278 1057 4373 nominari,
1084 4278 1132 4355 ita
1163 4279 1262 4374 quod
1293 4280 1383 4354 dum
1415 4280 1672 4357 nominaretur
1727 4377 1731 4383 .

498 4401 633 4476 lactum
661 4410 727 4495 est,
745 4408 783 4476 et
808 4401 897 4475 dum
919 4399 1023 4475 lieret
1041 4400 1176 4475 lactum
1196 4406 1253 4475 est
1268 4402 1328 4477 vel
1346 4402 1574 4477 nominatum
1593 4409 1670 4496 est3

496 4520 544 4595 ita
569 4520 669 4615 quod
695 4541 813 4595 unum
839 4539 913 4596 non
939 4519 1006 4594 luit
1026 4519 1127 4614 prins
1144 4521 1273 4615 altero,
1292 4521 1356 4596 sed
1372 4521 1482 4596 simul
1500 4526 1538 4627 et
1555 4523 1670 4597 semel

495 4639 634 4715 audivit
648 4634 686 4733 (¹)
714 4659 849 4715 nomen
875 4645 912 4714 et
939 4638 1026 4714 vidit
1052 4640 1187 4715 lumen.
1206 4642 1251 4714 lit
1269 4648 1354 4716 nota
1372 4642 1471 4735 quod
1489 4642 1584 4717 bene
1600 4641 1671 4715 lin·

495 4760 549 4857 git
573 4768 682 4835 autor
708 4761 807 4855 quod
838 4760 960 4835 statim
992 4780 1078 4835 cum
1107 4760 1320 4835 nominatur
1348 4761 1480 4855 aliquis
1513 4762 1668 4835 istorum

559 5016 589 5079 ll)
605 5017 635 5069 n
649 5018 738 5069 nndlrl
752 5032 858 5082 noman,
874 5024 902 5071 ot
917 5018 969 5072 ridi
985 5018 1085 5071 lumen.
