4842 6642
927 758 980 825 ro
1321 767 1527 824 counnruu
1552 770 1716 824 rnnnnrsr

924 917 1071 990 illorum
1097 920 1310 989 sanctorum
1336 915 1543 1009 doctorum,
1570 934 1655 1010 quae
1681 915 1901 990 movebatur
1922 915 2100 991 velociter

925 1042 962 1112 et
986 1035 1217 1110 circulariter
1241 1034 1288 1110 ad
1316 1035 1466 1109 modum
1495 1037 1614 1129 molar,
1639 1029 1808 1110 contineri)
1824 1058 1848 1109 α
1864 1044 1981 1130 rotor,
2004 1037 2096 1112 idest

925 1157 1035 1252 ooepit
1043 1156 1246 1251 tripudiare
1259 1149 1589 1250 cantando,sltosto
1598 1177 1695 1229 come
1707 1160 1745 1230 lo
1757 1157 2099 1250 deredctmfiummc,

925 1276 1027 1372 idest,
1054 1277 1200 1374 spiritus
1226 1277 1451 1371 benedictus,
1472 1277 1683 1373 splendidus
1707 1285 1745 1352 et
1770 1278 1911 1352 lucidus
1936 1281 2098 1373 Tbomsn,

925 1402 1010 1472 tolse
1026 1401 1170 1473 rotoma
1183 1400 1328 1490 parole,
1341 1398 1488 1493 scilicet,
1502 1399 1609 1472 u'ben
1625 1401 1839 1492 s’impr'nquu
1853 1405 1935 1488 etc,
1947 1423 2014 1494 per
2027 1405 2099 1492 dtr,

925 1519 1030 1613 quasi
1054 1519 1169 1594 dicat:
1196 1527 1390 1615 postquam
1417 1519 1532 1592 linivit
1556 1541 1665 1593 suum
1694 1519 1805 1613 loqui.
1839 1520 1882 1594 Et
1916 1522 2055 1596 subdit:
2081 1545 2100 1596 c

923 1659 996 1712 nnn
1020 1641 1051 1712 si
1075 1641 1169 1713 volte
1187 1643 1310 1734 prima
1335 1647 1421 1714 ntra
1444 1642 1503 1714 nel
1524 1661 1590 1714 suo
1608 1643 1703 1734 piro,
1727 1641 1830 1734 idest,
1847 1647 1887 1716 et
1904 1663 2097 1717 non-com-

922 1753 1033 1852 plevit
1064 1764 1178 1833 totam
1210 1781 1316 1835 suam
1349 1759 1640 1853 circulationem,
1671 1763 1723 1834 olr’
1736 1763 1794 1835 un'
1808 1765 1918 1852 aloc,
1950 1762 2102 1855 scilicet,

921 1899 1069 1974 corona,
1087 1883 1124 1953 to
1140 1883 1254 1954 ciritae
1269 1884 1360 1956 d'au
1377 1883 1526 1974 ceretto,
1546 1880 1645 1956 intra
1659 1900 1712 1974 se,
1737 1885 1876 1972 ccolce,
1902 1882 1995 1956 idest
2020 1884 2098 1958 col·

922 1998 1021 2095 legit,
1051 2019 1070 2072 e
1098 2006 1191 2072 moto
1220 2021 1246 2072 c
1275 2007 1369 2072 moto
1398 2021 1418 2074 e
1446 2006 1604 2102 cantoc
1634 2007 1752 2089 coam,
1782 2000 1874 2076 idest
1902 2009 2099 2096 coeperunt

923 2119 1066 2194 moveri
1090 2129 1129 2196 et
1153 2126 1302 2196 cantare
1327 2120 1532 2196 secundum
1559 2127 1703 2194 motum
1724 2128 1761 2194 et
1778 2128 1929 2195 cantum
1952 2121 2098 2198 anima·

923 2260 1008 2313 rum
1035 2241 1356 2336 proportionaliter
1385 2240 1514 2335 primae
1545 2260 1717 2334 eoronae3
1743 2261 1829 2316 nam
1864 2250 1972 2317 erant
2002 2242 2097 2318 duo-

922 2359 1040 2436 decim
1067 2361 1201 2436 animae
1225 2362 1320 2437 sicut
1345 2362 1548 2458 primae-
1564 2365 1684 2434 t'anto.
1710 2361 1776 2434 llic
1800 2368 1910 2436 autor
1927 2363 2099 2438 describit

923 2481 1025 2555 illum
1057 2488 1208 2556 cantum
1244 2481 1507 2557 commendans
1539 2481 1642 2556 illum
1675 2481 1918 2576 superlative3
1943 2489 1981 2582 et
2012 2484 2099 2559 dicit

922 2603 1021 2698 quod
1046 2602 1156 2677 vincit
1187 2624 1337 2678 omnem
1372 2609 1523 2678 cantum
1556 2609 1723 2678 nostrum
1755 2607 1831 2678 tam
1865 2603 2092 2680 artificialem

921 2745 1033 2819 mnam
1062 2725 1268 2800 naturalem
1295 2731 1642 2818 quantumcumque
1666 2722 1918 2798 dulcissimum
1944 2746 2011 2820 per
2038 2727 2094 2800 in·

921 2843 1063 2920 linitum
1082 2863 1287 2920 excessum.
1303 2844 1421 2918 Vincit
1436 2843 1535 2919 enim
1553 2850 1705 2918 cantum
1724 2865 1916 2918 musarum
1939 2852 1978 2920 et
2001 2847 2096 2920 sire-

921 2985 1066 3038 narum.
1093 2963 1185 3038 Dicit
1210 2983 1321 3059 ergo:
1354 2968 1478 3054 Canto,
1507 2964 1635 3058 supple
1663 2962 1756 3056 dico,
1786 2965 1846 3036 clte
1871 2971 1968 3038 tanto
1999 2969 2097 3040 vince

919 3093 1038 3160 nosue
1062 3105 1170 3176 muse,
1195 3084 1299 3178 idest,
1324 3084 1493 3160 scientias
1517 3085 1689 3180 poeticae,
1715 3104 1800 3177 qnae
1825 3092 1911 3159 sunt
1933 3086 2096 3162 delecta-

920 3205 1114 3300 bilissimae,
1140 3213 1259 3279 nosue
1282 3207 1409 3295 rbere,
1434 3227 1595 3300 quarum
1620 3211 1751 3280 cantus
1779 3213 1866 3279 sunt
1895 3206 2095 3281 delectabi-

919 3325 1054 3419 basino,
1077 3332 1118 3400 ut
1139 3326 1304 3402 habitum
1322 3334 1378 3400 est
1396 3326 1430 3400 in
1457 3325 1688 3421 purgatorio,
1708 3327 1747 3398 in
1766 3327 1874 3416 quelle
1891 3328 1984 3399 dulci
2002 3329 2091 3416 tube,

919 3445 1021 3540 idest,
1043 3446 1194 3522 vocibus
1224 3447 1372 3520 illorum
1402 3446 1609 3539 doctorum,
1635 3445 1699 3539 qui
1725 3451 1799 3519 tam
1825 3446 1899 3520 alte
1924 3447 2102 3540 pulsare·

918 3572 1007 3641 runt
1020 3566 1119 3660 quod
1138 3566 1307 3642 lecerunt
1325 3585 1367 3641 se
1384 3565 1504 3640 audiri
1525 3565 1662 3660 ubique
1680 3565 1860 3640 locorum.
1871 3567 1915 3638 Et
1932 3566 1991 3640 bic
2008 3574 2094 3641 nota

919 3685 1017 3780 quod
1030 3707 1097 3782 per
1110 3687 1180 3761 hoc
1193 3695 1303 3762 autor
1316 3688 1395 3761 vult
1407 3686 1498 3761 dare
1511 3684 1658 3781 intelligi
1674 3685 1773 3779 quod
1782 3685 1830 3757 illi
1841 3685 1956 3760 sancti
1968 3685 2094 3760 docto-

919 3824 978 3880 res
998 3807 1211 3901 speculatim
1227 3801 1263 3898 (¹)
1287 3811 1530 3882 cantaverunt
1551 3805 1694 3879 dulcius
1719 3811 1757 3879 et
1782 3805 2032 3881 delectabilius
2056 3806 2093 3880 in

916 3945 1049 4000 eorum
1079 3926 1192 4002 sacris
1224 3927 1336 4018 libris,
1370 3947 1485 4021 quam
1516 3931 1634 4022 poetae
1663 3925 1727 4019 qui
1758 3931 1835 4000 tam
1866 3925 2023 4001 dulciter
2055 3934 2095 4001 et

915 4045 1175 4122 delectabiliter
1209 4053 1463 4142 cantaverunt,
1494 4046 1592 4140 quod
1623 4051 1822 4120 moverunt
1851 4066 1951 4138 saxa,
1982 4046 2091 4138 feras,

914 4164 1079 4261 arbores,
1105 4166 1200 4242 sicut
1226 4165 1353 4240 lictum
1386 4175 1442 4241 est
1465 4165 1513 4240 de
1536 4166 1693 4260 Orpbeo.
1720 4165 1894 4241 Similiter
1919 4165 2090 4242 vicerunt

914 4284 1066 4380 sirenes,
1093 4307 1178 4381 quae
1211 4286 1374 4384 figurant
1407 4287 1598 4362 illecebras
1635 4292 1674 4362 et
1712 4288 1918 4382 voluptates
1947 4287 2087 4378 mundi,

914 4403 1008 4480 sicut
1035 4406 1244 4502 expositum
1269 4413 1326 4482 est
1361 4406 1398 4481 in
1430 4405 1650 4502 Purgatorio
1675 4406 1858 4501 predicto.
1893 4407 1937 4480 Et
1968 4407 2091 4482 subdit

913 4545 981 4621 por
1005 4527 1318 4623 comparationem
1338 4527 1594 4604 excellentiam
1619 4534 1657 4602 et
1681 4547 1874 4603 excessum
1892 4533 2024 4602 cantus
2040 4527 2085 4601 il·

915 4645 1036 4722 lorum
1063 4647 1270 4740 doctorum,
1295 4648 1431 4743 dicens,
1449 4647 1548 4742 quod
1565 4655 1705 4742 quanto
1722 4647 1864 4743 primus
1887 4647 2012 4724 radius
2027 4668 2089 4722 so·

978 4901 1006 4965 (¹)
1023 4901 1055 4953 E.
1071 4905 1242 4967 speculantes.
