4842 6642
708 857 711 865 -
790 814 859 881 176
1180 823 1386 879 conducunt
1410 826 1579 879 rnnnnrsr

786 971 834 1045 ab
859 967 1112 1061 extraneitate,
1137 988 1161 1042 a
1187 968 1335 1063 vilitate,
1361 974 1398 1043 et
1423 990 1445 1043 a
1471 968 1696 1044 crudelitate.
1717 969 1771 1045 Ad
1788 970 1888 1064 quod
1907 974 1964 1044 est

786 1086 1065 1186 praesciendum,
1086 1088 1185 1183 quod
1203 1089 1261 1163 isti
1278 1095 1460 1165 vocantur
1475 1089 1650 1184 adimari,
1668 1091 1795 1167 etalio
1812 1092 1962 1167 nomine

785 1210 987 1307 cavioctott,
1001 1230 1048 1285 er
1062 1210 1196 1305 quibus
1214 1209 1281 1285 tuit
1298 1232 1398 1285 nnus
1414 1210 1564 1286 nomine
1580 1211 1837 1307 nonninus,
1848 1233 1961 1307 quem

784 1334 919 1408 Dentes
945 1331 1148 1407 offenderat
1175 1338 1343 1427 tempore
1368 1352 1444 1426 qno
1469 1339 1550 1407 erat
1566 1333 1603 1407 in
1621 1339 1730 1409 statu.
1748 1332 1872 1421 Quare
1902 1333 1963 1407 iile

785 1460 865 1549 post
885 1452 1036 1528 exitium
1055 1452 1195 1526 autoris
1213 1451 1422 1547 impetravit
1439 1452 1476 1525 in
1493 1454 1683 1528 communi
1700 1452 1796 1528 bona
1814 1453 1904 1547 eius,
1922 1458 1962 1527 et

785 1594 930 1669 semper
948 1572 1016 1646 tuit
1031 1572 1099 1646 sibi
1117 1572 1280 1667 infestus,
1293 1581 1330 1649 et
1348 1572 1432 1649 totis
1449 1572 1589 1648 viribus
1606 1594 1753 1670 semper
1769 1573 1907 1649 obstitit
1919 1567 1957 1667 (¹)

784 1714 870 1768 cnm
892 1692 1122 1769 consortibus
1147 1700 1185 1769 et
1209 1693 1349 1789 amicis,
1367 1714 1415 1768 ne
1431 1700 1541 1769 anter
1558 1700 1813 1771 reverteretur
1829 1694 1877 1769 ad
1893 1715 1961 1790 pa·

784 1812 905 1887 triam.
922 1813 1045 1901 Quare
1065 1819 1175 1889 autor
1200 1813 1285 1889 iacit
1308 1814 1421 1889 altam
1438 1805 1475 1906 (¹)
1503 1813 1698 1891 vindictam
1720 1836 1807 1890 cnm
1825 1834 1959 1911 penna,

784 1955 896 2029 quam
922 1954 996 2009 non
1021 1934 1138 2029 potuit
1164 1933 1286 2009 iacere
1311 1954 1398 2009 cum
1429 1940 1544 2030 spata.
1577 1934 1683 2009 Nunc
1711 1935 1758 2010 ad
1792 1935 1958 2010 literam:

782 2052 868 2129 dicit
892 2054 1149 2151 Caeciagnida:
1177 2058 1230 2127 La
1252 2055 1412 2146 sonam,
1430 2054 1576 2147 sciticet,
1595 2054 1882 2150 Adimariorum,
1906 2059 1959 2130 ot·
2066 2098 2071 2106 ·

784 2182 971 2266 trecenta,
988 2174 1135 2270 seilicet,
1152 2174 1210 2249 sni
1230 2174 1414 2250 commodi
1431 2180 1470 2250 et
1487 2174 1646 2269 honoris,
1673 2176 1733 2249 cte
1751 2177 1780 2248 ε’
1792 2177 1960 2267 indruca,

783 2296 886 2389 idest,
911 2316 996 2390 quae
1020 2294 1169 2370 desevit
1196 2314 1302 2371 more
1326 2294 1506 2389 draconis,
1524 2297 1637 2369 daero
1653 2316 1679 2367 a
1697 2298 1753 2369 cti
1765 2300 1895 2390 (11qu
1922 2302 1960 2371 et

784 2416 821 2491 in
846 2417 916 2491 hoc
942 2421 1051 2491 autor
1077 2416 1185 2491 tacite
1212 2416 1356 2491 mordet
1379 2415 1574 2511 praefatum
1593 2416 1873 2511 Boccaccinum,
1891 2416 1957 2511 qui

783 2544 864 2611 erat
896 2534 1143 2610 ferocissimus
1174 2543 1302 2611 contra
1334 2534 1453 2632 ipsum
1485 2542 1657 2613 autorem
1692 2537 1881 2612 absentem
1919 2543 1958 2612 et

783 2656 990 2752 expulsum.
1017 2657 1060 2730 Et
1086 2676 1152 2751 per
1176 2656 1402 2753 oppositum:
1418 2660 1452 2731 si
1462 2662 1570 2751 ptura
1586 2679 1683 2733 come
1697 2661 1837 2751 nuncto
1856 2679 1882 2730 a
1900 2661 1956 2731 cti

783 2783 918 2851 mosim
942 2778 971 2851 ii
993 2779 1103 2868 dente,
1129 2776 1232 2871 idest,
1259 2776 1440 2852 resistenti
1460 2784 1499 2851 et
1517 2777 1722 2853 defendenti
1748 2798 1789 2853 se
1816 2784 1955 2873 aperte,

782 2918 805 2968 ο
830 2918 893 2971 var
918 2900 954 2970 tn
979 2898 1100 2989 ὸονεα,
1126 2897 1227 2991 idest,
1245 2898 1304 2973 vet
1329 2896 1363 2972 ei
1389 2898 1453 2991 qui
1478 2897 1634 2973 ostendit
1653 2896 1720 2973 sihi
1737 2898 1954 2993 pecuniam3

784 3017 871 3112 quia
897 3037 964 3113 pro
990 3018 1146 3113 pecunia
1172 3017 1298 3112 recipit
1313 3006 1350 3110 (³)
1378 3016 1446 3091 sibi
1469 3016 1627 3092 verbera
1650 3025 1688 3093 et
1712 3018 1955 3093 verecundiae

783 3158 891 3215 more
911 3138 1176 3234 joculatorum,
1200 3130 1262 3231 yid
1288 3141 1390 3212 venia
1414 3160 1468 3233 su,
1482 3140 1562 3235 jam
1583 3138 1777 3235 incipiebat
1797 3140 1950 3234 dorere3

783 3280 843 3333 me
867 3261 906 3332 di
927 3261 1062 3353 monela
1086 3266 1198 3351 ynete,
1224 3258 1370 3354 scilicet,
1396 3260 1562 3355 populari
1588 3267 1625 3336 et
1649 3260 1819 3336 obscura.
1849 3259 1954 3347 Quod

782 3380 944 3455 declarat
968 3400 1036 3475 per
1063 3399 1178 3454 unum
1211 3380 1371 3477 signum,
1404 3380 1491 3476 quia
1522 3402 1619 3456 unus
1648 3381 1776 3456 nobilis
1805 3380 1852 3456 de
1882 3382 1955 3455 lio·

761 3499 873 3595 ⁴natis
899 3499 1047 3574 nomine
1073 3499 1268 3575 Ubertinus
1293 3500 1448 3576 moleste
1467 3502 1563 3595 tulit,
1583 3502 1682 3597 quod
1700 3522 1808 3577 soror
1829 3501 1957 3577 uxoris

781 3639 858 3695 suae
888 3619 1041 3695 daretur
1069 3620 1132 3694 nni
1163 3619 1209 3695 de
1239 3619 1431 3696 Adimaris.
1465 3620 1568 3697 Unde
1597 3621 1703 3697 dicit:
1733 3614 1764 3695 si
1794 3622 1855 3695 cte
1883 3641 1955 3695 non

776 3746 926 3836 ρίαοᾳιιε
951 3744 1001 3815 ad
1029 3741 1169 3815 Ubertin
1186 3746 1341 3833 Donum,
1361 3741 1478 3817 immo
1504 3742 1610 3817 valde
1633 3742 1825 3838 displicuit,
1853 3744 1914 3815 cita
1929 3743 1956 3813 ’t

780 3882 926 3937 suocm
950 3864 1131 3956 illucesce
1155 3863 1214 3935 tor
1235 3870 1394 3954 perenn
1427 3861 1482 3938 dd
1512 3862 1613 3956 quod
1632 3863 1822 3940 sciendum
1855 3861 1955 3957 quod

780 3982 950 4057 dominus
975 3980 1230 4076 Bellincionus‚
1250 3981 1296 4057 de
1313 4002 1390 4077 quc
1408 3982 1487 4077 jam
1515 4003 1612 4078 saepe
1636 3982 1774 4059 dictum
1802 3988 1868 4077 est,
1886 3980 1955 4056 init

779 4122 885 4179 socer
919 4100 1082 4176 Ubertini
1107 4101 1154 4176 de
1179 4101 1338 4197 donatis,
1374 4102 1437 4196 qni
1469 4101 1580 4177 tiliam
1614 4124 1721 4178 suam
1757 4101 1886 4177 habuit
1916 4100 1953 4175 in

781 4242 954 4317 uxorem3
980 4221 1043 4297 sed
1069 4221 1157 4317 quia
1182 4221 1327 4297 tradidit
1351 4222 1462 4297 aliam
1489 4222 1600 4299 tiliam
1623 4223 1689 4298 uni
1705 4223 1752 4298 de
1772 4222 1952 4298 Adimaris

778 4342 975 4419 Ubertinus
999 4341 1105 4419 valde
1130 4342 1338 4439 indignatus
1363 4342 1443 4438 init,
1469 4343 1557 4438 quia
1584 4344 1779 4440 reputabat
1811 4343 1878 4418 sihi
1906 4343 1954 4417 ad

779 4463 1051 4559 verecundiam,
1078 4464 1176 4559 quod
1201 4471 1299 4540 esset
1315 4463 1433 4539 iactus
1448 4464 1569 4540 affinis
1585 4471 1624 4541 et
1639 4471 1820 4562 cognatus
1843 4465 1955 4541 unius

780 4583 826 4660 de
851 4583 1040 4659 Adimaris.
1055 4624 1105 4639 —
1121 4574 1187 4657 Gid
1212 4605 1287 4658 era.
1314 4584 1380 4659 iiic
1405 4583 1644 4681 Caeciaguida
1677 4585 1762 4660 iacit
1798 4586 1954 4662 mentio·

780 4724 866 4779 nem
880 4704 926 4779 de
940 4704 1056 4779 tribus
1073 4703 1227 4799 ianriiiis,
1245 4724 1330 4799 quae
1341 4705 1422 4801 jam
1440 4712 1609 4801 tempore
1625 4726 1695 4782 suo
1710 4714 1818 4783 erant
1834 4709 1953 4783 hono·

842 4964 870 5026 (n
885 4964 917 5017 n.
932 4964 1032 5017 ondin
1046 4967 1216 5021 murnum.
1356 4963 1387 5032 (¹)
1403 4966 1428 5018 s.
1443 4968 1528 5018 num.
1653 4968 1679 5030 (n
1696 4968 1728 5019 n.
1743 4968 1849 5031 reoepn
