4842 6642
830 851 902 919 482
1222 862 1429 919 compununt
1453 863 1621 918 ranaursr

828 1007 1017 1104 propositi:
1043 972 1261 1083 sicutenim
1289 1028 1373 1104 pars
1398 1007 1585 1083 orientalis
1610 1007 1724 1083 nostri
1754 1007 1837 1082 coeli
1863 1015 1919 1083 est
1944 1029 2005 1082 se·

829 1128 952 1204 renior
977 1132 1014 1203 et
1039 1126 1193 1202 lucidior
1220 1134 1324 1222 parte
1348 1126 1574 1222 occidentali,
1592 1127 1680 1222 quia
1700 1127 1782 1223 plus
1806 1131 1850 1202 et·
1868 1126 2004 1223 princi-

827 1248 943 1345 palius
969 1244 1097 1342 recipit
1122 1246 1170 1322 de
1193 1245 1334 1322 lumine
1353 1246 1437 1322 solis
1456 1246 1644 1340 sensibilis,
1670 1247 1730 1322 cui
1753 1254 1808 1322 est
1827 1246 1998 1341 vicinior3

827 1370 877 1444 ita
902 1389 987 1464 pars
1011 1388 1187 1462 suprema
1211 1366 1295 1442 coeli
1323 1367 1488 1464 empyrei
1505 1367 1569 1441 ubi
1587 1373 1642 1443 est
1659 1365 1772 1442 llaria
1787 1358 1837 1461 (⁴),
1863 1387 2001 1442 aurora

828 1489 967 1584 mnndi,
985 1497 1041 1564 est
1061 1487 1276 1563 luminosior
1301 1495 1339 1563 et
1363 1487 1582 1584 splendidior
1604 1487 1745 1583 reliqua
1771 1495 1887 1584 parte,
1912 1489 2001 1584 quia

828 1613 909 1708 plus
934 1618 971 1685 et
991 1609 1229 1708 principalius
1255 1609 1383 1704 recipit
1403 1609 1450 1684 de
1467 1607 1606 1684 lumine
1623 1609 1708 1684 solis
1724 1610 1852 1684 aeterni
1870 1611 1930 1685 cui
1947 1618 2003 1686 est

829 1733 991 1808 vicinior.
1005 1771 1055 1786 -
1067 1738 1101 1806 lt
1121 1752 1227 1804 come.
1246 1730 1311 1831 llic
1330 1737 1441 1804 autor
1457 1737 1604 1805 ostenso
1629 1750 1695 1825 per
1721 1731 1879 1806 nobilem
1899 1753 2003 1807 oom-

829 1853 1057 1949 parationem
1083 1851 1272 1946 quomodo
1292 1850 1397 1926 sedes
1414 1850 1536 1926 llariae
1561 1857 1662 1926 tenet
1686 1852 1844 1947 gradum
1870 1861 2003 1949 supre-

830 1995 934 2047 mum
961 1974 999 2048 in
1030 1994 1114 2048 rosa
1140 1973 1310 2048 vincente
1341 1970 1482 2047 lumine
1513 1978 1631 2046 totum
1664 1971 1873 2067 residuum3
1899 1993 1998 2048 nunc

829 2094 984 2170 ostendit
1010 2115 1076 2191 per
1100 2093 1210 2169 aliam
1232 2093 1545 2188 comparationem
1568 2092 1795 2188 nobiliorem,
1814 2094 2002 2188 quomodo

829 2215 897 2290 iste
921 2215 1059 2311 gradus
1084 2234 1282 2310 supremus
1308 2213 1345 2288 in
1369 2213 1444 2287 alto
1470 2219 1570 2287 tenet
1601 2211 1763 2288 medium
1790 2213 1885 2288 inter
1909 2213 2003 2289 duas

830 2335 939 2410 iacies
974 2355 1079 2430 rosae,
1112 2335 1150 2408 in
1180 2354 1342 2429 quarum
1376 2353 1451 2408 una
1482 2339 1569 2408 sunt
1593 2332 1690 2408 beati
1716 2333 1849 2410 veteris
1875 2337 2000 2410 Testa-

831 2456 955 2551 menti,
982 2454 1018 2529 in
1043 2456 1160 2532 altera
1185 2455 1282 2531 beati
1307 2454 1391 2529 novi
1408 2445 1456 2546 (²).
1474 2454 1519 2528 Et
1534 2455 1797 2531 sententialiter
1812 2457 1851 2532 in
1867 2455 2002 2532 ellectu

829 2584 938 2651 autor
965 2577 1045 2652 vult
1069 2577 1192 2652 dicere
1210 2575 1317 2682 'qnod
1349 2575 1444 2651 sicut
1476 2595 1559 2671 pars
1592 2576 1711 2652 media
1736 2577 1831 2671 ooeli,
1857 2577 1919 2652 ubi
1945 2584 2002 2652 est

829 2696 1002 2772 continuo
1027 2697 1087 2771 ria
1113 2697 1357 2792 planetarum,
1384 2701 1440 2771 est
1466 2695 1583 2791 magis
1612 2695 1837 2772 inflammata
1862 2696 2003 2773 lumine

829 2817 925 2912 solis,
952 2822 990 2892 et
1015 2823 1137 2913 partes
1162 2815 1403 2910 collaterales,
1429 2815 1523 2890 sicut
1551 2815 1753 2891 meridiana
1778 2825 1816 2891 et
1841 2825 2000 2912 septem-

830 2938 1004 3030 trionalis,
1029 2938 1165 3012 babent
1191 2936 1317 3011 lumen
1351 2932 1537 3011 remissius
1561 2943 1599 3012 et
1632 2937 1807 3032 tepidius3
1834 2937 1926 3012 itaa
1949 2937 2000 3011 si-

828 3059 904 3132 mili
931 3059 1104 3134 catbedra
1130 3047 1318 3151 llariaelb,
1345 3077 1411 3152 per
1435 3056 1542 3132 cuius
1573 3057 1736 3132 medium
1753 3058 1816 3132 's'ol
1845 3057 1995 3154 justitiae

828 3178 912 3253 iacit
937 3179 1034 3252 viam
1065 3198 1185 3273 suam,
1212 3183 1268 3252 est
1293 3171 1472 3252 illustrata
1506 3177 1635 3253 maiori
1666 3177 1807 3254 lumine
1835 3171 1931 3273 s'olis,
1962 3186 2000 3254 et

826 3297 911 3372 duae
938 3297 1046 3373 iacies
1071 3296 1300 3373 collaterales
1317 3317 1412 3371 rosae
1429 3295 1646 3372 deficiebant
1662 3296 1699 3372 in
1715 3298 1919 3394 splendore,
1937 3299 1999 3374 sed

828 3423 936 3493 erant
959 3419 1041 3514 plus
1066 3425 1104 3493 et
1129 3416 1251 3490 minus
1272 3417 1437 3492 lucentes
1454 3417 1658 3491 secundum
1677 3416 1776 3510 quod
1796 3424 1902 3493 erant
1919 3417 2000 3513 plus

828 3546 866 3614 et
891 3538 1013 3613 minus
1039 3537 1167 3612 vicinae
1193 3537 1241 3611 illi
1267 3537 1349 3612 loco
1375 3537 1507 3632 medio,
1526 3537 1588 3611 ubi
1605 3544 1684 3612 crat
1702 3537 1834 3612 llaria:
1856 3558 1949 3633 ergo
1970 3538 1999 3612 si

828 3659 923 3735 bene
947 3659 1107 3734 advertis
1132 3657 1358 3753 comparatio
1376 3677 1450 3732 non
1467 3663 1589 3754 posset
1606 3659 1687 3732 es'se
1713 3657 1828 3753 magis
1852 3657 1998 3752 propria

827 3779 873 3855 ad
898 3779 1159 3854 declarandum
1187 3775 1299 3854 situm
1326 3777 1409 3854 coeli
1440 3777 1615 3874 empyrei.
1642 3779 1747 3853 Nunc
1777 3777 1825 3853 ad
1854 3777 1996 3854 literam

826 3900 1103 3994 descendamus,
1135 3920 1220 3995 quae
1246 3907 1302 3975 est
1333 3900 1384 3974 sic
1414 3899 1658 3975 construenda
1668 3897 1681 3973 ε’
1704 3905 1738 3974 lt
1760 3903 1874 3992 quello
1897 3903 1995 3974 oriu-

824 4024 985 4115 liummu,
1018 4020 1122 4115 idest,
1156 4019 1269 4094 llario
1301 4019 1450 4096 llamma
1481 4019 1574 4116 ignis
1618 4019 1746 4094 aeterni
1784 4028 1821 4096 ct
1867 4041 1994 4114 aurea,

828 4142 931 4236 idest,
957 4141 1129 4237 perlecta,
1153 4143 1316 4235 pacifico,
1341 4161 1425 4235 quae
1452 4140 1535 4215 lecit
1559 4160 1701 4236 pacem,
1719 4139 1766 4216 de
1789 4147 1863 4216 tam
1889 4141 1996 4238 longa

826 4281 965 4359 guerra
990 4261 1086 4336 inter
1111 4262 1231 4336 Deum
1257 4267 1294 4335 et
1319 4259 1518 4354 bominem,
1540 4263 1568 4334 ι’
1581 4263 1757 4334 cumcurm
1782 4264 1840 4335 nel
1862 4281 1997 4352 nrezzo,

827 4382 930 4475 idest,
955 4381 1132 4457 vivaciter
1156 4379 1426 4456 accendebatur
1458 4385 1496 4456 et
1525 4379 1736 4475 splendebat
1762 4380 1871 4455 radiis
1887 4380 1994 4455 divini

827 4501 986 4596 luminis,
1012 4501 1074 4597 qui
1090 4491 1128 4595 (⁴)
1157 4508 1257 4577 recta
1280 4501 1375 4576 linea
1393 4500 1595 4576 transibant
1619 4520 1686 4596 per
1711 4519 1814 4595 eam,
1834 4508 1872 4575 et
1892 4500 1996 4575 dicit:

828 4623 879 4694 σι’
892 4624 1070 4696 allectorio
1087 4625 1124 4696 lu
1136 4625 1298 4714 fiummu,
1326 4620 1430 4714 idest,
1448 4621 1546 4696 lente
1571 4619 1772 4713 emittebat,
1791 4619 1877 4713 quia
1895 4620 1998 4714 paul-

709 4783 712 4791 ·
826 4741 927 4815 latim
946 4741 1204 4816 remittebatur
1218 4748 1254 4817 et
1269 4741 1546 4836 temperabatur
1561 4739 1764 4816 secundum
1779 4739 1879 4836 quod
1895 4739 1997 4814 elon-

887 4932 913 4992 ι’)
930 4929 961 4980 Ε.
978 4930 1061 4993 Virgo
1076 4931 1169 4983 Maria.
1362 4928 1390 4994 ι’)
1406 4931 1437 4980 E.
1455 4932 1515 4982 uorl
1532 4931 1698 4982 Testamentl.
1717 4933 1759 4982 Er.

887 5003 914 5068 ι’)
929 5005 960 5056 Ε.
977 5006 1091 5070 Virginis
1107 5008 1205 5059 Mariae.
1362 5007 1389 5070 ι’)
1404 5008 1435 5058 lt.
1451 5009 1512 5072 qula
1528 5014 1600 5062 recta
1616 5009 1714 5060 lumina
1730 5008 1879 5060 transibant.
