4842 6642
763 872 901 931 causus
926 875 1117 931 vrnnsmus
1140 873 1285 929 snxrus.
1531 858 1602 929 870

431 1019 581 1095 tradunt
606 1018 742 1115 physici
768 1022 899 1095 oculus
925 1020 1034 1095 habet
1059 1020 1201 1096 tunicas
1226 1026 1298 1097 etc.
1324 1021 1367 1095 nt
1394 1021 1500 1097 dicit:
1525 1010 1603 1095 elo

429 1141 611 1233 surpliuto,
636 1140 740 1233 idest,
762 1140 942 1216 excitatus
967 1162 991 1215 a
1016 1160 1159 1235 somno,
1180 1142 1323 1231 odorve,
1342 1140 1445 1235 idest,
1462 1140 1605 1217 abomi-

308 1340 312 1349 ,
431 1268 555 1355 natur,
575 1255 629 1335 oto
653 1263 714 1334 olle
734 1264 830 1351 nem,
851 1267 1000 1357 propter
1018 1260 1175 1335 subitam
1196 1259 1487 1355 evigilationem
1506 1260 1604 1336 unde

429 1380 535 1457 dicit:
562 1384 598 1455 ln
623 1382 735 1455 mutu
760 1384 881 1473 cipitia
900 1374 942 1474 si,
961 1381 1064 1475 idest,
1082 1381 1120 1456 in
1141 1386 1297 1473 tantum,
1315 1376 1481 1472 corsua,
1499 1381 1602 1475 idest,

431 1503 573 1599 ignara,
599 1502 676 1578 sive
702 1502 886 1599 ignorans,
905 1501 992 1597 qnia
1010 1502 1097 1577 nihil
1122 1500 1308 1597 cognoscit
1333 1500 1371 1575 in
1396 1501 1458 1577 illo
1484 1500 1606 1575 subito

433 1631 536 1699 motu
552 1618 605 1718 (¹),
627 1626 679 1716 fin
704 1626 764 1697 cte
789 1625 1017 1698 lmdroutiuu
1033 1626 1097 1697 nol
1118 1644 1293 1697 succurre.
1313 1624 1375 1697 list
1392 1622 1491 1697 enim
1509 1620 1607 1697 exti-

434 1744 571 1821 malive
598 1751 667 1819 etc.
796 1830 801 1845 ¹

513 1866 612 1939 Orode
635 1866 710 1937 md.
737 1864 809 1939 Ista
839 1870 895 1939 eat
926 1864 1032 1939 tertia
1066 1886 1150 1959 pars
1187 1855 1437 1961 generalised),
1459 1863 1498 1937 in
1534 1884 1608 1958 qna

433 1991 545 2059 antor
566 1984 764 2059 introducit
781 1983 896 2059 Adam
914 1984 1075 2079 primum
1098 1993 1303 2080 parentem,
1320 1985 1380 2059 cui
1399 1991 1525 2059 movet
1540 1984 1608 2059 ali·

434 2125 509 2199 qna
525 2104 656 2199 dnbia3
683 2110 720 2179 et
745 2105 865 2199 primo
890 2105 1048 2180 ostendit
1072 2105 1260 2200 quomodo
1282 2104 1525 2201 revigoratus,
1547 2125 1608 2181 re·

433 2230 581 2318 sumpto
611 2223 762 2318 lumine,
789 2224 916 2319 petivit
946 2246 970 2300 a
1003 2226 1171 2300 Beatrlce
1202 2225 1250 2301 de
1273 2245 1343 2300 eo:
1370 2225 1470 2300 unde
1497 2224 1604 2300 dicit:
1630 2207 1634 2214 ⁴

437 2348 536 2421 onae
564 2348 599 2418 io
624 2346 697 2419 vidi
716 2348 793 2437 pul,
818 2345 921 2440 idest,
947 2354 1027 2441 post
1047 2346 1302 2443 purgationem
1324 2346 1456 2419 iactam
1474 2367 1497 2420 a
1514 2345 1608 2419 Bea-

432 2465 535 2557 trice‚
562 2467 639 2555 me',
666 2464 767 2559 idest,
794 2466 925 2541 mellus
950 2473 988 2541 et
1013 2466 1149 2541 clarius
1174 2487 1287 2561 qnam
1314 2466 1483 2541 videbam
1521 2471 1608 2541 ante

431 2588 537 2663 istam
561 2586 880 2662 allucinationem.
906 2586 951 2661 Et
967 2584 1068 2661 dicit:
1095 2607 1114 2658 c
1139 2590 1241 2679 quusi
1255 2592 1451 2681 saepefato,
1471 2586 1607 2662 scilicet

431 2706 674 2783 admiratione
701 2727 807 2781 novae
829 2706 895 2800 rei,
912 2706 998 2801 quia
1017 2715 1303 2801 recuperaverat
1324 2706 1528 2783 acutiorem
1549 2706 1606 2782 vi-

432 2848 529 2922 sum,
564 2825 748 2901 dimundni
771 2830 807 2902 d’
818 2847 865 2901 un
887 2830 1132 2921 quartorum,
1150 2826 1441 2922 scilicetldnm,
1460 2828 1523 2923 qni
1539 2848 1606 2923 ap-

433 2947 558 3043 paruit
583 2955 663 3043 post
688 2947 767 3022 illos
794 2954 868 3023 tres
893 2949 1094 3045 apostolos3
1112 2950 1211 3025 unde
1227 2949 1325 3043 dicit,
1341 2952 1393 3023 ct'
1405 2954 1441 3023 io
1457 2952 1530 3025 vidi
1548 2956 1606 3023 tra

431 3072 505 3161 ool,
535 3066 672 3142 scillcet
696 3076 906 3163 separatum
937 3070 984 3143 ab
1015 3068 1110 3163 aliis;
1136 3074 1291 3143 venerat
1315 3068 1418 3144 ‘enim
1451 3068 1488 3141 in
1516 3088 1605 3142 con-

431 3188 546 3264 sortio
571 3188 753 3263 dictorum
770 3179 807 3281 (³)
834 3190 1097 3284 apostolorum.
1112 3194 1206 3261 -Ε
1228 3193 1266 3262 tu
1291 3193 1373 3263 mio.
1400 3188 1465 3263 llio
1496 3196 1606 3263 autor

430 3308 532 3404 ponit
550 3308 823 3403 responsionem
842 3309 1015 3384 Bealricis
1031 3309 1078 3383 ad
1095 3329 1201 3384 snam
1221 3309 1445 3404 petitionem,
1461 3309 1603 3385 dicens:

343 3484 345 3491 1
430 3432 521 3503 litu
547 3432 619 3503 mia
644 3433 778 3521 donna,
808 3430 948 3526 supple,
980 3430 1182 3525 respondit:
1208 3434 1237 3504 tt
1261 3452 1326 3505 suo
1349 3434 1473 3526 fultor,
1501 3430 1605 3527 idest,

429 3556 576 3625 creatur
611 3551 722 3645 Deus,
749 3554 944 3643 uuplrepptu
978 3554 1135 3625 lanima
1159 3554 1295 3645 pmcne,
1328 3552 1475 3645 scillcet,
1506 3552 1602 3647 Adue,

429 3672 490 3745 cte
523 3673 560 3743 ln
586 3676 706 3763 primo
738 3668 843 3763 circi,
874 3672 1020 3766 scilicet,
1052 3671 1185 3765 divina,
1218 3692 1302 3766 quae
1334 3678 1390 3747 est
1418 3673 1537 3768 prima
1566 3683 1604 3749 et

428 3810 587 3885 summa,
619 3814 758 3867 measse
782 3795 867 3887 mut,
900 3792 986 3887 quia
1016 3793 1134 3888 prima
1164 3792 1289 3867 anima
1318 3814 1432 3886 qnam
1465 3794 1605 3868 creavit

431 3932 595 4006 unquam
625 3914 724 3988 Deus
749 3913 817 3987 luit
841 3913 964 3988 anima
990 3912 1087 3987 ldae.
1113 3914 1156 3986 Et
1181 3912 1283 3987 dicit:
1303 3916 1429 3987 deutro
1453 3916 1502 3987 du
1527 3918 1605 4006 puri
1655 3906 1660 3914 ’

428 4034 501 4123 rai,
528 4032 630 4127 idest,
648 4035 744 4109 intra
771 4034 891 4109 radios
911 4034 1005 4108 illius
1022 4022 1144 4128 quarti
1163 4032 1330 4127 luminis3
1351 4034 1411 4108 vel
1430 4042 1605 4111 construe

429 4172 674 4229 econverso:
709 4158 747 4228 lu
777 4158 899 4248 mmo
931 4157 1065 4246 antron,
1097 4154 1243 4248 scilicet,
1277 4153 1375 4248 lldae‚
1408 4157 1605 4247 ouptepptu

427 4276 542 4347 itsuo
569 4277 682 4367 [uuor
714 4280 796 4370 etc,
831 4282 867 4350 et
901 4275 994 4349 torte
1028 4274 1363 4350 melius-dome.
1397 4274 1464 4349 llic
1494 4280 1605 4350 autor

429 4392 585 4467 ostendit
622 4416 727 4477 snam
747 4413 750 4421 '
769 4394 1039 4491 dispositionem
1072 4394 1118 4469 ad
1152 4392 1379 4488 loquendum
1418 4394 1506 4468 tdae
1537 4414 1605 4489 per

432 4533 545 4587 unum
573 4516 883 4609 comparationem
911 4514 1117 4610 propriam;
1143 4519 1181 4588 et
1205 4512 1368 4588 breviter
1393 4511 1604 4608 dicitquod

429 4634 514 4709 iecit
539 4620 634 4709 sicut
658 4634 775 4732 virge,
793 4656 876 4729 quae
894 4636 1005 4710 llanle
1022 4641 1132 4709 vento
1149 4634 1366 4709 incurvatur
1386 4633 1433 4709 ad
1450 4640 1603 4735 terram,

428 4760 467 4831 et
490 4754 550 4829 illo
577 4762 742 4831 cessante
767 4756 859 4830 redit
885 4774 1054 4829 sursum:
1080 4755 1129 4829 ita
1155 4754 1233 4849 ipso
1260 4754 1434 4847 loquente
1454 4753 1602 4829 Beatrix

491 4937 519 5002 (¹)
535 4938 561 4989 S.
577 4954 592 4989 o
610 4938 640 4989 E.
657 4947 748 4991 motu:
765 4946 792 4990 ct
809 4940 859 4989 hoc
876 4938 946 5000 lacit,
962 4938 1008 5003 fin.

491 5013 519 5079 (¹)
536 5014 567 5067 R.
583 5017 710 5079 gencralls
726 5018 803 5068 lrnlns
818 5015 934 5081 capltnll,
950 5018 977 5067 ln
992 5030 1052 5081 qna.
1191 5014 1218 5080 (¹)
1234 5016 1266 5069 B.
1281 5016 1404 5068 ntlumm
