4842 6642
806 833 877 903 312
1194 848 1400 905 coumvruu
1424 849 1589 904 rnnnnrsr

805 1002 912 1070 vocat
936 996 1099 1071 areolam
1126 1000 1275 1090 propter
1295 995 1375 1070 eius
1392 993 1610 1090 parvitatem
1628 997 1666 1068 et
1682 991 1901 1088 angustiam,
1918 989 1974 1066 di·

804 1135 909 1190 cens:
928 1118 1104 1206 L’aiuola,
1117 1114 1222 1208 idest,
1237 1115 1373 1208 areola,
1392 1133 1504 1209 parva
1522 1133 1623 1208 area,
1636 1117 1750 1210 parv'a
1767 1111 1897 1207 platea,
1914 1113 1974 1186 ele

803 1238 899 1330 cisa
923 1241 1019 1308 tunm
1041 1237 1167 1329 seron,
1191 1233 1296 1328 idest,
1328 1241 1402 1308 tam
1433 1234 1623 1330 superbos,
1648 1239 1734 1308 trata
1759 1233 1804 1306 m'
1817 1252 1974 1324 appareo

804 1357 863 1429 do'
875 1356 955 1428 colli
978 1357 1047 1427 alle
1067 1356 1151 1449 soei,
1181 1353 1284 1448 idest,
1302 1374 1324 1428 a
1352 1353 1538 1430 montibus
1555 1353 1602 1430 ad
1623 1351 1751 1446 maria,
1772 1351 1861 1426 milri
1880 1349 1974 1445 dico,

716 1490 724 1504 ·
805 1477 1035 1566 volpendomi,
1061 1473 1163 1570 idest,
1190 1475 1253 1570 qui
1279 1475 1473 1551 volvebam
1489 1466 1526 1568 (⁴)
1559 1495 1645 1550 cum
1676 1474 1780 1570 signo
1808 1471 1975 1568 gemino·

806 1616 902 1688 rum,
916 1593 979 1689 qui
997 1593 1205 1691 ligurantur
1223 1595 1259 1670 in
1278 1596 1396 1672 forma
1410 1596 1570 1671 duorum
1585 1595 1829 1692 gemellorum
1843 1593 1972 1668 eodem

805 1722 912 1812 partu
940 1721 1125 1810 natorum,
1151 1715 1297 1812 scilicet,
1324 1715 1482 1792 Castoris
1507 1723 1545 1792 et
1570 1714 1737 1810 Pollucis,
1762 1722 1805 1790 ut
1829 1713 1973 1810 exposi-

807 1842 885 1909 tum
912 1841 968 1911 est
995 1835 1032 1908 in
1066 1835 1296 1933 Purgatorio.
1335 1837 1379 1910 Et
1411 1835 1547 1912 claudit
1582 1835 1797 1931 capitulum,
1826 1832 1971 1909 dicens:

802 1958 928 2047 poscio
950 1958 1074 2030 rivom
1097 1959 1148 2048 pli
1171 1959 1279 2049 oceli,
1305 1958 1451 2053 scilicet,
1483 1957 1757 2050 intellectuales,
1782 1958 1856 2047 apli
1879 1957 1975 2029 oceli

806 2075 897 2170 belli,
935 2076 1081 2171 scilicet,
1107 2077 1294 2172 Beatricis,
1328 2098 1413 2173 quae
1446 2077 1615 2174 superius
1646 2082 1800 2153 vocatur
1827 2075 1972 2150 Beatrlx

806 2215 829 2268 a
855 2196 991 2290 pulcris
1022 2195 1149 2291 oeulis,
1176 2203 1217 2270 ut
1248 2197 1357 2274 sciret
1382 2197 1470 2293 quid
1500 2202 1596 2274 esset
1626 2195 1823 2294 agendum.
1848 2195 1894 2270 Et
1917 2193 1975 2270 hic

807 2321 896 2390 nota
931 2317 1031 2410 quod
1067 2323 1177 2393 autor
1210 2318 1336 2413 pulcre
1369 2317 1472 2415 lingit
1505 2317 1604 2413 quod
1638 2313 1923 2392 consideraverit
1936 2304 1975 2406 (¹)

807 2435 875 2510 ista
900 2435 1085 2532 inferiora,
1103 2444 1145 2510 ut
1164 2437 1300 2512 clarius
1316 2436 1443 2514 videre
1463 2444 1584 2534 posset
1600 2435 1803 2532 superiora.
1820 2434 1975 2508 Multum

810 2555 908 2630 enim
936 2557 1077 2631 confert
1102 2558 1359 2653 contemplanti
1381 2557 1542 2634 coelestia
1566 2555 1809 2649 considerare,
1831 2554 1889 2629 vel
1916 2572 1976 2628 re-
2018 2545 2021 2548 ’

807 2675 956 2751 tleetere
980 2676 1101 2751 visum
1118 2677 1165 2753 ad
1183 2676 1357 2752 vilitatem
1378 2677 1607 2770 interiorum,
1628 2695 1711 2771 que
1728 2665 1764 2768 (³)
1788 2681 1875 2748 tunc
1892 2693 1972 2748 ma·

808 2795 864 2894 gis
888 2795 955 2872 sibi
981 2798 1170 2893 vilescunt,
1197 2805 1235 2874 et
1259 2797 1448 2894 superiora
1474 2798 1636 2896 gratiora
1663 2796 1756 2871 flunt
1780 2801 1849 2872 etc.

868 3055 896 3118 (¹)
912 3057 944 3108 B.
960 3057 1090 3110 volvebar.
1216 3059 1243 3122 (¹)
1260 3059 1285 3110 S.
1302 3060 1482 3113 consideravit
1607 3059 1634 3124 (⁸)
1651 3061 1683 3113 li.
1698 3059 1768 3125 quin.
