4842 6642
910 757 956 821 16
1296 766 1500 822 cousuruu
1525 768 1692 822 ranantsr

905 909 1003 1006 quod
1022 911 1173 984 Massilia
1194 915 1231 985 et
1248 911 1373 1008 Bugea
1396 932 1436 986 se
1453 933 1499 988 eu
1525 912 1690 1007 opposito
1717 912 1923 1006 respiciunt,
1939 917 2071 1002 Rupta,

905 1051 989 1125 quae
1014 1036 1069 1105 est
1094 1031 1221 1106 civitas
1247 1032 1284 1105 in
1310 1032 1415 1107 litore
1440 1033 1612 1124 africano,
1630 1055 1649 1102 e
1670 1034 1706 1105 la
1731 1039 1831 1104 terra
1854 1035 1983 1105 ond'io
2005 1035 2072 1125 sui,

905 1151 1008 1244 idest,
1033 1150 1197 1246 Massilia,
1224 1153 1331 1226 cuius
1363 1173 1434 1250 ego
1464 1152 1516 1226 lui
1547 1152 1645 1246 civis,
1679 1155 1903 1244 modoquest
1932 1155 1982 1226 ad
2005 1173 2075 1224 mto

905 1291 1029 1346 occaso
1064 1279 1096 1344 et
1131 1274 1181 1345 ad
1218 1293 1264 1346 un
1300 1281 1408 1367 orto;
1435 1274 1516 1347 'boc
1552 1273 1647 1366 dicit,
1680 1273 1766 1367 quia
1799 1273 1935 1347 babent
1969 1273 2072 1366 quasi

906 1393 1078 1468 eumdem
1106 1393 1365 1489 meridianum3
1392 1394 1495 1488 quasi
1517 1393 1623 1487 dicat,
1641 1393 1740 1486 quod
1758 1393 1910 1467 Massilia
1929 1399 2071 1466 tantum

905 1513 1011 1588 distat
1035 1536 1056 1588 a
1083 1515 1228 1588 levante
1252 1520 1288 1587 et
1313 1521 1481 1608 ponente,
1508 1519 1687 1608 quantum
1707 1514 1833 1610 Bugea
1851 1535 1935 1608 quae
1956 1519 2012 1586 est
2035 1512 2071 1584 in

905 1633 1009 1708 litore
1037 1633 1202 1708 adverso.
1238 1635 1281 1706 Et
1318 1635 1461 1708 subdit:
1493 1636 1565 1724 cte,
1600 1632 1701 1727 idest,
1727 1655 1812 1727 quae
1846 1640 1945 1708 terra
1974 1653 2071 1725 mea,

899 1757 946 1846 [ε’
953 1745 1013 1845 yid
1029 1756 1132 1827 coldo
1150 1756 1294 1846 oporto
1310 1757 1441 1827 deleam
1452 1775 1594 1845 scopae.
1617 1753 1671 1828 dd
1691 1755 1790 1848 quod
1811 1762 1867 1829 est
1884 1753 2070 1827 sciendum

903 1874 1013 1968 quod,
1031 1873 1124 1950 sicut
1149 1873 1273 1946 scribit
1297 1873 1491 1948 Suetonius
1517 1875 1634 1947 maior
1651 1873 1696 1947 de
1714 1874 1808 1947 bello
1826 1874 1932 1966 civili,
1951 1874 2072 1948 caesar

904 1995 1028 2091 lugeto
1045 1994 1218 2087 Pompeio
1236 1999 1272 2067 et
1289 2001 1420 2067 senatu
1438 2015 1484 2091 en
1504 1994 1618 2086 ltalia,
1639 1994 1838 2087 composita
1857 1994 1961 2086 urbe,
1979 1993 2071 2066 dum

903 2119 1152 2189 reverteretur
1169 2113 1205 2185 in
1224 2113 1430 2208 Hispaniam
1450 2120 1576 2188 contra
1598 2113 1737 2208 legatos
1754 2112 1915 2208 Pompeii
1937 2112 2088 2186 iaciensw

903 2235 1094 2309 transitum
1129 2254 1198 2329 per
1228 2233 1380 2340 Galliam
1416 2235 1582 2329 pervenit
1607 2234 1823 2328 Massiliam3
1857 2233 1916 2307 cui
1944 2234 2071 2306 massi-

903 2355 1032 2430 lienses
1066 2355 1278 2429 clauserunt
1312 2361 1453 2449 portas:
1481 2355 1578 2447 quod
1614 2354 1735 2428 Cesar
1770 2355 1922 2428 moleste
1951 2354 2071 2427 serens

903 2477 1016 2570 ipsam
1043 2475 1228 2550 obsidione
1245 2475 1367 2568 cinxit,
1388 2475 1535 2547 dimisso
1560 2475 1676 2547 Bruto
1700 2474 1749 2547 ibi
1766 2475 1887 2571 legato
1905 2495 1984 2567 suo,
2005 2473 2068 2568 qui

902 2604 1095 2692 superatus
1123 2597 1285 2670 interra
1311 2596 1392 2670 iecit
1419 2597 1556 2668 bellum
1583 2597 1714 2670 navale
1743 2596 1779 2668 in
1815 2595 1919 2668 mari.
1947 2595 2071 2669 Massi-

901 2717 1031 2792 lienses
1055 2717 1139 2790 elati
1165 2717 1284 2810 prima
1312 2716 1461 2790 victoria
1486 2717 1670 2812 congressi
1697 2722 1783 2788 sunt
1800 2737 1925 2791 secum
1945 2723 1982 2791 et
2000 2717 2069 2788 mi-

900 2826 1102 2911 serabiliter
1118 2829 1153 2927 (¹)
1168 2836 1322 2910 condicti
1337 2843 1432 2909 sunt:
1449 2842 1489 2908 ut
1501 2827 1538 2927 (²)
1555 2836 1678 2910 scribit
1690 2836 1859 2910 Lucanus
1873 2837 1909 2909 in
1923 2842 2067 2930 quarto.
2116 2826 2119 2833 ’

900 2957 944 3031 Et
968 2958 1026 3030 bic
1053 2965 1137 3032 nota
1163 2957 1262 3050 quod
1286 2965 1396 3032 autor
1420 2966 1573 3031 conatus
1591 2964 1645 3031 est
1663 2958 1784 3032 lacere
1804 2958 1981 3055 insignem
2003 2958 2069 3032 de-

900 3077 1130 3172 scriptionem
1145 3078 1256 3150 huius
1268 3077 1421 3152 civitatis
1434 3078 1598 3151 Massiliae
1612 3085 1685 3152 tam
1706 3080 1847 3153 ratione
1860 3079 1941 3172 loci,
1955 3099 2066 3172 quam

902 3196 1042 3272 ratione
1067 3197 1281 3270 incolarum.
1308 3198 1424 3272 Habet
1440 3198 1538 3271 enirn
1557 3199 1636 3272 baec
1652 3199 1779 3273 civitas
1804 3199 2066 3294 pulcerrimum

899 3322 936 3390 et
962 3317 1184 3390 tutissimum
1211 3325 1371 3412 portum,
1397 3318 1466 3390 luit
1489 3337 1636 3412 semper
1661 3318 1859 3413 liberrima,
1880 3315 2069 3393 etbabuit

899 3436 1053 3532 optimas
1068 3438 1166 3533 leges
1181 3444 1218 3511 et
1231 3438 1524 3532 consuetudines,
1537 3438 1630 3512 sicut
1648 3444 1747 3532 patet
1763 3439 1859 3532 apud
1869 3438 2068 3527 Valerium,

899 3556 1053 3648 Livium,
1072 3558 1327 3652 Pomponium,
1345 3557 1527 3630 lustinum
1546 3566 1582 3632 et
1599 3560 1689 3632 alios
1715 3559 1911 3652 plurimos;
1929 3567 1966 3631 et
1987 3559 2069 3632 lue-

900 3684 986 3749 runt
1011 3677 1120 3773 graeci
1149 3686 1218 3752 etc.
1234 3683 1409 3752 —Folco
1437 3678 1501 3752 llic
1521 3679 1639 3752 dictus
1665 3679 1811 3774 spiritus
1831 3679 2002 3752 describit
2028 3699 2068 3751 se

897 3818 919 3869 a
947 3796 1094 3871 nomine
1120 3799 1266 3892 proprio
1292 3805 1328 3872 et
1353 3819 1374 3871 a
1404 3798 1567 3871 moribus
1593 3800 1677 3872 suis.
1706 3799 1757 3873 dd
1783 3799 1889 3873 cuius
1918 3799 2066 3873 eviden-

897 3917 985 3990 tiam
1012 3924 1067 3990 est
1092 3919 1370 4012 praesciendum,
1396 3918 1494 4013 quod
1521 3919 1654 3993 Fulcus
1678 3920 1746 3994 iste
1781 3919 1849 3993 luit
1883 3919 1977 3992 tilius
2006 3919 2067 3994 ΑΙ-

897 4038 1024 4132 pbonsi
1038 4038 1261 4131 MercatoriS,
1275 4039 1338 4133 qui
1353 4038 1513 4113 moriens
1525 4040 1660 4113 dimisit
1676 4062 1764 4114 eum
1782 4041 1929 4114 divitem
1948 4039 2065 4114 valde.

897 4160 976 4255 lpse
1000 4160 1098 4233 dedit
1123 4180 1274 4254 operam
1305 4159 1419 4234 valori
1450 4161 1613 4234 bumano
1642 4168 1678 4236 et
1709 4161 1816 4234 iamae
1847 4161 2065 4234 mundanae:

897 4288 1075 4375 sequutus
1101 4287 1155 4354 est
1181 4281 1319 4354 nobiles
1346 4281 1466 4354 viros:
1493 4280 1634 4354 dicebat
1651 4281 1779 4376 pulcre
1798 4288 1836 4356 et
1853 4282 2008 4356 iacunde
2027 4281 2065 4354 in

897 4400 1087 4494 rhytbm03
1112 4399 1180 4472 luit
1206 4401 1313 4474 valde
1337 4407 1509 4495 acceptus
1541 4407 1579 4475 et
1610 4401 1812 4476 honoratus
1836 4422 1859 4476 a
1883 4401 2064 4475 Richardo

898 4538 986 4614 rege
1011 4519 1160 4614 Angliae,
1186 4540 1208 4593 a
1234 4519 1421 4616 Raynaldo
1451 4519 1585 4594 comite
1610 4520 1787 4594 Tolosano
1822 4526 1858 4594 et
1890 4541 1912 4595 a
1946 4521 2063 4594 Barali

896 4640 942 4713 de
968 4638 1131 4732 Massilia,
1158 4640 1194 4711 in
1220 4641 1326 4714 cuius
1358 4640 1467 4714 Curia
1502 4640 1801 4714 conversabatur.
1830 4641 1905 4715 Nec
1937 4641 2063 4732 miror,

900 4809 970 4816 ...2—
984 4809 1202 4814 ffl--a—
1221 4809 1335 4816 ——u-

958 4903 985 4964 (¹)
1003 4907 1027 4962 t,
1042 4901 1203 4952 mirabiliter.
1455 4899 1482 4964 (¹)
1500 4901 1530 4951 E.
1548 4907 1578 4952 ut
1594 4901 1694 4965 plenius
1710 4871 1806 4951 scribit.
