4842 6642
771 876 909 931 CANTUS
935 878 1124 933 vluusffltts
1148 876 1279 933 uoltus.
1539 868 1609 933 427

441 1022 472 1095 v
498 1021 755 1119 physicorum:
781 1027 818 1096 et
844 1022 954 1097 etiam
988 1022 1091 1117 quies
1120 1028 1222 1097 notat
1248 1028 1403 1117 tempus,
1431 1022 1512 1097 ideo
1538 1043 1612 1096 uon

437 1142 553 1239 jacuit
578 1149 737 1237 torpens,
764 1143 862 1237 quia,
887 1150 928 1217 ut
952 1142 1090 1217 dictum
1112 1148 1178 1236 est,
1201 1164 1274 1217 non
1299 1142 1337 1216 in
1363 1150 1529 1239 tempore
1548 1144 1612 1220 sed

441 1262 479 1336 in
504 1283 571 1336 sua
597 1264 800 1339 aeternitate
825 1262 910 1339 lecit
929 1264 1072 1357 omnia3
1093 1264 1190 1339 unde
1205 1263 1254 1337 ab
1270 1271 1411 1338 aeterno
1431 1265 1613 1342 habuerat

443 1382 479 1456 in
507 1392 630 1459 mente
655 1404 722 1457 sua
750 1384 928 1457 mundum
956 1385 1218 1479 exemplarem,
1237 1404 1349 1477 quem
1374 1391 1499 1479 postea
1525 1405 1613 1479 pro·

443 1502 547 1578 duxit
571 1503 608 1576 in
633 1510 771 1597 actum,
788 1512 825 1578 et
843 1510 930 1577 tunc
956 1503 1076 1598 primo
1101 1503 1185 1578 lecit
1210 1510 1375 1599 tempus3
1401 1524 1487 1577 nam
1510 1505 1551 1599 si,
1571 1511 1613 1580 ut

442 1622 581 1697 dictum
608 1630 674 1715 est,
700 1628 845 1718 tempus
877 1630 932 1698 est
963 1643 1137 1698 mensura
1164 1630 1298 1718 mutus,
1324 1630 1361 1699 et
1388 1631 1509 1699 motus
1538 1646 1612 1699 non

444 1750 671 1838 potestesse
704 1742 782 1818 siue
812 1764 980 1838 corpore,
1012 1750 1052 1820 ut
1084 1744 1255 1818 scribitur
1279 1744 1324 1819 lV
1350 1744 1612 1841 Physioorum;

445 1884 534 1962 ergo
559 1870 645 1939 ante
670 1885 804 1960 corpus
830 1872 996 1939 creatum
1016 1872 1096 1939 erat
1113 1864 1334 1958 impossibile
1351 1884 1433 1941 esse
1455 1873 1611 1961 tempus.

445 2024 494 2039 -
512 1989 655 2057 Formo.
697 1984 762 2059 Hic
795 1984 943 2059 Beatrix
983 1984 1176 2079 respondet
1211 1984 1383 2059 secunde
1420 1986 1612 2080 quaestioni

447 2125 558 2199 quarn
585 2112 694 2179 autor
720 2105 885 2179 facturus
910 2110 1001 2197 erat,
1028 2104 1174 2197 scilicet,
1192 2112 1318 2177 utrum
1341 2106 1479 2180 creatio
1505 2106 1616 2181 luerit

447 2224 666 2317 in'instanti,
684 2246 731 2300 an
753 2246 818 2321 per
843 2224 1110 2300 successionem
1139 2227 1325 2321 temporis.
1350 2227 1405 2301 Ad
1431 2228 1529 2321 quud
1556 2249 1616 2303 re-

446 2344 598 2441 spondet
622 2344 766 2419 Beotrix
793 2345 893 2438 quod
918 2345 986 2419 luit
1011 2345 1048 2419 in
1074 2345 1219 2421 instanti
1240 2346 1431 2441 productio
1450 2348 1614 2423 materioe

327 2544 329 2549 ,
447 2471 484 2541 et
509 2465 649 2539 lormae.
675 2464 778 2540 Unde
801 2465 906 2540 dicit:
924 2469 1072 2555 Formo,
1090 2486 1174 2559 quae
1200 2467 1263 2541 dat
1288 2485 1368 2541 esse
1386 2466 1452 2560 rei,
1469 2475 1507 2543 et
1526 2488 1617 2543 con·

447 2591 571 2661 seruat
595 2604 676 2660 eam
704 2585 742 2659 in
767 2605 859 2680 esse,
881 2609 900 2660 c
925 2590 1086 2680 mmmm,
1115 2607 1162 2660 ex
1188 2608 1262 2681 qua
1287 2607 1374 2661 cum
1399 2588 1471 2663 ulio
1493 2586 1533 2661 fit
1549 2586 1617 2662 ali·

448 2705 547 2799 quid,
573 2704 719 2799 scilicet,
737 2725 824 2780 cum
850 2706 981 2801 lorma,
999 2710 1192 2798 coccinata,
1211 2706 1357 2800 scilicet,
1381 2707 1420 2781 in
1445 2708 1617 2782 substan·
1654 2747 1656 2750 v

447 2825 506 2900 tiis
540 2826 760 2921 compositis,
792 2835 977 2921 cpurctte,
1012 2828 1158 2919 scilicet,
1195 2827 1231 2901 iu
1262 2828 1498 2923 simplicibus,
1523 2830 1614 2905 idest

448 2946 602 3020 materia
620 2966 687 3042 per
700 2968 751 3041 se,
765 2948 823 3022 vel
841 2947 960 3021 lurma
973 2968 1039 3042 per
1055 2968 1106 3040 se,
1120 2949 1180 3021 cltc
1199 2968 1270 3020 non
1287 2968 1377 3020 oceo
1390 2952 1493 3044 sollu,
1511 2950 1614 3044 idest,

448 3066 617 3161 perlectae
635 3066 714 3141 sine
730 3065 888 3160 delectu,
905 3071 1021 3141 uscire
1037 3070 1087 3141 ud
1101 3090 1228 3159 essere,
1247 3068 1395 3161 scilicet,
1412 3069 1522 3143 simul
1539 3070 1618 3146 sine

449 3187 696 3263 successione:
715 3193 752 3263 et
768 3188 924 3263 ostendit
940 3189 1125 3282 quomodo
1139 3210 1204 3283 per
1217 3188 1348 3283 simile,
1360 3189 1502 3265 dicens:
1519 3212 1619 3265 cume

449 3314 502 3381 tre
529 3315 647 3399 suella,
674 3309 811 3404 supple,
838 3313 975 3383 exeunt
1000 3308 1121 3401 simul,
1150 3312 1185 3382 d'
1198 3329 1285 3381 orco
1315 3311 1481 3400 tricorde,
1513 3309 1616 3404 idest,
1654 3400 1659 3409 Δ

449 3429 496 3503 nb
522 3448 610 3503 arcu
639 3428 784 3504 habenti
811 3435 886 3503 tres
911 3428 1081 3503 chordas:
1100 3450 1185 3503 nam
1204 3429 1493 3503 substantiarum
1512 3451 1619 3524 quae·

450 3548 533 3624 dam
569 3554 655 3623 sunt
683 3548 812 3623 lormae
849 3548 1040 3643 simplices,
1075 3549 1244 3644 quaedam
1261 3542 1298 3642 (¹)
1328 3550 1540 3645 composite
1570 3570 1616 3625 ex

452 3669 605 3745 materia
630 3675 668 3744 et
693 3669 822 3744 lormn.
849 3669 954 3757 Quod
970 3677 1095 3745 autem
1117 3669 1184 3745 ista
1203 3670 1395 3765 productio
1411 3669 1522 3745 luerit
1539 3671 1617 3746 sine

451 3789 680 3865 successione
705 3796 815 3885 patet,
832 3790 917 3884 quia
937 3790 1118 3865 successio
1144 3798 1199 3865 est
1226 3795 1349 3864 motus
1374 3790 1421 3865 de
1444 3810 1522 3864 unu
1542 3796 1621 3865 ter-

452 3910 553 3985 mino
586 3910 632 3984 ad
666 3910 793 4003 aliurn,
816 3910 910 3985 sicut
940 3917 1039 4006 patet
1072 3910 1109 3984 in
1142 3910 1392 4006 generatione,
1427 3930 1511 4005 quoe
1538 3930 1620 3985 mo-

451 4036 561 4105 vetur
585 4029 631 4104 de
656 4030 736 4104 luco
761 4051 784 4105 a
809 4050 895 4124 quo,
922 4036 959 4105 et
984 4029 1082 4105 vadit
1106 4032 1151 4105 ad
1181 4031 1381 4106 terminum
1407 4030 1456 4106 ad
1480 4050 1617 4124 quem3

451 4149 589 4225 creatio
615 4171 688 4225 non
713 4150 825 4225 habet
850 4150 1049 4226 terminum
1074 4172 1096 4223 a
1122 4171 1210 4244 quo,
1236 4151 1322 4245 quia
1348 4172 1370 4225 a
1396 4152 1510 4245 nullo,
1527 4171 1641 4248 ergo⁴

453 4289 526 4344 non
556 4277 674 4366 potest
704 4291 785 4346 esse
813 4277 948 4365 motus,
974 4292 1042 4345 nec
1070 4292 1137 4365 per
1165 4291 1394 4365 consequens
1423 4270 1616 4346 successio.

452 4429 501 4443 -
515 4396 548 4464 E
569 4413 674 4465 conca
693 4392 758 4469 llic
777 4390 924 4467 Beatrix
941 4391 1096 4467 ostendit
1114 4391 1383 4487 possibilitatem
1404 4392 1513 4466 hunius
1533 4413 1620 4488 pro·

451 4508 631 4585 ductionis
658 4511 894 4586 instantaneae
920 4532 986 4607 per
1003 4532 1116 4587 unam
1134 4512 1447 4607 comparationem
1467 4519 1621 4586 natura-

453 4628 526 4705 lem
562 4638 599 4705 et
632 4632 782 4727 claram,
813 4652 897 4726 quae
927 4632 1087 4707 breviter
1119 4638 1190 4706 stat
1220 4632 1256 4706 in
1287 4633 1374 4725 lruc;
1399 4630 1498 4725 quod
1527 4632 1622 4707 siout

455 4750 578 4825 radius
603 4752 687 4826 solis
707 4752 858 4827 veniens
883 4752 928 4827 ad
954 4753 1023 4829 tria
1045 4772 1199 4847 corpora
1222 4752 1413 4850 dyaplroua
1433 4751 1555 4827 subito
1579 4754 1624 4827 il-

518 4995 545 5059 (¹)
562 4998 593 5048 E.
609 4998 727 5063 quedem
744 5000 858 5050 materie
873 4998 1011 5062 simplices,
1027 4998 1144 5063 quedam
1161 5000 1321 5063 composito.
