4842 6642
748 812 887 868 caurus
911 815 1127 872 rurensurus
1150 818 1293 872 narnus.
1536 803 1606 907 479

432 965 568 1054 gnetnr
581 980 669 1035 eum
683 960 767 1034 licet
783 959 1022 1057 immeritum,
1036 963 1155 1058 gratia
1168 985 1236 1038 sua
1253 963 1274 1008 *
1281 963 1427 1060 juvare,
1443 971 1483 1038 ut
1497 962 1607 1059 possit

431 1076 508 1152 suis
531 1078 851 1155 intercessionibus
869 1081 915 1155 ad
933 1081 1004 1157 hoc
1023 1083 1184 1158 tribunal
1202 1083 1418 1180 attingere*
1433 1077 1491 1179 (¹);
1508 1106 1604 1179 quo-

434 1198 531 1272 niam
550 1197 618 1274 iste
631 1200 841 1274 Bernardus
858 1200 925 1275 luit
942 1201 1038 1278 inter
1055 1210 1210 1278 caeteros
1228 1203 1485 1279 devotissimus
1503 1204 1606 1279 istius

431 1319 724 1394 clementissimae
736 1321 904 1396 domiuae.
916 1313 1004 1415 Etr)
1021 1323 1117 1398 bene
1130 1323 1233 1420 tingit
1243 1323 1362 1419 ipsum
1374 1325 1605 1400 Bernardum

433 1439 585 1514 missum
611 1441 658 1515 ad
683 1461 724 1516 se
748 1441 917 1536 precibus
942 1443 1126 1538 Beatricis,
1153 1453 1233 1519 tum
1265 1444 1350 1538 quia
1385 1443 1466 1530 luit¹
1488 1444 1606 1520 horrus

432 1561 560 1636 doctor
578 1562 781 1659 theologiae,
796 1561 878 1637 ideo
898 1584 1009 1639 verns
1027 1564 1201 1638 alumnus
1219 1564 1408 1659 Beatricis3
1424 1572 1504 1639 tum
1520 1567 1607 1662 quia

433 1681 500 1755 luit
533 1682 694 1770 maxime
723 1684 1040 1779 contemplativus,
1066 1692 1104 1760 et
1136 1685 1284 1760 Beatrirr
1317 1685 1419 1760 sedet
1452 1687 1488 1760 in
1520 1687 1608 1780 sede

432 1801 754 1898 contemplationis.
780 1803 835 1877 nd
861 1803 1004 1879 literam
1020 1795 1056 1897 (Β)
1088 1804 1174 1880 dicit
1204 1811 1316 1878 antor
1348 1793 1479 1900 primo,
1506 1808 1606 1910 quod

431 1922 641 1998 Bernartius
666 1924 845 2019 persuasit
862 1924 937 1999 sibi
963 1925 1289 2000 considerationem
1319 1945 1423 2020 rosae,
1450 1928 1606 2022 promit-

391 2044 394 2048 ’
431 2048 513 2117 tens
537 2042 605 2117 sibi
632 2043 795 2119 savorem
822 2045 945 2118 llariae
960 2032 1008 2137 (⁴).
1036 2045 1218 2120 construe
1239 2044 1310 2120 sic:
1336 2048 1370 2118 ll
1383 2055 1487 2120 sunto
1507 2053 1607 2141 Seue,

431 2163 566 2238 scilicet
604 2164 822 2239 venerabilis
853 2165 1075 2260 Romanius,
1105 2167 1208 2259 disse,
1241 2168 1336 2259 oola,
1364 2165 1469 2261 idest,
1504 2170 1606 2244 velo-

430 2283 522 2358 citer
545 2305 724 2379 percurre
749 2291 787 2360 et
813 2287 963 2382 respice,
988 2308 1056 2360 cou
1079 2289 1131 2378 pli
1154 2288 1262 2377 occdi,
1291 2286 1438 2382 scilicet,
1463 2288 1606 2364 intelle·

430 2404 714 2499 ctuulibus,⁴quo
728 2405 815 2479 nihil
833 2413 888 2482 est
902 2406 1075 2500 velocius,
1085 2428 1153 2499 per
1169 2415 1288 2499 questo
1305 2410 1486 2500 piurdiuo,
1502 2409 1606 2504 idest,

431 2525 569 2598 coelnm
594 2545 828 2622 empyreum,
845 2527 882 2600 in
900 2547 975 2620 quo
993 2534 1078 2601 sunt
1098 2527 1225 2601 inliniti
1242 2528 1351 2604 tiores
1372 2528 1606 2604 diversorum

359 2695 363 2701 ι
431 2645 597 2719 colorum
625 2653 663 2720 et
687 2645 857 2741 odorum,
883 2654 922 2722 et
945 2647 983 2720 in
1009 2668 1085 2742 quo
1110 2655 1196 2722 sunt
1228 2655 1281 2722 tot
1309 2669 1397 2724 aves
1428 2651 1605 2725 amoenis-

432 2764 535 2838 simae
560 2772 762 2861 cantantes,
787 2774 829 2840 nt
854 2773 951 2862 patet
972 2767 1051 2862 Jam
1078 2789 1124 2842 ex
1151 2768 1264 2843 dictis.
1283 2769 1327 2842 lit
1358 2770 1520 2867 assignat
1546 2793 1607 2858 ra-

432 2885 568 2961 tionem
595 2887 653 2960 sui
677 2887 826 2983 consilii,
852 2887 986 2983 dicens,
1004 2885 1066 2963 cod
1084 2892 1188 2964 ceder
1204 2894 1265 2984 lui,
1293 2890 1397 2984 idest,
1415 2891 1501 2986 quia
1519 2911 1607 2980 con-

432 3005 602 3081 sideratio
627 3006 730 3081 istius
761 3007 932 3103 viridarii,
970 3011 994 3082 t'
1006 2999 1198 3084 oeconomi
1231 3014 1266 3109 lo
1300 3013 1471 3104 spaurde,
1503 3011 1607 3104 idest,

433 3126 632 3201 habilitabit
657 3133 695 3202 et
719 3132 829 3203 acuet
852 3133 957 3201 tuam
984 3129 1285 3225 speculationem,
1310 3133 1349 3204 nt
1374 3138 1515 3206 moutur
1531 3126 1608 3226 piri,

431 3245 533 3340 idest,
558 3244 678 3340 altius,
699 3268 767 3340 per
792 3250 827 3321 lo
850 3252 981 3340 ruppio
1005 3250 1136 3341 dicim,
1161 3249 1265 3345 idest,
1288 3272 1355 3347 per
1381 3251 1526 3325 radium
1547 3252 1609 3326 lu-

431 3365 493 3460 cis,
519 3366 582 3460 qui
608 3366 793 3442 descendit
822 3389 845 3442 a
878 3375 1014 3464 puncto
1047 3369 1254 3466 divinitatis,
1280 3393 1348 3466 per
1372 3372 1479 3447 cuius
1515 3371 1607 3446 radii

432 3485 567 3560 scalam
594 3493 630 3560 te
654 3493 800 3581 oportet
823 3488 1022 3563 ascendere
1043 3489 1090 3564 ad
1115 3489 1217 3564 illum
1247 3491 1424 3566 ultimum
1445 3491 1607 3588 gradum

432 3604 574 3679 deitatis
589 3597 638 3697 (⁵).
664 3607 707 3679 Ει
733 3606 848 3703 tangit
872 3607 1046 3681 ultimum
1072 3608 1183 3685 linem
1204 3630 1283 3684 snae
1300 3610 1533 3705 ascensionis,
1552 3608 1607 3685 di·

432 3746 537 3800 ceus:
563 3717 660 3798 aaut)
686 3728 746 3799 otc
771 3734 805 3800 tu
830 3731 997 3801 ussommi
1017 3732 1320 3824 perfettameuteil
1341 3738 1398 3805 tuo
1416 3734 1607 3823 ceramico,

433 3827 538 3940 quasi
561 3845 668 3940 dicat,
694 3851 737 3919 ut
761 3846 913 3921 feliciter
938 3847 1104 3943 perficias
1134 3856 1171 3925 et
1203 3850 1306 3925 tinias
1339 3852 1491 3947 longum
1524 3851 1607 3946 iter,

433 3965 536 4058 idest,
561 3965 766 4039 discursum
792 3971 831 4042 et
854 3987 1067 4062 processum
1093 3976 1169 4043 tuae
1193 3971 1461 4065 speculationis,
1488 3978 1526 4046 et
1556 3971 1608 4047 sic

433 4086 617 4181 compleas
641 4091 749 4160 tuum
776 4107 869 4182 opus
898 4093 952 4163 tot
984 4088 1113 4185 vigiliis
1139 4090 1382 4165 elaboratum.
1409 4092 1454 4166 Et
1487 4091 1609 4167 subdit

434 4206 648 4300 promittens
679 4207 714 4281 ei
744 4206 910 4283 lavorem
942 4209 1076 4303 llariae,
1100 4209 1245 4285 dicens:
1280 4233 1300 4284 e
1332 4214 1369 4286 to
1400 4216 1527 4304 repiua
1553 4216 1610 4288 del

433 4329 531 4418 ciclo,
547 4331 629 4401 ouri
641 4331 677 4401 io
693 4331 787 4402 urdo
807 4335 891 4403 tutto
916 4331 951 4403 d'
964 4350 1081 4423 umor,
1104 4351 1147 4404 uc
1160 4321 1250 4426 sard
1267 4335 1351 4424 opat
1370 4337 1514 4428 prosim
1535 4334 1607 4410 sci-

433 4446 528 4542 licet,
554 4470 667 4545 quam
693 4449 915 4545 peterimus3
941 4456 978 4524 et
1003 4471 1090 4526 ecce
1122 4471 1259 4545 quare:
1281 4456 1488 4545 perocco’u
1519 4476 1608 4528 sono

432 4569 461 4640 il
482 4588 546 4642 suo
567 4572 652 4662 fidel
679 4573 878 4662 Buuordo,
899 4569 962 4665 qui
985 4576 1126 4644 tantum
1151 4570 1203 4644 ini
1230 4592 1321 4646 suus
1337 4563 1373 4664 (⁶)
1397 4573 1553 4648 devotus
1570 4574 1608 4649 in

497 4804 526 4867 (¹)
541 4805 578 4855 Le
594 4778 684 4867 parole
700 4804 741 4854 ira
756 4806 765 4855 l
781 4805 833 4855 dna
849 4803 983 4853 aueriselri
998 4815 1045 4852 son
1061 4802 1173 4865 mpptru
1189 4803 1232 4854 dal
1247 4802 1340 4855 Codice
1357 4805 1473 4856 Estense.

498 4881 527 4944 (¹)
543 4882 573 4931 li.
589 4880 651 4932 ideo
668 4881 743 4932 bone.
806 4879 833 4942 ι’)
850 4881 881 4930 Ε
898 4879 940 4930 Ad
958 4879 1061 4930 literam
1077 4892 1141 4944 crgo
1157 4880 1228 4932 dicit.
1291 4880 1318 4945 (⁸)
1335 4882 1366 4932 E.
1384 4883 1494 4948 Virginis
1511 4885 1608 4936 illaria.

498 4960 527 5022 t')
543 4959 569 5010 S.
585 4959 733 5009 divinitatis.
805 4958 833 5021 (⁸)
849 4959 879 5010 ll.
897 4957 935 5009 sul
950 4956 1019 5008 dlius
1035 4958 1151 5009 devotus.
