4842 6642
761 834 899 890 caurus
924 835 1115 891 vinusruus
1140 835 1323 892 serriuus.
1555 822 1627 895 395

454 982 507 1055 sol
533 988 590 1057 est
616 982 652 1055 in
678 981 905 1078 capricorno,
928 982 1022 1057 sicut
1047 1004 1069 1057 a
1097 980 1293 1057 medietate
1318 982 1454 1059 mensis
1478 984 1628 1059 decern·

454 1101 528 1177 bris
564 1122 684 1197 usque
718 1102 764 1177 ad
800 1102 1034 1177 medietatem
1067 1103 1202 1177 mensis
1226 1104 1396 1199 januarii,
1421 1104 1624 1181 secundum

454 1223 601 1320 vulgus.
630 1224 673 1297 llt
699 1223 756 1297 liic
782 1230 867 1297 nuta
892 1224 1002 1319 qnod·
1017 1223 1242 1319 comparatio
1267 1223 1334 1299 ista
1353 1231 1410 1299 est
1429 1226 1516 1300 satis
1542 1247 1628 1323 pro-

453 1343 532 1439 priu
557 1343 604 1417 ad
630 1343 910 1437 exprimendum
937 1364 1132 1419 ascensum
1159 1343 1329 1438 istorum,
1345 1344 1433 1438 quia
1450 1344 1545 1420 sicut
1562 1366 1628 1421 va·

454 1484 561 1561 peres
587 1464 657 1538 albi
684 1470 722 1539 et
747 1465 846 1539 leves
872 1462 1097 1539 descendunt
1123 1462 1297 1537 deorsum
1323 1465 1421 1539 lente
1454 1472 1491 1541 et
1520 1467 1628 1560 plane

454 1584 491 1657 in
517 1584 751 1659 multitudine
781 1584 948 1679 copiosa;
983 1583 1032 1658 ita
1068 1583 1125 1656 isti
1161 1583 1309 1678 spiritus
1344 1584 1440 1678 puri·
1458 1591 1495 1659 et
1528 1586 1629 1661 leves

454 1704 700 1779 ascendebant
724 1725 874 1778 sursum
910 1705 1063 1777 honeste
1088 1709 1125 1777 et
1153 1702 1316 1777 modeste
1348 1703 1385 1777 in
1415 1704 1524 1780 turba
1556 1727 1628 1779 nu-

455 1844 669 1899 merosa-
682 1830 732 1899 Lo
751 1828 834 1898 viso.
854 1825 918 1899 llic
934 1830 1044 1899 autor
1062 1824 1220 1898 ostendit
1239 1823 1426 1918 quomodo
1446 1831 1629 1917 sequutus

454 1945 521 2020 luit
546 1946 624 2021 illos
650 1966 735 2021 cum
763 1946 870 2020 oculo
897 1964 1092 2039 usquequo
1118 1943 1287 2019 distantia
1314 1943 1436 2018 localis
1469 1945 1628 2022 removit

454 2087 518 2143 eos
543 2068 591 2141 ab
616 2067 697 2141 eius
721 2073 937 2161 conspectu3
960 2065 1057 2139 unde
1082 2066 1186 2139 dicit:
1215 2070 1265 2137 Lo
1290 2068 1364 2139 viso
1390 2069 1460 2139 mio
1484 2069 1627 2157 senoina

452 2190 467 2262 i
497 2191 575 2262 suoi
606 2188 799 2280 semdiunti,
836 2186 938 2280 idest,
969 2191 1074 2260 actus
1106 2186 1253 2259 illorum
1292 2184 1563 2279 recedentium3
1589 2193 1629 2261 et

453 2308 555 2383 dicit:
583 2330 601 2381 e
624 2310 757 2399 aeonio,
772 2303 885 2401 nioeld
900 2309 925 2379 ’1
949 2327 1084 2395 mezzo,
1105 2306 1253 2400 scilicet,
1271 2307 1443 2401 spatium,
1467 2310 1519 2398 oli
1543 2311 1628 2381 tone

452 2431 481 2502 il
507 2437 694 2522 depascar
720 2432 778 2501 del
795 2424 859 2521 piri
885 2430 1018 2519 aconti,
1047 2426 1150 2521 idest,
1175 2426 1324 2501 abstulit
1349 2427 1414 2521 ipsi
1433 2426 1524 2501 risui
1545 2448 1629 2502 meo

453 2570 560 2645 posse
590 2549 746 2624 transire
772 2548 927 2624 ulterius
952 2547 1140 2642 sequendo
1164 2568 1240 2641 eos,
1253 2569 1321 2640 per
1338 2551 1373 2621 lo
1390 2552 1508 2638 molto,
1525 2547 1628 2642 idest,

453 2676 605 2767 propter
640 2689 813 2765 magnam
844 2668 1124 2743 distantiam-
1142 2672 1250 2742 Orode.
1278 2668 1343 2742 llic
1367 2674 1477 2743 autor
1507 2676 1630 2743 oslen-

453 2790 505 2865 dit
531 2790 716 2884 quomodo
741 2790 885 2865 Beatrix
913 2789 1134 2886 persuaserit
1150 2788 1217 2863 sibi
1236 2795 1277 2862 ut
1295 2789 1499 2863 reflecteret
1516 2810 1626 2863 suum

454 2911 574 2985 visum
611 2909 798 3003 deorsum,
818 2909 971 3005 dicens:
1003 2913 1101 2985 Onde
1130 2914 1166 2983 lo
1199 2911 1333 3000 donno,
1359 2908 1505 3002 scilicet,
1531 2908 1625 2983 Bea-

454 3030 538 3123 trix‚
563 3034 622 3103 cle
647 3034 696 3104 mi
726 3034 803 3105 vide
834 3032 977 3105 arnolto
1009 3032 1087 3103 delt'
1100 3032 1277 3105 attendere
1301 3032 1338 3103 in
1362 3050 1417 3119 su,
1443 3029 1530 3123 quia
1559 3029 1629 3103 sci-

452 3150 538 3226 licet
563 3151 662 3225 visus
689 3172 795 3226 meus
821 3172 894 3225 non
924 3156 1068 3247 poterat
1096 3151 1253 3246 amplius
1285 3149 1411 3225 videre
1441 3150 1520 3223 illos
1548 3156 1630 3226 len·

452 3270 580 3346 dentes
606 3292 766 3365 sursum,
797 3276 939 3345 tantum
972 3279 1076 3345 erant
1109 3271 1252 3365 remoti,
1288 3274 1336 3344 mi
1363 3273 1473 3345 doses
1508 3274 1629 3345 adimo

450 3394 478 3466 tl
505 3395 593 3483 viso,
619 3392 721 3486 idest,
748 3392 879 3467 inclina
906 3392 1092 3485 deorsum,
1119 3393 1206 3487 quia
1232 3392 1316 3466 satis
1335 3392 1521 3487 respexisti
1542 3414 1626 3467 sur-

452 3533 547 3605 sum,
573 3534 591 3585 e
614 3514 759 3605 uuordo
790 3533 886 3585 conte
911 3520 946 3585 lu
972 3516 1018 3585 se’
1038 3516 1142 3604 nolte,
1168 3512 1255 3605 quia
1281 3513 1418 3586 coelum
1449 3512 1627 3587 continuo

452 3632 621 3707 volvitur.
636 3672 685 3687 -
699 3634 793 3705 Dolt
806 3652 886 3704 oro.
906 3630 971 3704 llic
988 3638 1097 3705 antor
1116 3630 1273 3705 ostendit
1290 3630 1477 3725 quomodo
1498 3630 1629 3706 viderit

451 3772 492 3827 se
517 3752 729 3828 revolutum
756 3772 841 3827 cum
869 3750 975 3843 coelo,
1000 3749 1140 3825 dicens:
1167 3755 1208 3823 lo
1235 3753 1306 3823 cidi
1338 3770 1453 3824 mosso
1479 3771 1533 3823 me
1559 3773 1627 3844 per

451 3879 534 3946 tillo
559 3875 695 3964 lurco,
720 3871 823 3965 idest,
850 3876 1022 3965 quartam
1050 3876 1190 3965 partem
1210 3869 1358 3963 circuli3
1377 3877 1415 3945 et
1431 3870 1534 3945 dicit:
1552 3872 1626 3964 cle,

451 3991 554 4086 idest,
581 4013 692 4085 quem
719 4011 864 4083 arcum,
886 3995 928 4085 su
953 3992 980 4063 il
1000 3993 1118 4084 nmmo
1138 3991 1242 4063 clima
1268 3991 1332 4063 dal
1351 4010 1473 4064 mezzo
1490 3993 1530 4063 ol
1541 3993 1626 4083 fine,

449 4111 552 4207 idest,
578 4133 600 4186 a
628 4110 780 4186 meridie
807 4130 925 4204 usque
950 4110 997 4185 ad
1022 4110 1264 4204 occidentem,
1290 4109 1341 4183 ita
1366 4110 1466 4205 quod
1483 4112 1626 4205 elapse-
1677 4185 1680 4191 .

451 4239 535 4308 rant
558 4253 624 4307 sen
649 4233 750 4306 horae
774 4231 856 4325 diei,
882 4234 966 4305 dall
980 4252 1048 4305 oro
1073 4233 1171 4305 cl'io
1196 4252 1286 4305 oneo
1310 4233 1502 4324 numano,
1529 4231 1627 4305 scili-

449 4360 518 4447 cet,
550 4353 736 4445 deorsum,
763 4354 896 4445 nmmo,
922 4351 1068 4445 scilicet,
1094 4372 1180 4426 cum
1212 4351 1374 4446 primum
1400 4350 1452 4425 lui
1483 4351 1520 4424 in
1548 4352 1625 4446 ipsa

449 4494 556 4571 spera
574 4479 716 4565 octava,
733 4478 770 4547 et
788 4471 939 4567 respexi.
957 4472 1075 4566 prima
1102 4472 1181 4547 vice
1201 4473 1240 4545 in
1256 4472 1361 4567 signo
1377 4471 1626 4568 geminorum,

451 4595 546 4671 sicut
580 4600 635 4668 est
672 4593 847 4688 scripturn
887 4613 999 4687 supra
1036 4592 1197 4688 capitulo
1229 4594 1327 4668 xxii
1364 4592 1475 4667 huius
1513 4593 1628 4668 Para·

449 4716 528 4809 disi‚
556 4714 617 4789 ubi
644 4712 755 4789 dixit:
782 4715 838 4787 col
868 4716 941 4787 or'so
965 4716 1119 4787 ritornoi
1144 4718 1213 4788 etc.
1240 4713 1284 4787 Et
1315 4713 1374 4787 hio
1407 4718 1492 4787 nota
1524 4712 1624 4806 quod

451 4834 624 4932 astrologi
650 4834 877 4931 distinguunt
901 4840 1040 4930 septem
1068 4832 1214 4909 climata
1240 4840 1309 4910 etc.
1336 4835 1381 4908 Et
1410 4840 1496 4907 nota
1526 4831 1626 4926 quod

451 4963 561 5034 autor
587 4976 659 5029 oon
685 4958 764 5030 uult
784 4955 883 5031 aliud
904 4954 1026 5029 dicere
1047 4954 1310 5029 sententialiter
1330 4954 1367 5028 in
1387 4951 1534 5048 ellectu,
1557 4951 1626 5026 nisi
