4842 6642
757 895 897 951 murus
920 895 1112 950 meminus
1136 894 1315 961 ounnrus.
1551 880 1621 948 337

452 1047 581 1138 potest,
609 1060 676 1116 nec
709 1039 889 1115 reducere
921 1040 968 1115 ad
1003 1041 1221 1114 memoriam
1256 1039 1335 1114 eius
1366 1037 1618 1114 suavissimam

450 1161 692 1255 dulcedinem,
718 1179 803 1256 quae
820 1161 915 1235 nihil
948 1163 1154 1236 humanum
1190 1161 1394 1236 resonabat.
1427 1160 1472 1233 Et
1502 1157 1622 1232 subdit

451 1303 632 1360 excusans
656 1301 698 1356 se
721 1303 744 1357 a
769 1281 1011 1376 descriptione
1028 1282 1137 1358 huius
1153 1281 1414 1377 inexplicabilis
1442 1279 1621 1374 melodiae,

447 1395 538 1499 perd
562 1407 599 1476 lu
618 1423 740 1497 pennu
764 1405 870 1496 sollu,
898 1402 1000 1498 idest,
1026 1403 1129 1477 stilus
1153 1402 1308 1477 transilit
1341 1409 1379 1478 et
1410 1402 1624 1495 transvolat,

451 1543 567 1598 enon
592 1525 627 1596 lo
650 1525 781 1616 solvo,
809 1522 996 1616 quianon
1026 1543 1195 1618 possum:
1228 1531 1266 1598 et
1295 1522 1412 1599 reddit
1442 1523 1621 1596 rationem

451 1663 531 1720 suae
555 1641 777 1737 impotentiae
803 1661 869 1737 per
893 1643 1092 1735 quamdam
1113 1644 1365 1738 metaphoram
1389 1649 1573 1737 sumptam
1600 1663 1622 1716 a

452 1766 604 1862 pictore,
628 1763 764 1856 dicens,
795 1762 895 1856 quod
925 1762 1138 1860 imaginatio
1168 1774 1292 1841 nostra
1330 1785 1402 1838 non
1433 1769 1489 1839 est
1519 1763 1625 1837 suili-

452 1885 553 1961 ciens
577 1884 623 1958 ad
648 1885 719 1958 hoc
738 1883 874 1958 nedum
892 1883 1070 1979 loquutio.
1088 1884 1191 1959 Unde
1209 1884 1314 1959 dicit:
1336 1880 1398 1959 cdd
1413 1885 1625 1976 limnptnur

452 2013 587 2097 nostro,
602 2004 704 2098 idest,
722 2002 934 2100 imaginatio
951 2006 1127 2098 humana,
1143 2025 1217 2078 non
1232 2007 1292 2078 cte
1303 2007 1329 2078 ’t
1340 2008 1506 2098 portare,
1519 2002 1626 2097 idest,

455 2125 590 2202 nedum
616 2124 795 2219 loquutio‚
821 2121 963 2198 deolor
987 2133 1112 2219 troppo
1129 2128 1222 2216 otoo,
1248 2124 1350 2220 idest,
1377 2125 1461 2201 iacit
1487 2123 1545 2200 vel
1571 2127 1627 2199 est

453 2254 644 2341 tamquam
665 2246 766 2320 color
787 2245 894 2320 valde
910 2245 1081 2342 fulgidus,
1101 2247 1165 2342 qui
1185 2245 1291 2341 quasi
1310 2252 1472 2322 cxcaecat
1497 2247 1625 2321 oculos

413 2441 417 2448 ,
452 2365 638 2459 intuentis,
664 2385 688 2438 o
712 2367 806 2440 cotos·
823 2369 960 2459 popae,
993 2365 1096 2460 idest,
1128 2365 1379 2441 inclinationes
1413 2366 1470 2441 vel
1502 2387 1624 2462 rugas.

454 2487 556 2563 Unde
581 2493 666 2561 nota
691 2486 791 2581 quod
816 2487 932 2582 pictor
958 2486 1106 2580 quando
1125 2486 1205 2560 vult
1225 2493 1492 2581 repraesentare
1511 2485 1627 2581 plica·

454 2613 558 2682 turas
582 2606 739 2682 vestium
765 2606 802 2680 in
828 2606 950 2701 aliqua
976 2605 1108 2702 ligura,
1135 2605 1252 2679 utitur
1277 2605 1402 2681 colore
1423 2627 1496 2680 non
1518 2606 1625 2701 nivo;

455 2727 550 2802 sicut
574 2745 665 2823 ergo
693 2727 809 2821 pictor
841 2745 916 2800 non
944 2731 1062 2821 potest
1094 2725 1258 2821 tigurare
1284 2724 1536 2820 replicationes
1561 2747 1626 2802 ve-

454 2845 565 2920 stium
592 2846 717 2920 colore
741 2845 837 2940 vivo,
863 2844 913 2920 ita
945 2865 1013 2920 nec
1043 2847 1152 2920 autor
1182 2845 1442 2943 imaginatione
1471 2866 1538 2921 sua
1571 2846 1626 2920 vi-

456 2967 536 3041 vaci
565 2987 638 3040 non
665 2971 789 3061 potest
820 2973 1088 3062 representare
1117 2986 1184 3041 nec
1216 2965 1399 3062 explicare
1428 2966 1625 3043 melodiam

453 3093 492 3162 et
508 3087 739 3161 harmoniam
757 3085 853 3161 illius
869 3093 1010 3161 cantus.
1025 3087 1069 3161 Et
1083 3094 1169 3161 nota
1181 3087 1293 3162 etiarn
1309 3087 1408 3182 quod
1422 3093 1477 3162 est
1489 3087 1627 3183 optima

452 3206 650 3282 similitudo
682 3206 730 3282 de
763 3207 903 3302 pictore
936 3206 982 3282 ad
1019 3213 1179 3304 poetam,
1214 3207 1300 3303 quia
1328 3214 1487 3303 uterque
1517 3207 1627 3284 habet

453 3333 720 3424 representare
753 3348 834 3404 rem
869 3327 1101 3424 schilpunc,
1133 3333 1173 3401 ut
1204 3328 1290 3403 alibi
1320 3327 1459 3403 dictum
1493 3335 1558 3404 est.
1578 3369 1627 3384 -

457 3445 625 3523 Os'untu.
651 3446 716 3522 llic
740 3454 852 3523 autor
869 3448 969 3543 ponit
984 3447 1188 3523 orationem
1210 3448 1308 3524 Petri
1333 3447 1625 3554 ad'Beatricem5

453 3571 517 3665 qui
541 3568 703 3644 breviter
734 3567 820 3643 dicit
844 3587 885 3642 se
910 3567 1103 3643 recessisse
1133 3589 1156 3642 a
1186 3567 1341 3664 collegio
1373 3569 1623 3664 apostolorum

453 3696 491 3767 et
514 3688 708 3765 accessisse
724 3688 771 3762 ad
787 3707 883 3781 earn,
901 3688 978 3764 visa
998 3689 1079 3764 eius
1094 3687 1288 3764 affcctione
1308 3689 1504 3784 immensa3
1528 3688 1626 3766 unde

453 3809 557 3886 dicit:
588 3813 618 3884 0
642 3815 748 3882 sunto
770 3829 881 3882 soora
906 3810 991 3900 mio,
1012 3814 1049 3882 et
1070 3808 1203 3884 merito
1220 3815 1327 3883 vocat
1344 3828 1428 3884 eam
1446 3829 1625 3904 sororem,

455 3915 542 4025 quia
559 3949 604 4006 er
623 3929 753 4004 mem
767 3935 872 4024 patre
885 3929 962 4004 ileo
979 3929 1091 4026 geniti
1109 3929 1240 4004 Petrus
1253 3934 1290 4004 et
1306 3911 1411 4005 sacra
1425 3930 1625 4026 Scriptura,

453 4053 515 4124 cltc
525 4043 555 4124 sl
566 4053 742 4124 damtune
750 4051 893 4143 propte,
904 4049 1003 4144 quia,
1015 4055 1058 4124 ut
1064 4049 1143 4146 jam
1154 4050 1384 4145 premissum
1400 4058 1466 4145 est,
1476 4051 1623 4126 Beatrir

456 4172 598 4270 rogarit
613 4169 820 4246 sodalitium
837 4170 1087 4265 apostolorum
1105 4191 1217 4266 supra
1233 4171 1366 4248 devote
1384 4180 1422 4247 et
1442 4173 1627 4269 generali·

454 4301 522 4389 ter,
540 4293 638 4389 quod
651 4288 689 4386 (¹)
705 4299 873 4368 rorarent
889 4297 1060 4368 autorem
1076 4313 1175 4387 aqua
1188 4292 1246 4366 sui
1263 4292 1382 4368 sontis.
1402 4293 1503 4368 Unde
1519 4291 1624 4368 dicit:

454 4423 490 4489 tu
514 4415 563 4488 nsi
586 4415 746 4506 coepte,
773 4411 877 4506 idest,
902 4431 1050 4507 separes
1074 4417 1112 4487 et
1137 4431 1319 4506 remove,
1340 4413 1389 4485 du
1405 4413 1626 4504 molletello

453 4554 573 4629 spero,
606 4532 709 4626 idest,
742 4553 766 4607 a
799 4531 939 4606 circulo
973 4531 1323 4628 fulgentissimorum
1360 4531 1626 4628 apostolorum,

454 4675 617 4750 quorum
642 4673 749 4750 spera
780 4655 879 4729 nulla
912 4659 968 4728 est
1000 4653 1161 4748 pulcrior
1194 4673 1263 4728 nec
1296 4653 1489 4750 gloriosior
1527 4653 1625 4730 inter

456 4795 581 4873 speras
605 4774 811 4849 beatorum.
833 4774 992 4870 Dignum
1012 4773 1111 4849 enim
1128 4781 1166 4850 ct
1177 4774 1320 4869 justum
1339 4773 1509 4869 estquod
1526 4773 1626 4850 sicut

518 4960 548 5026 (¹)
563 4959 594 5011 B.
617 4961 689 5025 quod
710 4959 815 5025 rogatui
836 4973 894 5021 sno,
917 4960 1016 5012 sdltoet
1040 4965 1071 5012 ut
1094 4966 1216 5012 rorarent
1240 4965 1360 5012 sutorum
1387 4974 1454 5024 aqua
1476 4961 1516 5012 sul
1539 4961 1626 5023 tontis,

453 5038 658 5104 scomma
672 5035 747 5086 Unde
762 5035 833 5086 dicit.

589 5143 665 5190 ἲ..
1467 5143 1495 5186 8
