4842 6642
823 854 894 919 410
1214 864 1418 919 counitum
1442 864 1610 918 Panaotsl

819 1017 1065 1103 quantopere
1096 1029 1268 1101 oppresso
1300 1012 1373 1101 olo,
1405 1009 1553 1103 scilicet,
1587 1029 1684 1083 unns
1717 1008 1889 1103 circulus,
1923 1008 1994 1084 sci-

821 1130 915 1225 licet,
943 1132 1040 1224 halo,
1071 1134 1193 1221 cinon
1218 1134 1254 1204 to
1281 1132 1366 1221 lnce,
1392 1130 1495 1225 idest,
1521 1129 1619 1205 circa
1645 1131 1792 1223 iunam3
1822 1137 1860 1205 et
1890 1129 1994 1205 dicit:

820 1255 880 1326 ote
898 1255 925 1325 't
946 1254 1100 1343 dimone,
1126 1252 1214 1345 quia
1239 1253 1327 1326 iuna
1355 1252 1488 1325 format
1515 1257 1553 1326 et
1577 1251 1718 1325 colorat
1734 1251 1854 1345 ipsum
1870 1250 1994 1326 circn-

821 1374 897 1447 inm
925 1373 1022 1448 circa
1049 1392 1100 1467 se,
1127 1376 1269 1465 qnando
1287 1375 1312 1445 ’t
1336 1394 1450 1466 vapor
1475 1374 1582 1445 nteit
1602 1379 1710 1465 porto
1733 1368 1794 1464 piri
1820 1368 1994 1465 dapem,

820 1492 907 1588 qnia
933 1514 1048 1588 vapor
1073 1500 1128 1567 est
1154 1492 1309 1567 materia
1335 1494 1371 1567 in
1391 1515 1466 1587 qna
1487 1491 1663 1566 tundatur
1683 1492 1802 1565 iorma
1819 1491 1906 1567 dicti
1921 1492 1995 1567 cir-

821 1614 905 1708 cuti,
932 1622 969 1690 ct
994 1614 1179 1710 potissime
1205 1613 1353 1708 qnando
1379 1619 1433 1689 est
1462 1614 1558 1689 bene
1587 1613 1733 1709 spissus.
1748 1618 1843 1686 -Ε
1864 1620 1993 1705 moesto

821 1736 886 1811 iiic
902 1741 1012 1810 autor
1030 1736 1191 1811 breviter
1208 1735 1418 1832 perstringit
1431 1743 1585 1810 caeteros
1601 1734 1747 1809 ordines
1763 1736 1994 1832 angelorum,

818 1856 962 1931 dicens:
991 1862 1024 1929 Ε
1046 1864 1176 1950 questo,
1204 1856 1351 1950 scilicet,
1377 1856 1468 1930 ordo
1492 1856 1634 1952 primns
1660 1856 1905 1951 prascriptns,
1928 1877 1994 1929 era

819 1980 1042 2051 circumdato
1068 1981 1116 2050 do
1142 1998 1188 2050 un
1214 1978 1321 2067 altro,
1341 1975 1426 2070 quia
1445 1976 1581 2051 sciiicet
1599 1976 1783 2051 secundus
1803 1976 1994 2071 girabatnr

820 2098 917 2173 circa
934 2098 1096 2193 primum
1113 2097 1189 2192 pari
1209 2098 1329 2171 torma
1347 2097 1473 2171 circnii
1493 2097 1601 2193 ignei,
1622 2120 1642 2171 e
1661 2098 1750 2189 caet,
1770 2095 1917 2189 scilicet,
1935 2116 1994 2172 se·

818 2219 961 2293 cnndns
983 2219 1153 2312 circulus,
1167 2222 1232 2291 dot
1247 2226 1357 2309 terzo,
1376 2218 1513 2293 scilicet
1529 2218 1682 2313 circuio,
1700 2239 1719 2290 e
1743 2221 1771 2292 o
1794 2227 1905 2309 terzo,
1925 2219 1995 2294 sci·

818 2338 904 2412 licet
923 2337 1094 2432 circulus,
1111 2343 1173 2431 pot
1190 2342 1254 2412 dot
1270 2344 1412 2430 quarto,
1429 2338 1567 2413 scilicet
1591 2338 1742 2433 circuio,
1759 2345 1794 2412 et
1811 2342 1995 2431 donno,

818 2458 954 2533 scilicet
971 2458 1143 2553 circutos,
1158 2461 1223 2532 dat
1241 2462 1372 2553 quinto,
1389 2458 1524 2533 scilicet
1542 2459 1693 2553 circuio,
1707 2482 1726 2531 e
1741 2463 1802 2552 pot
1817 2461 1845 2531 tr
1860 2462 1991 2551 qoam,

820 2578 953 2653 scilicet
983 2580 1155 2673 circulus,
1181 2582 1246 2653 dot
1268 2587 1370 2672 sesto,
1396 2579 1532 2654 scilicet
1564 2578 1713 2655 circulo.
1728 2618 1777 2633 -
1791 2582 1825 2653 il
1846 2584 1989 2655 settimo

820 2698 885 2773 iiic
897 2705 1007 2773 autor
1022 2699 1138 2796 tangit
1154 2700 1336 2774 circulum
1354 2700 1565 2794 septimum,
1578 2700 1684 2774 cuins
1703 2700 1993 2797 magnitudinem

820 2818 990 2894 describit
1016 2840 1081 2914 per
1102 2820 1413 2916 comparationem
1434 2821 1631 2914 propriam.
1651 2820 1695 2894 Et
1712 2820 1874 2895 breviter
1890 2821 1994 2897 dicit:

820 2938 920 3033 quod
946 2938 974 3013 si
1000 2940 1161 3014 circulus
1187 2941 1333 3036 pluviae,
1350 2941 1458 3014 cuius
1478 2940 1655 3016 medietas
1676 2948 1819 3017 tantum
1844 2950 1996 3038 apparet

820 3058 935 3153 nobis
954 3066 1050 3134 esset
1075 3066 1174 3134 totus
1199 3062 1353 3157 integer,
1374 3082 1446 3134 non
1472 3069 1595 3157 posset
1619 3063 1810 3137 continere
1834 3062 1929 3137 intra
1955 3082 1995 3136 sc

820 3178 930 3252 istum
957 3179 1138 3254 circutum
1166 3180 1374 3275 septimam.
1393 3181 1486 3256 Dicit
1503 3202 1613 3276 ergo:
1638 3185 1673 3256 Il
1695 3185 1841 3272 settimo,
1859 3182 1996 3258 scilicet

820 3298 992 3392 circulus,
1016 3320 1127 3392 sopra
1152 3305 1274 3391 segnia
1298 3294 1329 3375 ai
1351 3310 1475 3393 oporto
1497 3292 1561 3392 oid
1591 3304 1630 3376 di
1659 3302 1866 3395 torgtotzo,
1893 3302 1996 3395 idest,

820 3425 895 3493 tarn
922 3419 1030 3512 latus,
1055 3421 1115 3491 cta
1130 3422 1156 3490 't
1186 3440 1298 3493 masso
1323 3423 1361 3495 di
1384 3425 1491 3511 luno,
1517 3421 1620 3515 idest,
1646 3422 1722 3517 iris,
1748 3442 1833 3516 qnae
1863 3422 1996 3497 dicitnr

819 3540 945 3615 nuntia
971 3540 1135 3634 iunonis,
1161 3548 1204 3614 ut
1233 3542 1440 3636 expositum
1478 3543 1546 3616 init
1580 3563 1693 3638 snpra
1727 3544 1898 3638 capituto,
1932 3542 1995 3616 nbi

817 3662 925 3736 dixit:
943 3664 1085 3753 quondo
1109 3664 1266 3735 Giunone
1285 3684 1310 3735 a
1328 3683 1395 3735 ono
1415 3666 1552 3737 ancello
1568 3664 1645 3737 inte
1661 3670 1733 3739 etc.
1747 3666 1874 3756 iniero,
1893 3663 1996 3757 idest

818 3782 848 3859 ai
874 3790 969 3859 esset
995 3782 1147 3879 integer,
1174 3783 1261 3877 qnia
1288 3782 1425 3858 scilicet
1449 3784 1661 3859 ostenderet
1678 3806 1719 3859 se
1738 3790 1858 3859 toturn
1881 3783 1995 3877 nobis,

818 3904 961 3979 sorebbe
986 3910 1080 3993 arto,
1106 3902 1209 3995 idest,
1236 3904 1396 3998 strictus,
1423 3926 1447 3975 a
1472 3908 1683 3995 conoenerto,
1709 3905 1857 3999 sedicet,
1891 3905 1994 3979 ilium

821 4024 1018 4120 septimum
1042 4022 1235 4098 circulum.
1262 4024 1306 4097 Et
1332 4024 1390 4099 iric
1416 4030 1502 4098 nota
1525 4044 1643 4118 quare
1660 4024 1821 4099 circulus
1838 4024 1901 4097 iris
1922 4044 1996 4099 non

821 4150 972 4239 apparet
997 4143 1062 4217 nisi
1091 4143 1243 4219 medius.
1271 4144 1315 4218 Et
1340 4144 1530 4238 seqnitur:
1554 4138 1625 4218 cosi
1650 4148 1800 4217 tottooo
1816 4146 1874 4217 e'l
1887 4164 1996 4235 nono,

820 4264 922 4359 idest,
939 4262 997 4340 ‚ita
1028 4264 1158 4339 eodem
1193 4264 1304 4339 modo
1341 4272 1496 4338 octavos
1532 4265 1695 4339 circulus
1728 4264 1997 4361 circumcinge·

821 4385 931 4459 hatur
955 4407 977 4460 a
1004 4404 1123 4460 nono:
1151 4391 1188 4460 et
1213 4384 1334 4459 subdit
1360 4384 1458 4479 qnod
1485 4390 1624 4479 quanto
1649 4384 1809 4461 circulus
1834 4389 1917 4459 erat
1941 4382 1997 4457 di-

823 4506 974 4581 stantior
998 4507 1046 4581 ab
1071 4506 1132 4581 iiio
1157 4514 1307 4602 puncto,
1336 4512 1437 4581 tanto
1468 4507 1548 4580 eius
1579 4513 1703 4580 motus
1728 4512 1810 4581 erat
1835 4504 1996 4598 tardior3

822 4632 859 4701 et
884 4634 1023 4719 quanto
1048 4626 1208 4701 circnins
1234 4633 1316 4702 erat
1342 4626 1494 4700 vicinior
1521 4634 1670 4721 puncto,
1696 4632 1798 4700 tanto
1828 4632 1910 4701 erat
1934 4646 1998 4699 ar-

784 4824 786 4830 ,
824 4745 990 4841 dentior;
1010 4747 1106 4823 unde
1132 4746 1236 4821 dicit:
1258 4770 1278 4819 e
1301 4750 1542 4839 ciosctniooo,
1559 4748 1706 4841 scilicet,
1725 4747 1907 4822 dictorum
1925 4744 1998 4820 cir-

825 4868 1008 4962 cuiornm‚
1026 4872 1057 4941 si
1077 4890 1199 4941 moveo
1223 4864 1284 4961 piri
1310 4871 1428 4958 tardo,
1444 4872 1595 4943 secondo
1610 4872 1662 4942 cir'
1675 4890 1740 4942 ero
1757 4864 1818 4961 grid
1837 4870 1998 4957 distante

827 4988 930 5083 idest,
950 4997 1126 5085 remotus²
1145 4993 1319 5084 datiano,
1340 4989 1442 5084 idest,
1459 5011 1483 5064 a
1499 4997 1653 5086 punct03
1672 4991 1846 5085 quoniam
1864 5009 1996 5064 verum
