4842 6642
808 814 946 870 ctrtws
970 815 1131 872 DECIMUS
1155 817 1301 872 sunus.
1567 805 1635 872 1'T1

462 959 599 1036 seilicet
624 960 811 1054 quomodo
835 961 968 1036 domus
997 960 1211 1036 deiecerunt
1235 967 1274 1034 et
1297 960 1471 1036 deliciunt
1499 961 1537 1035 in
1570 983 1638 1036 sua

464 1079 609 1155 oritate
628 1079 840 1156 Florentiae:
867 1088 904 1154 et
929 1087 985 1156 est
1010 1081 1198 1176 responsio
1223 1081 1268 1154 ad
1295 1089 1467 1174 quartam
1494 1081 1638 1177 petitio·

467 1221 550 1277 nem
568 1201 730 1295 autoris;
756 1207 792 1274 et
809 1200 928 1297 primo
945 1222 1011 1297 per
1027 1203 1341 1297 comparationem
1362 1203 1570 1278 naturalem
1590 1202 1638 1276 de

465 1322 670 1398 mutatione
695 1321 808 1396 maris
827 1321 984 1418 explicat
997 1314 1035 1415 (¹)
1054 1323 1296 1398 mutationem
1314 1322 1469 1398 civitatis
1485 1322 1638 1398 Floren-

463 1441 534 1517 tiae.
561 1441 616 1516 dd
640 1443 746 1516 cuius
762 1442 1044 1537 comparationis
1064 1442 1339 1538 intelligentiam
1356 1448 1412 1518 est
1429 1449 1638 1538 praenotan-

464 1563 568 1658 dum,
593 1562 692 1658 quod
718 1563 805 1637 luna
832 1569 887 1637 est
912 1584 996 1658 quae
1022 1563 1268 1659 principaliter
1293 1571 1420 1638 movet
1437 1583 1543 1638 mare
1568 1569 1636 1640 etc.

464 1681 556 1759 llicit
582 1702 689 1780 ergo:
707 1687 759 1754 la
772 1687 932 1777 fortuna,
950 1703 1035 1777 qnae
1052 1690 1107 1758 est
1123 1683 1312 1758 influentia
1330 1684 1387 1758 vel
1411 1682 1636 1779 providentia

466 1803 541 1898 Dei,
563 1807 606 1897 so
630 1795 701 1875 cosi
725 1805 764 1876 di
787 1807 949 1894 lirenze,
975 1809 1012 1878 et
1042 1803 1091 1878 ita
1115 1803 1296 1900 intelligas
1320 1803 1367 1878 de
1398 1803 1476 1877 aliis
1508 1803 1638 1878 civitae

467 1923 580 2016 tibus;
606 1922 670 1998 sed
694 1929 804 1998 autor
830 1943 929 1998 nunc
953 1923 1073 1997 solum
1099 1922 1252 1998 intendit
1275 1923 1398 1998 dicere
1431 1923 1477 1997 de
1512 1929 1635 1998 muta·

468 2042 564 2118 tione
589 2062 667 2118 suae
691 2043 830 2138 patriae,
856 2065 951 2116 come
976 2047 1003 2118 il
1026 2045 1147 2134 oolper
1171 2045 1315 2117 deiciet
1337 2045 1430 2116 dello
1446 2046 1532 2116 loon
1547 2063 1633 2116 coo·

400 2227 404 2233 .
460 2184 539 2256 pre,
565 2162 711 2256 seilicet,
738 2183 804 2258 per
829 2164 972 2238 lluxum
999 2169 1035 2238 et
1064 2163 1263 2257 refluxum,
1289 2165 1334 2237 ed
1361 2167 1523 2256 iscooprc
1545 2167 1560 2235 i
1584 2165 1635 2236 litt

461 2304 571 2358 sanzo
590 2305 697 2379 poso,
724 2284 819 2359 sicot
843 2290 995 2381 apparet
1019 2285 1056 2359 in
1082 2285 1190 2360 terris
1211 2283 1414 2378 maritimis,
1433 2290 1475 2357 ot
1491 2283 1631 2358 dictum

461 2411 518 2481 est
542 2405 676 2480 lnlerni
705 2405 864 2501 capitolo
888 2405 935 2480 de
960 2405 1127 2480 Flandria
1159 2411 1228 2480 etc.
1261 2405 1364 2480 Unde
1396 2405 1519 2480 subdit
1554 2411 1636 2478 tan·

460 2546 551 2623 gens
571 2526 765 2601 materiam
783 2524 1039 2600 dicendorum:
1053 2525 1183 2618 percle*
1195 2547 1269 2600 oon
1285 2528 1348 2599 dee
1362 2547 1478 2618 parer
1493 2525 1636 2599 mdold

462 2669 548 2721 noso
572 2640 626 2720 eid
651 2649 750 2720 clr'o‘o
775 2643 855 2721 diro
879 2649 973 2738 dealt
1002 2650 1064 2722 alti
1092 2650 1284 2740 florentini,
1317 2647 1420 2742 idest,
1454 2647 1636 2722 nobilibus

463 2775 501 2842 et
527 2767 670 2864 magnis
695 2767 870 2862 antiqnis;
897 2766 994 2843 unde
1018 2767 1121 2842 dicit:
1148 2771 1230 2842 ood'
1243 2763 1264 2842 ε’
1278 2770 1315 2841 lo
1328 2771 1430 2862 soma
1449 2771 1508 2840 nel
1521 2773 1635 2860 tempo

463 2909 630 2979 comeso,
655 2887 758 2983 idest,
784 2909 945 2982 qnorum
975 2887 1074 2963 lama
1098 2888 1339 2963 diuturnitate
1372 2887 1548 2982 temporis
1578 2894 1636 2961 est

464 3000 1200 3106 occura.-1ovtot(²).flicmociaguida
1217 3008 1265 3083 ad
1282 3008 1479 3104 principale
1498 3027 1633 3103 propo-

463 3129 573 3204 situm
607 3128 873 3203 ostendendum
908 3127 1070 3203 breviter
1104 3126 1288 3224 percurrit
1320 3135 1358 3202 et
1389 3133 1634 3202 connumerat

461 3249 596 3323 multas
622 3247 775 3323 familias
805 3247 954 3342 nobiles,
988 3268 1072 3342 quae
1106 3253 1213 3322 erant
1246 3247 1434 3343 praeclarae
1465 3254 1635 3342 tempore

461 3390 542 3464 suo,
559 3388 721 3464 quarum
739 3367 872 3462 aliquae
889 3374 976 3442 sunt
988 3367 1132 3462 penitus
1150 3367 1331 3462 extincta,
1344 3367 1480 3462 aliqnae
1497 3387 1634 3463 parrae,
1684 3468 1687 3473 1

460 3497 498 3566 et
521 3490 656 3584 aliquae
680 3510 765 3583 quae
791 3496 876 3564 sunt
901 3509 1000 3563 nunc
1026 3509 1182 3585 magnae,
1208 3497 1316 3564 erant
1342 3498 1429 3565 tunc
1450 3491 1631 3564 obscura.

461 3611 504 3686 ttt
529 3611 649 3707 primo
674 3609 883 3706 perstringit
908 3609 1019 3683 simul
1035 3627 1099 3684 sex
1118 3608 1271 3683 lamilias
1288 3609 1427 3684 nobiles
1449 3610 1633 3703 antiquas,

462 3751 545 3826 quae
565 3731 644 3826 jam
670 3737 777 3805 erant
796 3730 833 3803 in
853 3729 1104 3822 declinatione,
1121 3728 1262 3803 dicens:
1284 3733 1326 3802 lo
1346 3732 1419 3803 eidi
1432 3731 1484 3820 pti
1503 3732 1591 3820 epti
1613 3751 1632 3802 e

462 3853 562 3926 vidit
580 3851 749 3940 coemat,
767 3851 905 3942 lilippi,
926 3852 1040 3942 Greci,
1065 3853 1241 3923 woronna·
1256 3856 1290 3924 et
1304 3851 1487 3939 Altenclri,
1505 3852 1634 3923 mosot

462 3975 617 4048 ottadini
639 3963 700 4065 oid
719 3974 777 4044 nel
798 3974 929 4044 colare.
948 3971 993 4044 Et
1010 3969 1067 4044 liic
1085 3975 1172 4044 uota
1189 3970 1288 4064 quod
1304 3967 1545 4065 Caeciaguida
1561 3967 1633 4072 du·

462 4091 602 4187 pliciter
626 4092 788 4168 declarat
812 4090 987 4166 eximiam
1012 4089 1240 4165 nobilitatem
1258 4089 1556 4184 praescriptarum
1577 4088 1634 4162 la·

462 4211 666 4307 miliarum;
692 4212 823 4307 primo,
855 4210 941 4307 qnia
973 4215 1082 4285 vocat
1115 4229 1178 4285 eas
1209 4210 1384 4303 illustres3
1419 4208 1631 4286 eratenim

460 4332 548 4406 olim
574 4333 611 4406 iu
636 4333 766 4426 Roma,
792 4332 887 4430 sicut
912 4336 1011 4427 patet
1035 4349 1182 4426 semper
1207 4331 1303 4426 apud
1336 4329 1457 4404 Titum
1487 4329 1631 4404 Livium

463 4461 501 4530 et
524 4455 615 4531 alios
640 4455 835 4550 scriptores
860 4448 995 4527 rerum'
1016 4471 1268 4545 romanarum,
1285 4451 1420 4546 duplex
1440 4449 1544 4544 ordo
1561 4449 1632 4524 sci-

462 4575 557 4670 licet,
588 4575 746 4669 illustris,
779 4573 968 4649 continens
998 4572 1137 4646 nobiles
1166 4572 1265 4646 viros
1293 4578 1331 4645 et
1364 4575 1570 4662 senatorem
1594 4576 1633 4644 et

525 4805 553 4870 (¹)
569 4806 600 4856 E.
617 4805 798 4869 exemplificat.

459 4883 647 5025 cmcgtgssd'lo
661 4883 724 4934 etat
741 4884 794 4934 lata
808 4887 847 4934 est
863 4886 955 4946 quara
971 4893 1031 4945 pars
1047 4885 1074 4932 ct
1089 4881 1181 4932 ultima
1197 4881 1324 4946 gematis
1338 4879 1416 4930 liuius
1431 4883 1531 4938 mutus,
1542 4877 1569 4928 ln
1582 4892 1633 4942 qua
