4842 6642
768 757 906 814 murus
930 757 1147 814 recensurus
1172 754 1315 808 ramus.
1551 738 1621 809 tra

454 924 554 978 ram:
581 909 615 978 li
643 907 678 978 io
704 907 978 999 pernoctando,
1007 904 1109 998 idest,
1142 901 1274 998 passim
1307 899 1558 992 discurrendo,
1583 919 1624 972 su

449 1045 516 1117 per
540 1028 577 1099 la
602 1027 685 1100 otoo
709 1028 795 1116 lucc,
816 1045 900 1118 quae
925 1023 1168 1100 constituebat
1188 1022 1238 1097 ibi
1257 1041 1392 1114 rosam,
1410 1041 1559 1094 menaea
1575 1023 1626 1112 912·

452 1146 560 1234 ocelli,
586 1144 689 1238 idest,
715 1144 1002 1240 speculationem
1034 1142 1331 1235 intellectualem,
1357 1162 1426 1234 per
1451 1143 1477 1214 tt
1500 1143 1621 1232 eradi,

453 1264 555 1360 idest,
581 1285 648 1362 per
673 1265 758 1341 lolia
784 1285 879 1340 rose
904 1286 988 1360 quae
1012 1273 1099 1342 sunt
1123 1264 1228 1340 sedes
1253 1263 1481 1356 animarum;
1508 1269 1545 1338 et
1569 1261 1640 1337 di-·

454 1387 522 1461 cit:
548 1407 606 1460 mo
630 1408 686 1478 so,
711 1407 769 1460 mo
792 1382 866 1478 oiri,
883 1408 903 1459 e
921 1407 979 1460 mo
997 1388 1249 1472 detrectando,
1269 1391 1309 1458 ut
1327 1383 1490 1458 viderem
1510 1389 1623 1462 totam

454 1506 714 1583 continentiam
741 1507 829 1582 loci:
862 1513 901 1582 et
929 1508 998 1582 boc
1029 1506 1220 1600 iaciebam,
1247 1507 1348 1598 quast
1371 1506 1540 1597 peremto
1566 1505 1625 1576 ote

454 1630 627 1702 sinoce
651 1630 710 1703 nel
733 1631 857 1720 oempio
882 1629 939 1702 det
960 1648 1025 1700 suo
1050 1632 1142 1717 voto,
1167 1625 1214 1699 ad
1240 1623 1339 1719 quod
1369 1630 1522 1699 voverat
1548 1623 1624 1716 ire;

456 1754 494 1821 et
518 1746 623 1822 dicit:
649 1769 669 1820 e
691 1768 798 1840 spero
821 1737 883 1839 ord
907 1749 1031 1837 vidue,
1048 1746 1196 1840 scilicet,
1214 1764 1300 1820 eum
1323 1744 1433 1819 luerit
1451 1763 1623 1818 reversus

456 1868 622 1962 domum,
638 1889 736 1942 conce
751 1870 818 1942 etto
836 1875 921 1942 stem
938 1867 982 1940 Et
1000 1866 1058 1942 bic
1074 1872 1160 1940 nota
1178 1864 1276 1960 quod
1297 1864 1478 1959 optimum
1496 1885 1624 1940 exem·

455 1989 557 2084 plum
586 1994 704 2084 potest
720 2009 802 2064 esse
817 1988 865 2064 de
881 1986 1018 2083 templo
1035 1987 1239 2062 Jerusalem
1260 1985 1321 2060 ubi
1340 1991 1394 2060 est
1412 1986 1622 2080 sepulcrum

455 2109 600 2203 Christi,
632 2108 695 2203 qui
726 2108 774 2182 ibi
805 2108 873 2182 luit
904 2106 1154 2202 temporaliter
1179 2107 1217 2180 in
1243 2126 1366 2200 carne,
1393 2105 1491 2200 quod
1517 2105 1628 2181 habet

455 2229 589 2303 multas
615 2228 834 2322 mansiones,
859 2226 954 2302 sicut
971 2227 1120 2302 coeleste
1140 2225 1331 2320 templum,
1356 2224 1418 2298 ubi
1441 2222 1626 2299 aeternali·

455 2355 512 2424 ter
537 2347 627 2422 vivit
650 2347 827 2443 cbristus,
858 2348 895 2422 in
925 2368 1000 2442 quo
1031 2356 1117 2421 sunt
1142 2347 1268 2421 multae
1298 2347 1402 2422 sedes
1432 2345 1626 2440 sicutipse

456 2469 620 2544 Christus
634 2461 671 2561 (¹)
690 2468 850 2544 dicebat:
870 2471 908 2542 in
933 2472 1038 2544 domo
1060 2471 1176 2561 paco
1199 2470 1267 2540 mn
1292 2469 1405 2542 multe
1428 2468 1626 2540 mensiones
1676 2503 1678 2506 ·

456 2597 560 2684 sunt,·
585 2589 698 2666 etsie
723 2596 822 2685 patet
846 2581 1084 2683 quomodol²l
1100 2588 1195 2664 dicta
1221 2587 1447 2683 comparatio
1464 2587 1625 2662 declarat

461 2709 686 2806 propositum
705 2709 743 2784 in
759 2710 879 2786 debita
897 2709 1028 2808 ligura.
1041 2749 1091 2764 -
1111 2711 1254 2783 Vedeoo.
1273 2709 1338 2783 llic
1359 2713 1468 2791 armon
1494 2707 1623 2781 ultimo
1660 2770 1665 2784 ,

456 2830 629 2906 describit
652 2830 741 2925 quid
766 2828 897 2905 viderit
922 2830 958 2904 in
983 2828 1145 2926 generali
1171 2828 1208 2902 in
1233 2828 1330 2904 dicto
1352 2827 1499 2922 templo,
1517 2831 1554 2901 et
1571 2825 1626 2900 di-

458 2951 506 3027 cit
531 2950 629 3045 qnod
657 2950 802 3026 videbat
826 2949 991 3024 habitum
1012 2950 1218 3024 beatorum.
1236 2948 1339 3024 Unde
1356 2947 1460 3024 dicit:
1491 2949 1624 3020 Vcdcoa

459 3075 537 3165 obi,
576 3071 722 3164 scilicet,
757 3072 949 3166 humanos,
977 3073 1094 3161 ruod,
1123 3069 1227 3162 idest,
1260 3069 1408 3164 suasivi,
1438 3090 1463 3144 a
1494 3058 1620 3160 corttd,

459 3191 600 3286 quiesi
627 3192 823 3268 coluerunt
846 3191 1035 3268 caritatem
1066 3191 1104 3264 in
1135 3196 1248 3284 terra,
1274 3197 1413 3284 quanto
1448 3189 1565 3287 magis
1591 3189 1627 3263 in

344 3334 349 3343 ·
458 3314 554 3389 coelo
579 3312 643 3387 ubi
668 3320 724 3388 est
748 3331 850 3388 rera‘
863 3319 900 3387 et
924 3313 1085 3408 perlecta
1109 3311 1263 3405 caritas3
1289 3317 1326 3386 et
1346 3310 1450 3386 dicit:
1465 3313 1622 3406 sreoiad,

459 3433 562 3527 idest,
588 3439 749 3527 ornatos,
769 3435 804 3507 d’
817 3436 925 3508 ottrm
949 3436 1050 3526 tunm,
1075 3431 1177 3524 idest,
1198 3429 1307 3506 radiis
1332 3429 1460 3536 divinis
1486 3431 1544 3505 vel
1569 3431 1629 3504 lu·

458 3554 618 3628 minibus
643 3552 833 3650 angelicis3
859 3560 896 3628 et
920 3551 1061 3628 dicitze
1084 3555 1142 3626 det
1164 3571 1228 3649 mo
1252 3554 1337 3642 roo,
1361 3550 1463 3646 idest,
1481 3549 1627 3646 propria

458 3673 593 3768 laetitia,
617 3676 662 3748 cd
684 3678 747 3748 otti
776 3676 895 3748 ornati
923 3674 960 3746 di
989 3679 1069 3747 tutte
1098 3674 1266 3746 onestadi.
1294 3671 1495 3746 llonestum
1527 3670 1626 3745 enim

458 3792 621 3868 continet
643 3813 792 3868 omnem
818 3792 995 3869 virtutem
1021 3798 1057 3867 et
1086 3791 1299 3885 bonitatem,
1325 3791 1430 3864 cuius
1457 3790 1513 3864 isti
1546 3791 1628 3866 lue·

459 3919 546 3986 runt
571 3912 750 3988 honestati
777 3918 815 3989 et
839 3912 959 3988 ornati
976 3919 1046 3987 etc.

531 4038 585 4107 Lo
605 4036 728 4128 formo
759 4035 915 4125 ymcrot.
941 4033 1013 4108 ista
1042 4039 1096 4108 est
1124 4033 1232 4106 tertia
1256 4051 1341 4128 pars
1366 4031 1559 4129 generalis,
1591 4031 1627 4105 in

458 4175 532 4249 qua
557 4160 667 4231 autor
691 4155 863 4232 describit
887 4175 1005 4230 unum
1032 4161 1198 4229 sanctum
1218 4155 1380 4230 maxime
1400 4154 1628 4248 contempla-

459 4276 577 4351 tivum
603 4276 640 4350 in
666 4275 747 4352 eius
773 4276 950 4370 levorem,
967 4281 1005 4352 et
1025 4295 1217 4350 ascensum
1245 4275 1419 4350 Beatricis
1437 4274 1482 4349 ad
1504 4274 1629 4350 sedem

457 4416 576 4471 suam.
604 4397 650 4472 Et
673 4397 792 4492 primo
817 4397 1036 4472 continuans
1059 4395 1157 4471 dicta
1181 4395 1341 4472 dicendis
1360 4395 1517 4472 ostendit
1538 4415 1631 4488 quo-

459 4516 571 4592 modo
595 4517 663 4592 sibi
688 4517 886 4594 intendenti
913 4517 959 4592 ad
991 4515 1159 4611 quedam
1191 4514 1443 4612 cognoscenda
1475 4521 1511 4590 et
1541 4535 1631 4590 con·

459 4635 616 4726 vertenti
642 4657 682 4712 se
706 4637 753 4711 ad
774 4637 977 4713 Beatricem
994 4635 1157 4711 occurrit
1179 4635 1297 4710 dictus
1315 4635 1631 4736 contemplativus.

521 4905 549 4965 l')
565 4903 596 4954 Β·
612 4901 687 4952 1⁰⁵⁰!
703 4901 812 4952 diwbfll·
1134 4901 1162 4962 (¹)
1177 4901 1210 4952 lt
1225 4901 1296 4965 quod
1312 4901 1389 4952 dieta.
