4842 6642
805 839 876 908 eoo
1196 855 1400 912 corrmrurr
1425 859 1592 912 aaranrsr

802 1017 905 1087 moue
928 999 966 1070 ln
991 1002 1027 1072 lo
1043 1002 1322 1094 tirconsermzo,
1339 1002 1485 1096 scilicet,
1502 1002 1586 1078 dicti
1604 1002 1730 1078 circuli
1748 1012 1829 1098 post
1850 1002 1978 1078 Traia·

803 1137 906 1211 num,
932 1121 970 1192 di
993 1122 1053 1194 oda
1075 1123 1243 1212 ropiono,
1268 1121 1371 1216 idest,
1393 1122 1440 1198 de
1466 1140 1540 1217 quo
1557 1121 1695 1198 circulo
1713 1143 1811 1198 uunc
1829 1123 1976 1217 loquor,

798 1260 865 1330 per
890 1242 1013 1314 lurco
1035 1261 1203 1334 rrtpnno,
1221 1242 1322 1337 idest,
1346 1263 1411 1340 per
1435 1242 1685 1338 supercilium,
1702 1237 1848 1332 indepte
1864 1251 1976 1316 morte

797 1381 865 1451 per
890 1363 1376 1457 proportionemque
1406 1363 1483 1438 visa
1513 1370 1568 1438 est
1598 1364 1765 1438 revocari
1796 1363 1974 1446 sententia

798 1479 921 1559 divina
951 1482 987 1554 in
1019 1483 1098 1576 isto,
1124 1481 1206 1558 ideo
1237 1482 1380 1558 subdit:
1406 1505 1475 1558 ora
1504 1505 1649 1558 sonores
1678 1486 1737 1558 olle
1766 1486 1795 1556 il
1820 1486 1974 1574 perdicio

797 1609 917 1678 eterno
945 1622 1018 1674 non
1045 1606 1077 1676 si
1105 1609 1290 1694 uusmnlo,
1312 1599 1441 1695 percle
1470 1605 1584 1695 meno
1612 1607 1790 1697 procoso
1818 1607 1973 1678 aarum

797 1718 918 1813 toppid
945 1725 1024 1796 dell’
1036 1725 1197 1813 eduma,
1222 1723 1326 1818 idest,
1352 1721 1521 1800 differtur
1552 1727 1696 1819 tempus
1729 1722 1895 1800 iaciendo
1926 1723 1972 1800 de

796 1841 856 1916 die
883 1842 1057 1918 hodierna
1082 1844 1290 1918 crastinam.
1317 1843 1415 1919 ldem
1442 1844 1532 1918 dixit
1556 1850 1666 1918 autor
1683 1843 1888 1940 Purgatorii
1907 1865 1971 1920 ca-

796 1960 911 2056 pitulo
937 1962 1074 2057 primo,
1097 1963 1160 2037 ubi
1185 1963 1293 2038 dixit:
1318 1966 1380 2038 cle
1402 1966 1494 2036 omo
1519 1965 1557 2038 di
1581 1964 1734 2054 pudiea
1756 1983 1834 2050 oon
1863 1966 1971 2038 s’oo·

797 2085 908 2172 oolla,
925 2089 994 2157 etc.
1012 2081 1205 2170 Quomodo
1222 2090 1349 2158 eutem
1369 2085 1439 2158 hoo
1459 2083 1509 2178 lit,
1527 2081 1736 2177 considera,
1754 2091 1879 2160 tamen
1899 2084 1968 2160 dici

795 2209 914 2298 potest
930 2203 1028 2298 qnod
1047 2203 1225 2280 sententia
1244 2204 1328 2280 data
1355 2204 1391 2278 iu
1417 2203 1608 2278 Ezechiam
1636 2225 1708 2278 non
1734 2209 1815 2279 erat
1837 2204 1970 2280 diliiui-

794 2323 880 2416 tiva,
901 2323 964 2398 sed
992 2324 1540 2418 interloquuloria.-L'oltro.
1567 2324 1631 2400 llic
1656 2324 1779 2418 aquila
1806 2323 1969 2400 nominat

792 2445 905 2520 alium
924 2445 1124 2540 principem
1137 2446 1281 2541 justum
1302 2445 1437 2522 scilicet
1452 2445 1741 2540 Constantinum,
1761 2465 1874 2540 quem
1902 2445 1968 2522 de-

792 2566 917 2662 scribit
936 2566 986 2640 ab
1003 2565 1162 2640 editione
1184 2566 1309 2663 legum
1323 2572 1360 2641 et
1377 2566 1573 2640 damnabili
1591 2565 1775 2642 dotatione
1793 2564 1967 2659 ecclesio,

790 2686 937 2760 diceus:
963 2688 1122 2777 L'oltro,
1148 2687 1296 2780 scilieet,
1322 2686 1592 2780 Constantinus,
1621 2689 1680 2760 cle
1708 2707 1810 2778 seque
1838 2707 1905 2759 oon
1938 2687 1969 2758 le

790 2811 895 2900 teupi,
933 2806 992 2882 vel
1026 2807 1113 2902 quia
1147 2806 1232 2882 iecit
1264 2808 1363 2902 leges
1397 2807 1615 2902 imperiales,
1645 2807 1780 2901 quibus
1813 2806 1968 2880 contulit

789 2947 920 3002 omnes
951 2926 1157 3022 imperiales
1186 2927 1380 3024 dignitates
1406 2947 1531 3023 papae3
1566 2927 1614 3002 de
1638 2927 1899 3022 compositione
1929 2934 1966 3000 et

792 3047 1055 3124 reformatione
1081 3049 1206 3145 legum
1233 3047 1371 3122 dietum
1398 3055 1454 3122 est
1479 3049 1523 3122 l'l
1548 3046 1707 3141 capitulo
1725 3047 1834 3122 huius
1855 3047 1966 3122 Para·

788 3167 869 3260 disi,
890 3175 926 3242 et
950 3167 1094 3242 dicatur
1111 3167 1169 3243 llic
1185 3167 1232 3242 de
1249 3167 1391 3264 origine
1403 3167 1520 3263 J'uris3
1539 3174 1577 3242 ot
1594 3167 1696 3242 dicit:
1714 3187 1733 3240 e
1753 3187 1860 3258 meo,
1878 3165 1965 3262 quir

789 3289 866 3384 ipse
878 3288 946 3362 luit
959 3287 1021 3382 qul
1038 3289 1221 3362 transtulit
1233 3287 1392 3382 aquilam
1410 3287 1446 3362 in
1461 3288 1654 3380 orientem,
1669 3294 1711 3360 ut
1723 3287 1835 3364 habes
1845 3287 1890 3362 lll
1904 3305 1967 3364 ca·

789 3408 903 3503 pitulo
930 3409 1039 3482 lrnins
1064 3407 1237 3502 Paradisi,
1265 3408 1326 3482 ubi
1351 3408 1502 3484 dicitur:
1529 3410 1655 3482 Porcio
1680 3408 1740 3482 olle
1760 3409 1964 3480 wiomado

786 3531 944 3620 lupulto
960 3532 1065 3621 node,
1084 3533 1204 3622 sisere
1226 3547 1347 3620 preco,
1365 3527 1452 3621 quia
1473 3526 1537 3600 ivit
1554 3525 1600 3602 ad
1617 3525 1788 3602 suanum
1806 3527 1842 3600 in
1859 3526 1965 3601 Grae-

787 3649 895 3742 cmm,
921 3655 962 3724 ut
986 3649 1125 3726 dietum
1149 3656 1217 3744 est,
1239 3671 1308 3742 per
1341 3651 1462 3722 cedere
1486 3650 1525 3720 ol
1543 3655 1683 3740 postor,
1711 3645 1815 3742 idest,
1842 3653 1883 3722 ut
1907 3647 1963 3722 lo·

786 3789 873 3842 cum
890 3769 996 3844 daret
1014 3789 1136 3863 papae3
1159 3775 1197 3844 el
1211 3768 1315 3844 dicit:
1333 3773 1422 3842 sotto
1438 3767 1554 3840 duom
1572 3767 1749 3840 rirtmzion
1764 3767 1824 3840 cite
1837 3769 1966 3861 se’mol

783 3893 907 3982 fruito,
924 3889 1023 3984 quia,
1040 3889 1190 3982 seilicet,
1211 3895 1369 3982 sequuta
1387 3893 1442 3962 est
1460 3885 1543 3961 inde
1561 3885 1774 3981 depravatio
1791 3887 1962 3981 praelato-
1998 3910 2003 3916 ¹

788 4029 873 4082 rum
899 4009 1075 4102 eeclesiae,
1090 4008 1186 4084 siout
1205 4015 1315 4084 autor
1332 4007 1418 4084 dicit
1438 4006 1571 4082 luterni
1587 4005 1764 4100 capitulo:
1781 4007 1850 4082 All
1870 4010 1961 4080 Gort-

785 4130 917 4203 slonlin
941 4135 1010 4204 etc.
1036 4129 1082 4202 Et
1106 4129 1192 4223 quia
1219 4127 1300 4202 talis
1318 4126 1465 4202 donatio
1487 4125 1580 4202 lasa
1598 4147 1664 4222 per
1682 4125 1958 4202 Constantinum

786 4247 950 4326 eeclesiae
969 4248 1037 4324 luit
1053 4248 1253 4324 destructio
1282 4247 1421 4342 mundi,
1437 4247 1642 4322 secundum
1664 4246 1873 4344 opinionem
1891 4267 1960 4320 au-

786 4370 874 4446 toris
893 4376 931 4444 el
956 4369 1174 4462 mullorum,
1199 4369 1283 4444 ideo
1317 4388 1364 4442 ne
1394 4367 1610 4442 crederetur
1635 4387 1682 4442 ex
1707 4367 1778 4442 lroe
1807 4363 1959 4440 diminui

784 4489 979 4587 praemium
1004 4489 1241 4583 Constantini,
1270 4488 1404 4582 subdit,
1435 4487 1534 4583 quod
1560 4488 1680 4570 malus
1705 4487 1870 4579 elleclus,
1895 4485 1958 4580 qui

783 4611 951 4705 sequitur
984 4610 1032 4687 ad
1068 4607 1203 4688 tonan
1232 4615 1407 4702 mentem,
1441 4609 1500 4686 vel
1531 4607 1768 4684 intentionem
1800 4614 1838 4682 et
1871 4625 1959 4700 ope-

785 4731 977 4827 rationem,
1003 4751 1077 4808 nou
1102 4738 1270 4808 meretur
1296 4749 1464 4826 poeuaun
1483 4728 1708 4814 undediuit:
1725 4749 1794 4804 oro
1809 4747 1959 4804 moror

782 4872 880 4926 eone
901 4853 930 4930 il
951 4854 1026 4926 mol
1047 4854 1187 4926 dedero
1210 4853 1275 4932 del
1298 4871 1362 4930 seo
1387 4849 1451 4927 den
1476 4843 1958 4944 oprrwrrorrelidrrooioe,

784 4972 884 5069 quia,
908 4971 1056 5066 scilicet,
1081 4993 1155 5050 uon
1180 4970 1394 5067 praeiudicat
1417 4971 1545 5068 gloriae
1568 4971 1662 5065 eius,
1678 4989 1837 5062 omno
1854 4969 1958 5042 clteil
