4842 6642
1030 789 1100 855 116
1419 800 1625 856 conenrmr
1651 801 1817 855 esnrnrsr

1026 949 1086 1021 cle
1110 967 1153 1020 ne
1177 949 1401 1039 condiztbnc,
1427 947 1530 1040 idest,
1556 967 1623 1021 nos
1648 947 1815 1041 disponit,
1840 969 1866 1021 a
1891 951 1996 1022 ceder
2019 951 2080 1042 tei,
2105 948 2199 1042 ideo,

1027 1066 1170 1142 subdit:
1197 1069 1289 1141 once
1313 1071 1351 1141 la
1375 1070 1519 1159 visione,
1544 1067 1648 1162 idest,
1675 1074 1798 1142 nostra
1825 1069 1941 1143 virtus
1971 1069 2097 1165 visiva,
2122 1091 2200 1142 cre-

1025 1177 1100 1260 e'cet·
1124 1191 1300 1279 convient,
1326 1187 1417 1262 idest
1436 1187 1660 1262 invalescere
1677 1194 1715 1263 et
1732 1187 1928 1263 lortilicari.
1947 1189 1990 1263 Et
2007 1189 2056 1263 ita
2076 1197 2199 1264 osten-

1026 1308 1078 1382 dit
1093 1303 1144 1402 (¹),
1169 1329 1324 1382 crescere
1352 1311 1375 1382 t’
1387 1311 1533 1399 ardore,
1559 1306 1707 1402 scilicet,
1737 1308 1908 1401 caritatis,
1939 1311 2000 1381 cte
2023 1311 2061 1382 dt
2085 1311 2199 1400 puella

1025 1432 1054 1503 ε’
1067 1431 1229 1519 accende,
1246 1429 1349 1522 idest,
1370 1449 1416 1503 er
1442 1429 1503 1502 illa
1529 1427 1668 1502 visione
1693 1426 1905 1502 accenditur
1923 1427 1960 1500 in
1976 1426 2093 1520 nobis,
2111 1427 2197 1522 quia
2234 1521 2238 1529 Ι

1026 1550 1181 1625 videndo
1202 1551 1320 1623 Deum
1338 1549 1552 1624 accenditur
1576 1549 1613 1623 in
1639 1547 1744 1622 nobis
1763 1546 1874 1622 ardor
1892 1547 2068 1642 caritatis3
2086 1555 2124 1622 et
2147 1535 2198 1622 ita

1025 1665 1179 1746 Ostendit
1192 1662 1250 1762 (²):
1277 1691 1412 1744 crescer
1437 1673 1471 1742 to
1495 1672 1638 1761 rappio,
1663 1667 1766 1760 idest,
1784 1668 1942 1761 luminis,
1960 1671 2020 1742 cde
2037 1671 2133 1743 viena
2148 1672 2197 1742 da

1023 1811 1114 1882 esso,
1127 1790 1230 1885 idest,
1248 1791 1296 1865 ab
1321 1791 1399 1886 ipso
1423 1810 1571 1864 summo
1588 1791 1701 1882 bono;
1719 1788 1778 1862 vel
1795 1789 1843 1863 ab
1860 1789 1936 1885 ipsa
1953 1795 2092 1864 aeterna
2113 1790 2196 1864 luce

1024 1912 1054 1985 si
1085 1911 1240 2004 dicatur,
1265 1915 1315 1984 do
1339 1932 1427 1984 csso.
1443 1915 1566 1984 -lio
1590 1903 1620 1982 si
1644 1929 1751 1982 come.
1778 1909 1843 1984 llic
1876 1908 2050 1984 Salomon
2081 1901 2196 2005 expli·

1024 2038 1083 2107 cat
1108 2021 1336 2122 virtuteml³l
1370 2037 1408 2104 et
1439 2029 1636 2125 potentiam
1664 2049 1863 2124 corporum
1889 2028 2196 2124 beatificatorum,

1025 2143 1113 2225 tnnc
1138 2171 1224 2225 cum
1250 2150 1373 2224 anima
1398 2170 1464 2244 per
1492 2170 1602 2223 unam
1629 2149 1940 2243 comparationem
1967 2150 2133 2245 pulcram
2159 2157 2197 2225 et

1023 2265 1179 2364 claram3
1197 2291 1282 2365 quae
1298 2271 1522 2366 comparatio
1548 2275 1619 2344 stat
1644 2270 1680 2342 in
1707 2270 1794 2362 boc,
1814 2270 1914 2363 quod
1933 2270 2027 2344 sicut
2047 2271 2195 2346 damma

1024 2392 1186 2488 procedit
1203 2413 1226 2466 a
1245 2392 1407 2466 carbone
1424 2412 1492 2466 nec
1510 2398 1634 2465 tamen
1651 2397 1707 2465 est
1723 2397 1823 2465 tanta
1840 2390 1940 2484 quod
1957 2392 2055 2466 velet
2075 2391 2194 2485 ipsum

1024 2513 1237 2607 carbonem,
1265 2513 1313 2586 ita
1340 2511 1438 2605 quod
1464 2511 1544 2584 eius
1570 2510 1660 2584 visio
1685 2531 1759 2584 non
1785 2518 1976 2606 appareat3
1995 2511 2043 2586 ita
2063 2511 2133 2586 erit
2149 2509 2195 2586 de

1021 2635 1145 2708 anima
1170 2632 1364 2707 coniuncta
1390 2631 1546 2726 corpori.
1573 2631 1666 2705 llicit
1691 2651 1805 2727 ergo:
1835 2639 1952 2722 questo
1982 2635 2104 2726 stipor
2136 2635 2196 2706 cle

1020 2745 1082 2845 yid
1107 2775 1151 2826 ne
1175 2755 1326 2846 ceretio,
1354 2752 1458 2845 idest,
1483 2753 1548 2824 iux
1575 2751 1737 2826 exterior
1755 2752 1930 2847 quaejam
1955 2773 2052 2827 nunc
2074 2753 2195 2827 iassiat

1023 2894 1100 2969 nos,
1123 2875 1174 2965 fia
1201 2876 1296 2945 cinto
1319 2875 1358 2945 in
1383 2893 1592 2965 apparenza
1616 2875 1716 2946 dalla
1744 2893 1864 2964 carae,
1895 2873 1982 2967 quia
2011 2873 2082 2947 erit
2108 2859 2194 2946 tunc

1022 2993 1240 3089 splendidior
1266 2993 1435 3087 praesenti
1461 2993 1655 3088 splendore
1679 3013 1766 3066 cnm
1794 2993 1981 3067 tamensit
2002 3000 2192 3068 cunctam

1023 3113 1144 3188 loetida
1171 3119 1208 3188 et
1233 3113 1403 3187 obscura.
1430 3113 1533 3188 Unde
1557 3112 1654 3206 dicit,
1680 3115 1752 3203 cte,
1773 3112 1876 3205 idest,
1898 3133 2009 3206 quam
2031 3133 2192 3206 carnem,

1022 3239 1188 3310 interra
1218 3235 1437 3327 ricoperctic
1470 3227 1603 3324 toton,
1629 3233 1777 3326 scilicet,
1810 3254 1898 3308 cum
1932 3233 2098 3307 homines
2135 3253 2193 3306 se-

1021 3358 1219 3454 peliuntur,
1240 3378 1262 3429 a
1288 3357 1408 3450 simili,
1433 3350 1503 3429 cosi
1527 3377 1623 3429 come
1647 3357 1782 3428 carbon
1813 3358 1873 3429 cde
1902 3359 2012 3430 rende
2032 3358 2192 3448 flammo,

1020 3479 1107 3572 quia
1133 3478 1280 3570 scilicet,
1307 3478 1456 3551 llamma
1482 3477 1647 3551 oritura
1673 3477 1845 3550 carbone.
1869 3476 1931 3549 Est
1956 3477 2054 3551 enim
2080 3477 2192 3551 carbo

1020 3599 1168 3674 llamma
1194 3605 1262 3670 aut
1286 3604 1342 3671 est
1366 3604 1448 3689 etc,
1474 3598 1690 3671 escoercltto
1707 3599 1834 3690 quello,
1855 3595 1958 3690 idest,
1980 3602 2130 3691 superat
2155 3603 2191 3670 et

1019 3719 1130 3793 vincit
1148 3718 1245 3792 illam
1261 3719 1448 3792 tlammam
1464 3719 1500 3790 in
1513 3718 1684 3810 candore,
1695 3738 1761 3810 per
1773 3720 1852 3791 ecco
1864 3719 2031 3808 candore,
2045 3717 2189 3810 scilicet,

1019 3858 1099 3932 suo,
1125 3831 1155 3910 si
1179 3840 1239 3910 cite
1255 3841 1291 3910 tc
1307 3859 1373 3910 sun
1387 3859 1586 3930 pcrcenzc,
1612 3837 1715 3930 idest,
1738 3837 1949 3931 apparentia
1972 3837 2083 3931 ipsius
2108 3857 2190 3911 car-

1019 3957 1135 4050 bonis,
1161 3961 1192 4029 si
1216 3959 1367 4051 defende,
1385 3957 1558 4031 sciliceta
1575 3958 1736 4049 damma,
1754 3957 1841 4051 quia
1858 3962 1982 4030 tantus
1998 3940 2190 4050 est'splen-

1019 4078 1086 4152 dor
1112 4077 1221 4150 vivax
1247 4077 1415 4151 carbonis
1441 4077 1540 4170 quod
1564 4097 1637 4150 non
1664 4083 1782 4170 potest
1812 4076 1925 4151 velari
1950 4097 1973 4151 a
1998 4075 2190 4171 splendore

1018 4198 1187 4272 ssammae.
1207 4198 1323 4272 illest
1347 4197 1572 4292 comparatio
1598 4196 1744 4291 propria
1762 4196 1808 4270 de
1826 4196 1987 4270 carbone
2008 4183 2187 4269 materiali

1018 4339 1173 4393 accenso
1187 4317 1234 4392 ad
1246 4339 1401 4392 carnem
1413 4317 1640 4392 materialem
1655 4315 1894 4413 glorificatam
1906 4340 1916 4409 ;
1930 4321 1967 4389 et
1979 4315 2026 4390 de
2042 4317 2189 4389 llamma
2246 4389 2250 4397 ,

1018 4421 1219 4534 splendenti
1243 4438 1290 4511 ad
1320 4438 1437 4532 ipsam
1466 4438 1586 4512 lucem
1621 4436 1840 4510 luminosam
1875 4444 1913 4511 et
1946 4437 2191 4511 subtilem.-

1019 4556 1072 4635 Ne‘
1089 4549 1209 4651 potrd.
1237 4559 1303 4633 Hic
1328 4559 1501 4632 Salomon
1527 4557 1721 4651 respondet
1741 4557 1932 4651 quaestioni
1951 4557 2080 4630 tacitae.
2103 4557 2191 4630 Pos-

1017 4671 1073 4755 set
1097 4679 1194 4754 enim
1214 4687 1325 4753 autor
1344 4679 1525 4754 obiicere:
1540 4673 1731 4772 'quomodo
1747 4699 1887 4771 organa
1904 4679 2108 4772 corporalia
2125 4678 2190 4752 de·
2221 4691 2224 4695 ·

1078 4941 1106 5005 (“)
1122 4941 1153 4993 E.
1169 4942 1204 4991 ita
1220 4945 1324 5002 oportet
1339 4953 1452 4990 crescere.
1576 4939 1604 5002 (¹)
1620 4940 1651 4989 E.
1667 4945 1779 5002 oportet.
1903 4936 1932 5001 (l)
1947 4937 1977 4988 E.
1996 4938 2138 4988 veritatem.
