4842 6642
816 856 889 925 tuo
1208 868 1412 926 mauruli
1436 870 1604 925 cannensi

814 1018 887 1093 sub
912 1039 968 1093 eo.
994 1018 1039 1093 Et
1063 1016 1167 1093 dicit:
1194 1020 1285 1091 coluri
1308 1020 1369 1091 cde
1393 1020 1419 1091 'l
1440 1021 1552 1110 clupe,
1576 1016 1725 1111 scilicet,
1750 1017 1860 1111 Deus,
1893 1018 1990 1091 coln-

815 1146 927 1213 mcnte
951 1142 1088 1213 numne
1113 1141 1192 1230 quel
1211 1142 1383 1233 preclnto,
1411 1138 1556 1232 scilicet,
1582 1138 1721 1213 dictum
1748 1139 1885 1213 coelum
1911 1158 1992 1213 em·

817 1280 986 1355 pyreum.
1014 1258 1056 1333 Et
1080 1258 1139 1333 laic
1166 1264 1252 1333 nota
1277 1257 1529 1335 diffinitionem
1555 1258 1638 1334 coeli
1657 1258 1833 1355 empyrei.
1848 1261 1991 1331 -Ncn

815 1374 846 1454 ὀ.
873 1379 937 1453 llic
962 1378 1107 1455 Beatrix
1134 1378 1343 1473 dicitquod
1369 1385 1492 1453 motus
1517 1398 1624 1453 ncnc
1647 1398 1766 1474 spere
1796 1385 1853 1455 est
1885 1399 1990 1453 men·

816 1519 906 1574 sura
930 1499 1096 1574 omnium
1122 1498 1281 1574 aliorum
1308 1504 1501 1592 motuum,
1528 1498 1626 1573 uude
1658 1498 1761 1575 dicit:
1788 1503 1859 1574 Suo
1883 1506 1989 1591 moto,

818 1622 921 1716 idest,
947 1628 1069 1697 motus
1095 1620 1202 1717 primi
1225 1620 1379 1714 mobilis,
1395 1641 1468 1694 non
1483 1617 1506 1694 d
1519 1622 1659 1695 mutto
1672 1642 1740 1714 per
1755 1624 1863 1713 cluo,
1885 1620 1988 1714 idest,

816 1742 866 1818 ab
890 1742 962 1818 alio
989 1749 1104 1837 mutu,
1131 1762 1191 1815 mn
1213 1743 1267 1833 pli
1289 1744 1386 1833 clm,
1413 1741 1561 1835 scilicet,
1587 1749 1710 1816 motus
1742 1764 1765 1818 e
1796 1762 1989 1835 converso,

816 1885 883 1939 son
908 1866 1100 1938 nummoli
1123 1865 1171 1937 do
1197 1870 1328 1956 numm,
1354 1862 1501 1956 scilicet,
1527 1869 1642 1955 motu,
1661 1861 1764 1957 idest,
1781 1861 1990 1959 proportio-

819 1984 893 2059 uati
917 1982 1108 2078 aequalter
1133 1983 1170 2057 iu
1196 1982 1361 2078 partibus
1389 1983 1501 2057 totius
1532 1982 1708 2078 temporis
1737 1982 1918 2089 velanni.
1944 1982 1989 2057 Et

818 2104 948 2199 pmhul
980 2124 1003 2177 a
1035 2102 1153 2198 simili,
1183 2097 1213 2175 si
1241 2123 1338 2177 conte
1367 2106 1460 2178 dieue
1493 2105 1542 2177 dc
1573 2124 1695 2177 mezzo
1725 2124 1745 2177 e
1773 2105 1822 2177 du
1851 2106 1987 2197 depe,

819 2222 920 2317 idest,
946 2224 1040 2299 sicut
1065 2244 1246 2299 numerus
1269 2223 1444 2299 denarius
1469 2233 1708 2299 mensuratur
1725 2232 1763 2300 ct
1781 2224 1990 2321 proportio·

818 2348 929 2419 netur
954 2364 975 2418 a
1002 2363 1160 2419 numero
1185 2343 1367 2438 quinario,
1394 2344 1442 2418 ita
1470 2351 1591 2419 motus
1620 2345 1851 2440 planetarum
1884 2364 1991 2420 meu·

815 2469 971 2539 suratur
996 2484 1062 2559 per
1090 2484 1201 2539 unam
1229 2464 1510 2560 revolutionem,
1526 2470 1563 2541 et
1586 2465 1667 2539 lraec
1692 2470 1748 2540 est
1772 2464 1883 2539 unius
1907 2464 1989 2558 dici,

817 2604 885 2679 per
911 2583 1058 2681 triginta
1085 2584 1343 2678 revolutiones,
1369 2590 1408 2659 et
1433 2586 1512 2660 hec
1544 2590 1600 2660 est
1629 2584 1740 2659 unius
1764 2585 1911 2661 mensis.
1947 2584 1991 2659 ltt

819 2704 902 2780 ideo
926 2704 1067 2779 subdit:
1095 2727 1113 2778 e
1137 2708 1234 2779 omui
1254 2696 1326 2799 pud
1349 2726 1445 2781 esser
1464 2709 1693 2805 monifeclou
1718 2715 1762 2797 le,
1779 2706 1926 2800 scilicet,
1943 2726 1990 2781 ex

817 2824 933 2919 dictis,
959 2844 1055 2898 cume
1078 2828 1105 2898 ’l
1128 2832 1253 2918 tempo,
1278 2824 1380 2920 idest,
1398 2834 1534 2921 motus,
1550 2834 1655 2919 epiro
1679 2828 1712 2901 le
1733 2848 1795 2900 ute
1814 2828 1931 2901 radio
1953 2828 1990 2900 le

818 2948 912 3021 ocul
937 2952 1036 3035 tulo,
1065 2945 1212 3039 scilicet,
1242 2945 1280 3020 in
1311 2945 1431 3041 primo
1462 2946 1598 3040 mobili,
1630 2968 1651 3021 e
1681 2950 1712 3021 le
1739 2950 1871 3043 fronde
1899 2948 1992 3039 nepe

818 3070 916 3159 alm,
942 3066 1043 3161 idest,
1071 3066 1099 3141 si
1124 3074 1249 3141 motus
1274 3087 1381 3142 nonae
1406 3088 1525 3164 spere
1548 3074 1605 3143 est
1627 3088 1800 3145 mensura
1818 3068 1991 3163 aliorum,

821 3194 862 3263 ut
885 3187 1024 3263 dictum
1050 3195 1117 3281 est,
1143 3188 1220 3284 ipse
1243 3195 1298 3265 est
1324 3188 1427 3263 radix
1453 3189 1640 3285 temporis,
1666 3209 1753 3264 cum
1778 3188 1866 3264 nillil
1891 3188 1990 3265 aliud

817 3308 863 3381 sit
887 3314 1042 3403 tempus,
1069 3308 1136 3382 nisi
1163 3328 1343 3384 uumerus
1369 3312 1506 3403 motus,
1530 3308 1625 3384 deut
1648 3310 1735 3385 dicit
1755 3310 1991 3405 philosophus

818 3428 911 3503 thro
927 3428 1184 3526 Physicorum3
1203 3430 1287 3505 etsi
1306 3429 1410 3504 radin
1428 3437 1485 3505 est
1501 3430 1538 3503 in
1555 3430 1646 3525 ipsc,
1658 3450 1749 3527 ergo
1767 3450 1846 3505 sule
1866 3437 1989 3525 partes

819 3548 1070 3625 extenduntur
1096 3570 1162 3645 per
1188 3558 1311 3625 motus
1334 3551 1493 3626 aliorum
1526 3550 1729 3646 coelorum;
1760 3558 1799 3626 et
1832 3554 1903 3627 ltoc
1936 3560 1992 3627 est

816 3669 918 3765 quod
944 3669 1021 3765 ipsc
1045 3671 1202 3767 appellat
1228 3670 1384 3747 frondes.
1418 3671 1512 3746 Nam
1544 3671 1707 3766 primum
1737 3670 1874 3747 mobile
1905 3670 1991 3746 iacit

819 3798 934 3867 totam
970 3791 1236 3867 revolutionem
1272 3792 1309 3866 in
1338 3792 1465 3889 viginti
1500 3792 1802 3886 contemneris,
1837 3798 1877 3867 et
1908 3790 1990 3867 ideo

818 3912 882 3986 dut
895 3910 1110 3988 radicaliter
1135 3914 1256 4007 horas,
1277 3913 1365 4009 dies,
1384 3934 1529 3988 menses
1554 3918 1591 3989 et
1614 3933 1743 4007 anuos,
1760 3932 1845 4007 que
1864 3920 1989 4009 postes

819 4032 1094 4129 distinguuntur
1120 4054 1186 4129 par
1210 4034 1323 4109 solem
1350 4040 1420 4109 etc.

899 4157 1138 4249 Ocuptiiiplu.
1172 4156 1243 4230 Ista
1274 4161 1331 4231 ost
1361 4162 1493 4249 quarta
1527 4161 1565 4231 et
1597 4154 1726 4229 ultima
1758 4174 1844 4250 pars
1875 4172 1992 4251 genc-

822 4274 907 4351 rulis
923 4268 972 4368 (¹),
997 4274 1035 4349 in
1061 4297 1135 4370 qua
1168 4276 1300 4351 Petrus
1330 4283 1476 4371 sumpta
1508 4274 1701 4350 occasione
1733 4294 1778 4351 ex
1810 4272 1992 4369 predictis

819 4396 1002 4472 exclamat
1017 4403 1146 4471 contra
1163 4396 1411 4491 cupiditatem,
1423 4396 1599 4491 generale
1615 4395 1769 4489 malum,
1788 4414 1872 4488 quae
1889 4412 1992 4468 mer·

819 4516 871 4611 git
892 4523 1033 4591 mentes
1054 4516 1267 4594 mortalium
1285 4517 1334 4592 ita
1354 4518 1392 4590 in
1410 4516 1604 4591 allectione
1623 4523 1873 4610 terrenorum,
1890 4514 1991 4610 quod

818 4656 893 4711 non
919 4644 1069 4732 possunt
1094 4637 1240 4733 erigere
1264 4638 1392 4713 oculos
1415 4636 1463 4711 ad
1488 4637 1595 4711 istam
1629 4634 1833 4711 mirabilem
1868 4634 1993 4731 regio-

820 4776 905 4830 nem
932 4757 1014 4831 coell
1039 4756 1310 4851 dispositissime
1333 4756 1549 4832 ordinatam.
1583 4756 1687 4832 Unde
1714 4758 1846 4831 Petrus
1874 4755 1992 4828 iratus

883 5018 910 5079 (¹)
926 5018 956 5070 li.
973 5020 1100 5083 puerulis
1115 5020 1192 5072 huius
1207 5022 1322 5086 cupitull,
1339 5022 1365 5071 lu
1383 5033 1444 5085 qua.
