4842 6642
745 866 886 924 murus
908 869 1127 926 umbramus
1150 871 1314 926 usmarus.
1539 861 1609 930 519

438 1009 594 1086 videnda
619 1010 692 1089 alia
717 1010 870 1086 visibilia
888 1013 1032 1089 minora
1042 1033 1095 1108 30
1118 1019 1247 1089 contra
1262 1022 1389 1090 autem
1408 1016 1539 1091 oculus
1557 1016 1613 1091 in·

437 1131 657 1208 tellectualis
669 1131 796 1207 ridens
807 1131 1157 1208 excellentissimum
1171 1134 1352 1238 sensibile,
1363 1135 1457 1210 sicut
1470 1135 1614 1210 radium

442 1251 528 1326 solis
555 1251 696 1346 eterni,
722 1251 913 1350 vigoratur
939 1258 977 1329 ct
1002 1253 1162 1330 efficitur
1185 1261 1314 1349 potens
1340 1253 1386 1330 ad
1418 1254 1615 1330 videndum

437 1370 637 1467 perfectius
668 1371 759 1446 illud
790 1372 918 1448 lumen
940 1380 985 1448 et
1012 1374 1085 1453 alia
1119 1373 1311 1468 interiora3
1342 1373 1459 1449 simile
1490 1373 1615 1451 estin

437 1490 528 1585 aliis,
554 1490 642 1586 quia
667 1492 697 1566 si
723 1491 761 1566 in
787 1514 863 1568 uno
886 1513 1026 1592 genere
1050 1492 1184 1568 scibilis
1207 1493 1368 1591 intelligo
1394 1493 1493 1588 quod
1517 1493 1614 1568 diffi-

438 1611 543 1686 cilius
568 1617 634 1706 est,
661 1613 779 1687 multo
803 1613 922 1710 magis
946 1612 1046 1708 quod
1066 1613 1207 1688 lucilius
1223 1620 1289 1689 est
1310 1614 1353 1688 Et
1370 1613 1451 1689 ideo
1473 1613 1612 1688 subdit:

436 1737 530 1807 enti
551 1734 698 1806 ricorde
721 1735 820 1808 cb'io
841 1735 897 1828 pti
920 1729 983 1827 pitl
1006 1736 1125 1808 ardtto
1149 1755 1175 1808 a
1198 1742 1354 1808 sortem
1379 1741 1609 1827 perparuo,

438 1853 584 1948 scilicet,
609 1873 769 1930 acumen
794 1853 942 1949 radiale‚
968 1862 1066 1930 urdo
1088 1856 1188 1930 cl'io
1211 1858 1328 1947 piunsi
1352 1855 1519 1948 tarpetto
1541 1858 1611 1929 urio

436 1976 494 2048 ool
516 1977 633 2049 volem
655 1977 803 2068 mitrato,
828 1973 932 2070 idest,
962 1975 1200 2069 intellectum,
1227 1995 1313 2050 cum
1341 1975 1531 2050 voluntate
1554 1974 1610 2049 di-

438 2088 531 2169 vina'.
545 2099 644 2170 -0
667 2097 876 2170 abundante.
902 2095 968 2170 llic
995 2101 1109 2174 autor
1140 2094 1293 2171 intendit
1318 2093 1527 2170 describere
1555 2093 1613 2168 di-

437 2214 560 2290 vinam
586 2215 780 2290 essentiam
807 2221 988 2310 quantum
1014 2215 1061 2291 ad
1093 2235 1138 2292 ea
1169 2235 1255 2312 qum
1280 2215 1442 2290 continet
1467 2213 1505 2288 iu
1529 2213 1613 2288 uni·

436 2334 589 2429 versali3
607 2340 646 2410 et
661 2335 782 2431 primo
799 2337 1049 2432 superexaltat
1065 2341 1206 2412 tanmm
1224 2335 1381 2434 gratiam
1401 2354 1612 2410 concessam

436 2454 685 2550 singulariter.
717 2455 810 2531 llicit
835 2477 926 2556 ergo
955 2456 1204 2532 admiranter:
1236 2459 1267 2530 O
1300 2457 1498 2530 abundante
1524 2475 1613 2547 pro·

436 2577 511 2668 zia,
552 2573 657 2670 idest,
696 2595 720 2650 o
757 2576 913 2673 gratiam
945 2577 1009 2652 liei
1039 2575 1288 2652 abundantem
1326 2575 1362 2650 in
1401 2595 1481 2669 me;
1515 2573 1613 2650 unde
1757 2597 1762 2608 ·

435 2695 540 2770 dicit:
574 2699 718 2792 ond'io,
751 2696 856 2792 idest,
888 2717 956 2794 per
973 2691 1010 2790 (¹)
1045 2717 1160 2793 quam
1189 2695 1417 2772 excessivam
1452 2695 1610 2793 gratiam

431 2819 599 2909 praeut
616 2819 729 2910 fictor
744 2820 780 2892 lo
797 2820 884 2908 viso,
906 2817 1052 2912 scilieet,
1070 2817 1366 2912 intellectualem,
1382 2837 1449 2910 per
1474 2819 1511 2889 la
1535 2819 1609 2890 luce

436 2944 571 3028 emata,
596 2942 692 3011 tanto
715 2939 778 3011 cle
799 2941 835 3012 ai
857 2939 1021 3012 manuari
1045 2940 1082 3012 la
1098 2939 1236 3030 redum,
1254 2937 1357 3031 idest,
1380 2937 1607 3033 contempla·-

436 3057 573 3132 tionem
587 3062 595 3130 t
608 3099 658 3114 -
677 3061 744 3132 Nel
765 3077 840 3132 suo.
867 3056 932 3133 llic
961 3065 1072 3134 autur
1095 3058 1267 3134 describit
1296 3057 1384 3152 quid
1413 3057 1544 3134 viderit
1569 3058 1608 3134 in
1731 3085 1733 3092 ·

433 3177 510 3274 ipsa
528 3179 685 3256 essentia
709 3178 831 3254 divina
857 3186 895 3256 et
919 3179 1081 3255 breviter
1104 3179 1185 3254 vult
1208 3178 1332 3255 dicere
1359 3178 1459 3274 quod
1484 3179 1607 3254 omnia

433 3305 560 3374 creata
585 3304 691 3375 eraut
715 3299 826 3398 ligata
851 3301 889 3374 in
914 3300 991 3396 ipsa
1022 3305 1099 3375 tam
1132 3299 1337 3395 corporalia
1363 3321 1475 3394 quam
1503 3299 1610 3395 spiri-

434 3419 560 3513 tualia,
593 3424 668 3494 tam
703 3419 855 3497 visibilia
895 3441 1009 3515 quam
1043 3417 1247 3514 invisibilia,
1282 3426 1358 3495 tam
1396 3419 1611 3514 temporalia

434 3559 549 3633 quam
574 3546 724 3633 oeterna,
750 3559 836 3635 quoe
859 3539 907 3614 ibi
933 3546 1112 3636 apparent
1136 3539 1231 3614 sicut
1256 3539 1293 3613 in
1318 3539 1480 3634 specum,
1498 3545 1535 3612 et
1561 3537 1609 3612 ibi

434 3658 572 3734 babent
596 3679 677 3735 erse
701 3680 812 3734 suum
830 3658 867 3734 in
884 3658 1029 3734 instanti
1046 3657 1270 3752 aeternitatis,
1290 3657 1338 3732 ita
1359 3657 1457 3752 quod
1484 3657 1609 3731 lutura

435 3780 589 3854 suntin
620 3779 825 3876 praesentia,
856 3777 1115 3876 contingentia,
1151 3777 1368 3872 necessaria,
1399 3777 1547 3853 mobilia
1572 3782 1611 3852 et

437 3899 651 3995 immobilia,
673 3901 829 3994 occulta,
852 3899 1055 3994 manilesta,
1075 3898 1235 3993 fortuita,
1252 3904 1366 3974 certa.
1398 3897 1489 3973 llicit
1518 3917 1609 3994 ergo

436 4027 570 4099 autor:
598 4026 639 4095 lo
663 4023 736 4096 orm
760 4022 820 4095 alta
842 4012 897 4094 eid
926 4022 1043 4094 clari
1070 4021 1274 4112 squamma
1294 4041 1364 4114 per
1397 4021 1608 4108 taniuerso,

436 4141 540 4237 idest,
566 4139 741 4237 quidquid
766 4138 997 4214 distribuitur
1010 4130 1049 4232 (¹)
1074 4160 1142 4236 per
1163 4145 1278 4216 totam
1298 4137 1505 4213 machinam
1524 4136 1609 4211 uni·
1768 4173 1771 4181 ·

436 4260 533 4338 versi
546 4281 613 4357 per
624 4259 782 4334 iuduitas
793 4257 933 4354 species
945 4264 983 4335 et
995 4257 1133 4334 turmas
1145 4259 1351 4354 spirituales
1359 4248 1409 4353 (³),
1419 4259 1607 4348 tinterna

437 4380 539 4474 idest,
564 4380 816 4474 interimatur,
841 4382 949 4472 apua
972 4399 1040 4454 cun
1063 4399 1198 4472 amore,
1216 4400 1292 4474 quo
1317 4377 1442 4454 omnia
1466 4377 1607 4475 guber-

436 4508 510 4596 nat,
535 4505 574 4576 in
597 4522 646 4575 un
669 4503 817 4592 volunta
835 4499 940 4595 quasi
965 4499 1072 4594 dicat,
1091 4505 1209 4574 totum
1227 4499 1348 4594 simul,
1366 4501 1424 4573 nel
1438 4517 1502 4572 suo
1513 4517 1607 4592 pro·

432 4623 558 4716 sorde,
583 4619 686 4714 idest,
713 4619 750 4693 in
773 4617 1020 4714 profunditate
1045 4619 1141 4694 illius
1172 4619 1264 4694 lucis
1288 4625 1456 4711 aeternae3
1482 4622 1520 4692 et
1553 4622 1608 4691 est

435 4742 563 4838 pulcra
584 4741 797 4835 metaphora
815 4739 861 4814 de
878 4745 1059 4834 quaterno
1075 4745 1113 4816 et
1131 4739 1329 4815 volumine.
1344 4777 1395 4794 -
1407 4739 1604 4813 summio.

424 4995 430 5006 ’
498 5010 527 5072 o)
542 5007 574 5059 m
591 5011 707 5071 mour.
832 5005 906 5068 (prr
924 5005 1088 5056 aunum
1229 5003 1255 5068 o)
1271 5003 1302 5054 a.
1318 5001 1451 5068 ιμοιιιω.
