4842 6642
817 875 957 934 cmrrrs
981 878 1139 935 onerans
1163 880 1309 935 saurus.
1459 862 1463 873 '
1579 864 1648 933 179

472 1042 573 1099 eron
601 1022 666 1098 Hic
691 1019 931 1120 Caeciaguida
958 1022 1057 1099 addit
1081 1024 1334 1120 superioribus
1357 1025 1448 1100 alias
1477 1032 1553 1101 lres
1581 1024 1650 1101 do·

475 1164 567 1239 mos,
593 1164 753 1239 quarum
780 1164 893 1219 unam
920 1164 1053 1240 parum
1081 1146 1217 1240 laudat,
1243 1145 1327 1221 licet
1352 1147 1463 1221 luerit
1479 1148 1542 1221 (liu
1568 1166 1650 1221 mo·

473 1264 622 1364 gollica3
649 1264 747 1341 unde
774 1260 879 1338 dicit:
917 1257 984 1339 Glrl
1018 1283 1108 1339 man
1140 1269 1347 1340 Guullcrolli
1378 1274 1412 1341 ct
1442 1270 1649 1361 lmpormrri,

474 1385 621 1480 seilicet,
653 1386 691 1460 in
723 1384 872 1460 nomine
903 1390 941 1461 et
974 1385 1158 1481 pretiolo
1190 1386 1336 1461 civitate
1369 1388 1587 1463 Florentiae:
1618 1393 1653 1461 el

475 1523 588 1580 aanor
613 1508 736 1597 Borpo
757 1508 860 1578 sario
882 1500 945 1599 pol
969 1509 1095 1599 meto,
1120 1507 1233 1582 debes
1267 1507 1471 1604 inlelligere
1495 1514 1652 1582 autono-

476 1627 628 1705 mastico
652 1626 698 1702 de
723 1627 849 1724 Burgo
874 1627 996 1702 Sancti
1021 1628 1192 1723 Apostoli,
1220 1628 1283 1723 qui
1309 1633 1364 1704 esl
1389 1628 1552 1724 pulcrior
1577 1648 1651 1701 cae-

477 1748 576 1843 teris,
601 1768 638 1822 re
668 1752 798 1843 soram,
823 1748 972 1842 scillcet,
998 1747 1028 1822 si
1054 1748 1278 1824 habitatores
1308 1748 1404 1823 illius
1437 1748 1563 1845 Burgi,
1595 1750 1651 1823 di·

475 1873 574 1961 olori
601 1872 640 1943 lli
667 1872 774 1943 noooi
803 1872 919 1961 moini,
945 1868 1048 1964 idest,
1075 1868 1182 1944 vacui
1207 1868 1345 1964 Bardis,
1376 1869 1439 1963 qui
1474 1870 1521 1945 de
1554 1889 1653 1944 novo

478 1988 574 2063 missi
601 1988 752 2063 luerunt
775 1989 823 2063 ad
850 1988 1086 2063 habitandum
1114 1989 1282 2084 Burgum
1307 1989 1433 2083 istum,
1460 1996 1650 2085 tamquam

479 2108 645 2183 lromines
670 2108 841 2202 audaces,
862 2112 904 2181 ul
920 2116 1198 2202 compescerent
1218 2114 1341 2182 motus
1366 2108 1650 2204 ghibellinorum

478 2228 573 2303 illius
598 2228 722 2327 Burgi.
737 2234 852 2303 -Lo
875 2250 972 2302 cosa.
1001 2229 1065 2304 llic
1091 2228 1333 2325 Caeciaguida
1359 2229 1490 2304 ultimo
1514 2228 1653 2303 descri-

478 2350 530 2425 bit
560 2370 673 2424 unam
698 2349 851 2425 domum
884 2351 931 2425 de
962 2370 1036 2445 qua
1062 2357 1147 2424 nala
1173 2355 1228 2425 est
1254 2350 1429 2425 desolatio
1453 2357 1492 2425 et
1515 2350 1653 2423 distur-

478 2470 576 2545 batio
608 2470 762 2545 civitatis
793 2471 998 2563 Florentiae,
1028 2478 1178 2565 propter
1208 2470 1379 2545 iniuriam
1410 2470 1544 2546 luctam
1572 2470 1650 2543 silli.

478 2590 531 2665 to
549 2590 656 2665 cuius
672 2589 788 2665 lilerae
804 2589 1079 2686 intelligentiam
1097 2596 1243 2684 oportet
1260 2598 1429 2686 repetere
1446 2590 1535 2663 illud
1552 2588 1652 2685 quod

479 2712 655 2807 scriplum
683 2717 739 2785 est
763 2709 896 2785 lulerni
926 2708 1097 2805 capitulo,
1123 2710 1259 2785 scilicet
1284 2712 1472 2806 quomodo
1504 2710 1653 2805 quidam

481 2832 587 2907 miles
622 2831 772 2907 nornine
810 2828 1099 2906 Bondelmontes·
1120 2831 1167 2907 de
1196 2831 1532 2924 Bondelmontibus,
1565 2850 1653 2905 cum

479 2952 551 3026 iret
574 2951 620 3025 ad
650 2950 939 3046 desponsandam
975 2972 1088 3025 unam
1124 2951 1171 3026 de
1200 2951 1371 3046 Amineis,
1406 2958 1654 3025 revocatusa

480 3070 640 3166 quadarn
675 3070 823 3146 domina
856 3069 903 3144 (le
938 3070 1096 3165 Donatis,
1132 3090 1217 3165 quae
1250 3072 1408 3146 ostendit
1440 3070 1506 3144 sibi
1541 3069 1654 3145 liliam

479 3212 586 3266 suam
619 3174 932 3283 formosissimam,
964 3189 1195 3285 desponsavit
1226 3192 1325 3265 illam
1356 3190 1568 3265 secundam.
1602 3188 1655 3263 Er

481 3332 555 3407 quo
581 3310 733 3404 Amidei,
760 3311 969 3386 convocetis
988 3310 1246 3407 principalibus
1262 3312 1309 3387 (le
1326 3318 1430 3408 parte
1446 3312 1654 3408 ghibellinas,

479 3432 574 3507 sicul
603 3432 758 3526 Uberlis,
789 3430 1004 3527 Lamberlis,
1036 3430 1249 3526 abbatibus,
1279 3439 1317 3507 el
1344 3432 1435 3526 aliis,
1465 3433 1655 3527 conquesti

480 3558 567 3627 sunl
591 3552 638 3627 de
662 3551 807 3626 iniuria.
834 3553 878 3626 Et
903 3559 984 3647 post
1013 3552 1159 3649 longam
1194 3552 1510 3646 consultationem,
1542 3572 1655 3647 opera

480 3671 619 3747 domini
632 3674 764 3747 Muscae
781 3672 828 3747 de
841 3672 1057 3765 Lamberlis,
1076 3672 1224 3746 iverunt
1242 3672 1465 3746 trucidatum
1484 3680 1656 3747 autorem

482 3791 635 3865 iniuriae.
649 3792 755 3867 Nunc
767 3810 859 3889 ergo
871 3792 917 3867 ad
931 3791 1087 3885 literam,
1101 3791 1187 3865 dicit
1200 3796 1500 3883 autorzluomc,
1509 3791 1656 3887 scilieet,

483 3912 735 4003 Amideorum,
760 3915 798 3986 di
821 3914 882 3987 olle
905 3934 1039 4005 noeque
1061 3915 1090 3986 il
1112 3920 1233 3986 oosao
1255 3915 1344 4006 fleto,
1366 3912 1468 4006 idest,
1491 3914 1658 4008 planctus

482 4041 520 4109 et
544 4033 665 4128 dolor;
685 4040 722 4109 et
745 4032 847 4109 dicit:
869 4056 937 4127 per
953 4038 987 4107 lo
1003 4036 1116 4126 plaste
1133 4036 1316 4125 audoeno,
1333 4036 1394 4107 cle
1417 4036 1510 4108 o’ltc
1534 4038 1654 4129 morti,

483 4156 570 4248 quia
594 4154 731 4230 scilicet
754 4154 914 4250 praedicti
933 4156 1142 4229 habuerunt
1154 4154 1295 4249 justam
1316 4176 1466 4230 causam
1489 4156 1659 4253 indigna·

485 4275 600 4369 tionis,
632 4274 719 4369 quia
749 4276 898 4351 evidens
935 4274 1158 4351 contumelia
1189 4275 1275 4369 luit;
1308 4281 1346 4351 el
1376 4275 1473 4370 dicit,
1507 4297 1526 4350 c
1557 4284 1659 4370 posto

479 4398 550 4489 linc
573 4399 613 4469 ol
635 4404 755 4469 ooslm
774 4400 872 4471 oioer
889 4399 979 4489 lule,
999 4394 1087 4489 quia
1110 4396 1303 4489 hucusque
1319 4394 1500 4471 florentini
1518 4397 1660 4471 habue-

484 4523 567 4591 rant
583 4516 775 4611 pacificum
803 4524 840 4591 et
866 4516 1103 4609 tranquillum
1124 4522 1285 4610 slalum3
1301 4522 1428 4612 postea
1445 4536 1536 4592 vero
1554 4516 1659 4592 lactae
1701 4581 1704 4587 ,

482 4642 569 4709 sunt
585 4636 709 4711 ciuiles
728 4635 917 4712 discordiae
942 4642 980 4712 et
1004 4636 1253 4731 partialitales,
1271 4656 1318 4711 er
1336 4636 1472 4731 quibus
1492 4642 1660 4731 sequutae

483 4764 569 4831 suut
585 4756 827 4851 expulsiones,
846 4755 1022 4850 incendia,
1040 4756 1172 4850 oaedes,
1186 4758 1332 4852 praedae,
1346 4756 1660 4854 peregrinationes

484 4896 551 4973 per
576 4875 769 4971 mundum,
793 4898 857 4951 ero
881 4884 1048 4967 onorata,
1068 4876 1155 4970 quia
1183 4877 1405 4952 honorabilis
1431 4877 1567 4952 lamilia
1591 4875 1660 4953 luit

485 4995 745 5091 Amideorum3
771 5003 808 5073 et
833 4997 935 5073 dicit:
961 5018 1052 5088 esso,
1078 4996 1183 5090 quasi
1208 4996 1324 5073 dicat:
1343 5018 1416 5073 nou
1433 4997 1552 5073 solum
1570 4997 1661 5093 ipsa,
