4842 6642
795 822 865 897 182
1185 833 1390 892 conflarunt
1413 833 1583 891 ranlnrsr

793 999 991 1056 romanum
1009 979 1057 1056 de
1073 978 1212 1056 vilitate
1235 988 1273 1056 at
1294 978 1423 1057 lurore
1439 978 1672 1055 intollerabili
1688 997 1833 1073 eorum,
1849 998 1966 1074 exno-

793 1100 901 1175 neltat
931 1099 1017 1181 istas
1047 1099 1171 1175 literas
1199 1100 1267 1175 sio:
1298 1098 1334 1172 S.
1356 1100 1393 1174 P.
1411 1100 1452 1195 Q.
1472 1099 1526 1193 lt,
1557 1098 1659 1193 idest,
1689 1103 1807 1174 Sozro
1833 1102 1965 1192 popolo

792 1222 1009 1311 wacteoato
1023 1211 1061 1311 (¹)
1078 1240 1241 1294 romono.
1262 1218 1334 1295 sal
1350 1218 1397 1296 ad
1417 1218 1664 1315 propositum:
1681 1218 1803 1295 omnis
1822 1219 1965 1295 onlonia

793 1338 971 1435 recipiens
989 1338 1184 1435 insignium
1205 1360 1445 1416 romanorum
1472 1347 1617 1437 poterat
1635 1338 1774 1416 addere
1790 1347 1829 1415 at
1852 1359 1967 1435 appo-

793 1480 884 1537 nere
893 1458 1067 1554 quidquid
1078 1460 1234 1535 volebat.
1243 1460 1346 1538 Unde
1357 1460 1520 1556 perusini
1532 1460 1753 1537 addiderant
1764 1462 1964 1557 gryphoni,

793 1579 973 1657 florentini
1008 1578 1080 1654 lilia
1114 1580 1349 1677 albaniani
1383 1581 1470 1656 nillil
1500 1580 1729 1658 addiderunt
1763 1582 1962 1658 Florentinl

792 1722 895 1799 ergo,
921 1700 1033 1796 pulsis
1057 1701 1273 1797 ghibellinis,
1299 1710 1564 1779 convellerunt
1580 1703 1652 1778 lilia
1668 1703 1753 1779 allta
1774 1702 1811 1778 in
1834 1704 1963 1794 rubea,

778 1821 838 1897 -ad
867 1821 1185 1897 diversificandunr
1219 1821 1418 1919 insignium
1449 1824 1680 1899 exteriorum
1709 1825 1963 1920 erpulaorurn.

793 1944 836 2019 tt
860 1943 907 2017 ab
933 1943 993 2018 illo
1020 1949 1187 2037 tempore
1212 1942 1304 2017 eitra
1329 1944 1542 2020 habuerunt
1565 1965 1713 2041 semper
1738 1944 1811 2020 lilia
1832 1946 1962 2021 rubeo.

792 2066 894 2140 Unde
927 2064 1048 2141 adhue
1079 2071 1257 2160 apparent
1290 2063 1327 2139 in
1365 2065 1580 2141 summitate
1611 2066 1737 2145 Palatii
1772 2066 1964 2141 Poteelatis

792 2186 864 2261 tilia
893 2186 985 2261 alba.
1014 2186 1057 2259 Et
1082 2187 1151 2259 lroe
1176 2190 1232 2260 ert
1256 2186 1356 2280 quorl
1381 2185 1490 2261 dicit:
1515 2180 1563 2261 rra*
1579 2208 1647 2280 per
1671 2189 1834 2276 dioinon,
1859 2186 1964 2281 idest,

793 2306 1021 2401 partialitate,
1053 2309 1142 2400 sarto
1172 2307 1368 2399 oermiatr'o,
1405 2307 1463 2382 vel
1493 2326 1667 2402 exponas,
1692 2307 1872 2403 sanguine
1905 2308 1963 2383 rel

793 2427 950 2502 rastello.

1372 2594 1963 2603 ——m———a———1

852 2691 879 2753 (¹)
895 2690 926 2741 lt.
943 2692 1071 2741 ronanam.
