4842 6642
931 833 1070 888 CANTUS
1095 835 1225 889 NONUS·
1637 821 1659 886 9

495 975 695 1051 multorum
727 982 763 1050 et
792 977 959 1072 captione
991 980 1259 1074 plurimorum:
1290 983 1418 1071 captus
1448 983 1504 1052 est
1536 997 1661 1052 comes

492 1097 604 1171 sancti
631 1096 801 1170 Bnnilacii
827 1098 900 1170 dux
930 1099 1023 1191 belli,
1041 1107 1078 1175 et
1097 1099 1289 1196 magnifice
1306 1100 1507 1172 honoratus
1523 1118 1547 1170 a
1563 1099 1660 1173 Cane

494 1217 737 1312 magnanimo.
765 1219 808 1292 Et
833 1226 913 1314 post
938 1241 1097 1313 paucum
1135 1228 1278 1314 tempus
1307 1217 1414 1292 Canis
1445 1218 1573 1293 avidus
1606 1218 1662 1291 ul-

493 1339 597 1412 tionis
626 1338 761 1433 recepit
781 1340 970 1414 castellum
993 1341 1112 1416 nobile
1127 1332 1164 1432 (⁴)
1191 1340 1319 1414 Montis
1339 1337 1463 1431 Silicis,
1485 1339 1583 1432 qnod
1607 1338 1662 1412 di-

351 1459 358 1465 '
493 1467 564 1534 stat
588 1480 610 1533 a
636 1460 758 1534 Padua
789 1481 854 1554 per
883 1461 1010 1537 decem
1048 1463 1225 1556 milliaria,
1251 1470 1289 1538 et
1313 1463 1441 1535 Estum
1467 1460 1657 1534 castellum

494 1579 542 1653 illi
569 1581 812 1674 propinquum
841 1584 1008 1678 pulcrum
1037 1589 1072 1656 et
1097 1583 1198 1656 dives
1224 1582 1259 1655 vi
1285 1581 1380 1675 cepit
1408 1601 1493 1654 cum
1527 1599 1659 1676 magna

494 1700 593 1776 caede
619 1709 656 1775 et
682 1701 802 1794 praeda
829 1703 1043 1776 incolarum.
1071 1702 1232 1776 Paduani
1257 1702 1303 1776 ad
1329 1702 1576 1776 defensionem
1602 1701 1659 1774 sui

493 1822 573 1918 agri
599 1821 747 1895 mittunt
764 1822 981 1918 quingentos
998 1823 1139 1916 equites
1156 1843 1242 1896 cum
1262 1842 1396 1918 magno
1418 1842 1576 1897 numero
1596 1841 1661 1917 pe·

493 1941 608 2016 ditum
634 1943 680 2016 ad
708 1943 820 2036 ripam
850 1943 952 2036 parvi
978 1943 1136 2016 lluminis
1162 1942 1369 2018 Baebilioni.
1391 1943 1497 2017 Canis
1524 1943 1661 2035 ubique

493 2063 619 2158 victor,
638 2064 704 2138 illis
729 2063 915 2138 debellatis
940 2071 977 2138 et
1003 2064 1133 2159 iugatis
1161 2083 1295 2158 magna
1320 2063 1455 2138 damna
1479 2063 1587 2137 dedit.
1609 2063 1662 2136 lle

492 2185 561 2266 boc
587 2184 731 2258 videtur
755 2185 958 2278 specialiter
986 2185 1083 2278 loqui
1109 2183 1225 2258 litera.
1251 2184 1358 2258 Canis
1380 2184 1515 2258 iterum
1534 2204 1660 2278 pacem

495 2303 579 2378 lecit
609 2325 694 2378 cum
727 2305 903 2399 paduanis
930 2305 1187 2379 intercessione
1222 2310 1439 2378 venetorum
1466 2325 1551 2378 eum
1578 2324 1664 2400 gra·

494 2423 598 2498 vibus
622 2427 909 2518 conditionibus3
937 2427 1082 2501 tandem
1109 2446 1206 2500 anno
1233 2424 1374 2498 Domini
1400 2424 1660 2501 dcccxxviii

493 2545 599 2618 Canis
630 2544 744 2620 libere
773 2553 811 2620 et
840 2545 987 2640 pacifice
1018 2546 1175 2621 obtinuit
1209 2546 1384 2638 Paduam,
1411 2551 1447 2619 et
1480 2565 1576 2618 anno
1601 2566 1661 2619 se·

492 2667 616 2759 quenti
642 2667 869 2759 Terr'isium3
904 2673 941 2741 et
979 2667 1025 2740 ibi
1066 2667 1138 2740 lato
1176 2666 1359 2740 invidente
1389 2665 1547 2740 felicitati
1582 2664 1660 2738 s'uae

492 2795 663 2860 mortuns
688 2795 752 2862 est.
772 2787 863 2862 llicit
883 2807 973 2884 ergo
992 2788 1153 2862 Cunitia:
1176 2793 1238 2860 Ma
1263 2795 1350 2860 osto
1371 2790 1435 2880 fio,
1464 2786 1566 2879 idest,
1590 2785 1661 2860 erit

493 2908 530 2981 in
563 2908 681 2998 brevi,
712 2909 771 2980 clrc
800 2911 962 2997 Pudovo,
995 2915 1122 3001 potens
1154 2907 1293 2999 civitas,
1323 2911 1363 2980 al
1383 2910 1528 3000 palude,
1557 2905 1659 2998 idest,

487 3028 595 3121 juxta
622 3027 789 3121 paludem
817 3027 986 3120 vicinam,
1012 3017 1169 3118 conperd
1194 3029 1216 3100 l
1230 3048 1356 3118 acqua,
1385 3028 1484 3119 idest,
1509 3045 1660 3120 permu-

493 3147 582 3221 tabit
607 3147 769 3223 taciendo
796 3147 909 3242 ipsam
933 3148 1085 3222 rubeam
1113 3148 1292 3242 sanguine
1317 3168 1396 3240 suo,
1422 3150 1481 3220 cde
1514 3150 1661 3220 Vlcenzo

491 3267 629 3359 dapum
655 3288 739 3340 nam
767 3267 995 3343 Baebilionus
1021 3268 1154 3342 labitur
1184 3288 1249 3362 per
1275 3267 1488 3360 vicentiam,
1511 3271 1552 3339 ut
1576 3265 1660 3340 alibi

492 3387 668 3480 scriptum
693 3392 759 3476 est.
786 3389 830 3460 lit
855 3394 957 3462 certe
982 3388 1143 3462 Vieentia
1160 3393 1246 3461 ante
1263 3387 1383 3460 luerat
1404 3387 1513 3460 etiam
1535 3387 1661 3482 llagel-

493 3505 565 3580 lata
591 3511 758 3600 tempore
795 3507 961 3600 Eccelini,
998 3515 1163 3583 cremata
1198 3515 1235 3582 et
1269 3508 1417 3602 spoliala
1444 3527 1510 3602 per
1535 3508 1660 3581 Fride-

493 3625 610 3700 ricum
637 3627 678 3699 ll.
705 3627 807 3703 Unde
831 3628 939 3702 dicit:
961 3651 1029 3722 per
1054 3651 1147 3704 esser
1172 3632 1211 3702 ol
1234 3632 1343 3704 dooer
1368 3631 1399 3701 lc
1422 3631 1517 3718 penti
1540 3631 1660 3718 crude,

493 3746 595 3838 idest,
614 3748 709 3823 male
726 3748 904 3843 dispositae
922 3749 968 3826 ad
987 3750 1160 3824 virtutem
1175 3742 1325 3842 (²).—E
1337 3751 1436 3822 doce.
1454 3749 1520 3822 Hic
1532 3740 1569 3840 (³)
1586 3749 1661 3822 Cu-

494 3866 579 3941 nitia
600 3869 760 3962 praedicit
787 3875 944 3946 mortem
970 3872 1157 3946 crudelem
1184 3871 1294 3944 unius
1318 3869 1460 3965 tyranni
1486 3868 1658 3942 tervisini.

492 3987 544 4062 dd
570 3989 667 4081 quod
693 3997 747 4064 est
773 3991 1067 4084 memorandum,
1093 3990 1190 4084 qrrod
1217 3989 1393 4064 Dominus
1417 3990 1594 4063 Rizardus
1614 3989 1660 4062 de

492 4108 642 4184 Camino
670 4109 764 4184 filius
788 4111 873 4186 boni
899 4110 1062 4204 Gerardi,
1089 4111 1152 4204 qui
1177 4115 1405 4185 successerat
1428 4109 1521 4203 patri
1539 4110 1576 4182 in
1593 4109 1660 4182 do-

494 4229 605 4304 minio
630 4230 790 4321 Terrisii,
817 4252 933 4324 quum
962 4253 1035 4306 una
1061 4231 1119 4304 die
1145 4231 1288 4305 luderet
1312 4230 1358 4302 ad
1389 4230 1570 4322 scacchos,
1597 4250 1661 4302 su·

493 4349 566 4424 bito
592 4349 788 4424 transfixus
814 4361 869 4428 est
891 4351 1013 4447 gladio
1038 4351 1086 4424 ab
1113 4371 1186 4424 uno
1211 4349 1363 4424 Ribaldo
1384 4349 1514 4424 sicario
1530 4349 1661 4444 despe-

493 4476 585 4563 rato,
599 4469 838 4564 presentibus
851 4470 964 4544 tratre
977 4478 1014 4544 et
1026 4469 1305 4566 consanguineis
1326 4469 1417 4544 eins.
1430 4469 1475 4542 Et
1487 4469 1661 4546 continuo

491 4589 643 4664 sicarius
669 4591 869 4665 trucidatus
895 4592 941 4664 ab
968 4590 1034 4664 illis
1060 4591 1177 4664 fertur
1201 4590 1335 4664 dixisse
1360 4589 1456 4663 istud
1483 4589 1660 4664 verbum:

491 4713 559 4786 boc
585 4731 658 4785 non
684 4712 750 4786 luit
776 4712 812 4785 in
838 4719 953 4806 pacto.
981 4711 1060 4804 lpse
1087 4729 1176 4785 vero
1201 4710 1379 4786 Rizardus
1414 4711 1574 4786 moriens
1606 4710 1662 4785 di-

552 4903 579 4965 (¹)
595 4907 619 4963 t,
634 4899 747 4950 nomine.
909 4901 912 4907 '
933 4895 962 4962 (¹)
976 4903 1001 4957 t,
1017 4899 1161 4950 raritatem.

547 4979 579 5042 l')
596 4979 626 5027 li.
643 4976 693 5026 llic
709 4981 786 5026 autor
801 4977 874 5039 ponit
888 4975 1019 5040 quomodo
1033 4973 1134 5026 Curitis
1151 4976 1276 5038 praedicit.
