4842 6642
820 807 892 874 l'lt
1210 818 1415 876 consanum
1440 819 1606 872 nnaanrsr

817 964 909 1039 Dicit
934 985 1043 1060 ergo:
1062 969 1112 1037 Lo
1129 967 1198 1036 mio
1214 967 1386 1056 synardo,
1404 963 1506 1058 idest,
1526 962 1797 1056 contemplatio,
1818 985 1906 1036 aneu
1927 953 1990 1055 yid

815 1090 900 1158 bruc
919 1106 1101 1178 compreru
1127 1087 1164 1158 lo
1186 1087 1309 1177 formu
1333 1085 1482 1175 penerel
1504 1085 1542 1158 di
1562 1085 1764 1176 paratam
1781 1083 1868 1178 quia
1889 1083 1992 1158 vide-

816 1209 873 1277 rat
889 1204 1040 1301 angelos
1057 1203 1303 1278 ministrantes
1321 1202 1596 1298 beatitudinem,
1614 1209 1651 1278 et
1669 1203 1796 1278 beatos
1823 1210 1990 1278 contem·

817 1323 957 1418 plantes
982 1323 1101 1419 ipsum
1119 1324 1237 1397 Deum
1259 1323 1296 1397 iu
1312 1323 1487 1420 generali,
1507 1323 1607 1398 nullo
1625 1329 1749 1398 notato
1771 1324 1807 1396 in
1825 1323 1989 1419 speciali,

819 1442 917 1518 uude
940 1443 1044 1518 dicit:
1069 1447 1108 1516 in
1132 1446 1230 1518 nullo
1251 1452 1356 1537 parte
1384 1465 1496 1518 oncor
1522 1447 1676 1538 formato
1702 1446 1790 1539 piso;
1815 1451 1852 1520 et
1881 1443 1988 1519 dicit:

817 1585 837 1637 e
862 1565 1034 1655 volgeonu'
1049 1584 1116 1637 con
1136 1566 1254 1655 voglio
1277 1567 1449 1656 muccoso,
1467 1564 1569 1658 idest,
1589 1565 1635 1639 de
1654 1584 1749 1638 novo
1770 1583 1925 1640 accensa
1942 1563 1989 1638 ad

817 1683 1111 1779 cognoscendum
1137 1684 1274 1778 aliquid
1299 1683 1474 1778 speciale,
1502 1684 1600 1759 unde
1624 1683 1728 1758 dicit:
1751 1705 1818 1777 per
1844 1687 1990 1758 -dimon-

818 1806 888 1876 dor
913 1808 949 1879 lo
973 1807 1045 1877 mio
1070 1810 1202 1878 Donnu
1226 1808 1377 1897 dicore,
1403 1807 1441 1879 di
1463 1808 1524 1878 cire
1549 1807 1586 1879 lu
1611 1813 1721 1879 mento
1746 1808 1818 1877 aria
1843 1825 1909 1880 cra
1928 1827 1988 1879 so-

816 1947 931 2019 spem,
956 1925 1058 2019 idest,
1083 1926 1205 2019 dubia,
1232 1926 1319 2021 quia
1345 1926 1492 2002 volebat
1516 1933 1643 2022 petere
1667 1926 1714 2001 de
1743 1925 1829 2002 sede
1863 1926 1985 2001 llariae

817 2050 854 2119 et
878 2045 925 2120 de
948 2045 1035 2120 sede
1051 2044 1163 2141 ipsius
1183 2045 1366 2122 Beatricis.
1388 2047 1432 2120 Et
1449 2045 1570 2120 subdit
1588 2045 1775 2140 quomodo
1796 2066 1844 2121 ex
1865 2045 1987 2142 inspe-

818 2171 909 2259 rato,
928 2166 1008 2240 loco
1026 2165 1200 2240 Beatricis
1224 2166 1385 2241 occurrit
1410 2167 1477 2241 sibi
1503 2166 1559 2240 vir·
1582 2167 1714 2241 beatus
1735 2167 1989 2262 contemplati·

818 2307 896 2359 vus.
923 2285 1015 2359 Dicit
1045 2305 1156 2381 ergo:
1181 2306 1252 2358 arno
1275 2289 1471 2377 intendero,
1498 2287 1584 2381 quia
1611 2286 1747 2361 scilicet
1777 2286 1990 2362 intendebat

817 2404 917 2499 loqui
947 2404 1102 2479 Beatrici
1134 2411 1171 2478 et
1203 2405 1395 2480 certiorari
1426 2407 1473 2480 ab
1507 2405 1583 2501 ipsa
1615 2406 1662 2481 de
1693 2405 1926 2501 quibusdam,
1954 2413 1987 2481 et

817 2532 924 2619 atrro,
949 2527 1051 2621 idest,
1077 2527 1170 2602 alius
1195 2528 1342 2624 spiritus
1366 2529 1508 2625 beatus,
1528 2532 1576 2602 nri
1591 2532 1751 2623 rtrpose5
1769 2528 1867 2603 unde
1884 2527 1988 2602 dicit:

817 2651 943 2724 creden
966 2651 1070 2722 aeder
1090 2652 1248 2723 Beatum
1271 2656 1305 2722 et
1328 2652 1399 2724 uidi
1414 2671 1461 2723 nn
1478 2672 1577 2742 scne,·
1596 2649 1654 2723 bic
1671 2656 1751 2724 erat
1768 2648 1989 2724 venerabilis

819 2769 1039 2863 Bernartius,
1065 2773 1182 2844 vestito
1210 2791 1278 2843 con
1308 2772 1340 2843 le
1366 2774 1460 2863 penti
1486 2773 1653 2863 gloriose,
1679 2770 1781 2863 idest,
1812 2775 1987 2844 ornatum

817 2890 939 2965 divino
957 2889 1095 2965 lumine
1113 2891 1222 2965 simul
1240 2911 1325 2966 cum
1345 2891 1424 2965 aliis
1443 2891 1559 2966 beatis
1575 2890 1807 2988 glorificatis,
1825 2891 1883 2965 vel
1901 2890 1987 2984 quia

816 3017 895 3085 erat
921 3011 1072 3085 vestitus
1095 3011 1180 3085 albo
1204 3010 1299 3086 sicut
1325 3017 1361 3085 et
1385 3010 1456 3085 alii.
1476 3011 1530 3085 Ad
1556 3011 1831 3106 intelligentiam
1857 3018 1985 3085 autem

817 3131 1017 3227 pleniorem
1032 3131 1142 3204 buius
1159 3152 1288 3226 passus
1300 3138 1355 3207 est
1367 3131 1569 3226 sciendum,
1586 3132 1685 3226 quod
1700 3132 1767 3207 iste
1779 3152 1893 3208 senex
1907 3136 1988 3209 erat

816 3252 947 3326 beatus
980 3251 1190 3326 Bernardos
1220 3251 1333 3326 abbas
1357 3250 1644 3345 clarevallensis,
1676 3251 1739 3347 qui
1774 3251 1843 3325 luit
1882 3250 1988 3324 lucu·

815 3372 937 3446 lentus
962 3371 1091 3449 doctor
1115 3379 1152 3447 et
1176 3371 1330 3446 instituit
1354 3371 1522 3446 ordinem
1540 3377 1608 3447 etc.
1636 3373 1753 3447 lutor
1773 3373 1898 3466 itaque
1923 3371 1988 3446 de·

815 3492 940 3567 scribit
965 3493 1084 3588 ipsum
1107 3492 1336 3567 Bernardum
1356 3482 1502 3588 proprie
1522 3493 1727 3567 secundum
1749 3492 1880 3566 merita
1902 3511 1989 3586 per-

815 3631 926 3706 sonae,
945 3613 1064 3707 primo
1083 3612 1131 3686 ab
1155 3618 1274 3706 aetate,
1294 3611 1379 3707 quia
1401 3619 1509 3688 vocat
1527 3631 1614 3688 eum
1634 3632 1781 3706 senem,
1801 3611 1869 3686 luit
1889 3610 1985 3686 enim

816 3731 1025 3806 Bernardos
1050 3753 1163 3807 sonex
1183 3738 1356 3827 tempore
1376 3738 1413 3806 et
1434 3731 1627 3827 sapientia:
1652 3731 1814 3807 secundo
1834 3752 1856 3806 a
1874 3738 1986 3825 veste,

816 3853 903 3947 quia
928 3859 1009 3927 erat
1032 3853 1189 3928 amictus
1215 3853 1332 3950 gloria
1359 3854 1495 3927 multa:
1518 3853 1626 3931 tertio
1652 3874 1674 3928 a
1701 3851 1925 3949 benignitate
1951 3857 1988 3925 et

815 3973 960 4070 pietate,
985 3974 1072 4068 quia
1098 3973 1166 4049 luit
1186 3995 1334 4049 summe
1351 3973 1458 4067 mitis,
1478 3973 1635 4067 humilis,
1653 3973 1827 4068 placidus,
1847 3978 1986 4047 tracta·

815 4094 906 4189 bilis,
923 4095 1085 4169 affabilis
1112 4095 1217 4168 Nunc
1236 4094 1282 4168 ad
1300 4093 1455 4188 literam,
1474 4093 1559 4168 dicit
1576 4100 1703 4169 autor:
1723 4101 1759 4170 et
1781 4095 1842 4170 ille
1858 4115 1986 4188 senex,

814 4238 879 4290 eru
901 4219 1042 4309 diffuso,
1069 4215 1170 4310 idest,
1196 4234 1398 4310 respersus,
1424 4217 1471 4288 di'
1485 4215 1635 4306 benignu
1660 4218 1789 4306 letiziu,
1808 4238 1880 4291 non
1905 4238 1985 4291 ma-

814 4337 910 4433 ligna
936 4337 1053 4431 qualis
1083 4342 1138 4410 est
1169 4335 1291 4410 laetitia
1324 4334 1539 4428 multorum,
1565 4357 1633 4428 per
1661 4339 1711 4427 pti
1740 4325 1836 4410 occdi
1867 4359 1887 4410 e
1916 4359 1982 4430 per

814 4459 845 4530 le
868 4478 967 4548 pene,
988 4456 1094 4550 quasi
1113 4454 1221 4549 dicat,
1240 4454 1362 4530 bilaris
1385 4460 1423 4530 et
1444 4453 1624 4551 benignus
1642 4455 1678 4529 in
1696 4455 1805 4531 iacie-
1819 4457 1863 4530 Et
1879 4457 1985 4533 dicit:

812 4582 849 4651 io
873 4584 945 4651 atto
966 4581 1028 4670 pio
1052 4581 1155 4669 quale
1180 4597 1204 4650 α
1230 4583 1347 4650 mame
1367 4579 1485 4668 padre
1504 4580 1536 4649 si
1551 4579 1726 4650 convince.
1746 4577 1790 4651 Et
1808 4577 1903 4652 bene
1926 4599 1986 4652 as·

813 4699 947 4774 similat
966 4698 1195 4801 Bernardum
1217 4698 1276 4792 pio
1301 4697 1411 4792 patri;
1433 4696 1499 4771 luit
1522 4697 1619 4772 enim
1642 4699 1802 4794 optimus
1828 4697 1988 4793 pateria-

816 4820 942 4913 milias,
961 4820 1022 4914 qui
1051 4826 1103 4894 tot
1128 4819 1219 4892 tilios
1244 4817 1478 4913 spiritualiter
1496 4819 1624 4914 genuit
1641 4826 1678 4894 et
1695 4819 1831 4894 bonam
1853 4839 1985 4894 curam

817 4940 927 5037 gessit
952 4939 1107 5015 iamiliae.
1121 4945 1216 5013 -Ε
1239 4959 1312 5012 ove.
1328 4923 1396 5014 ‘llic
1412 4945 1522 5013 autor
1539 4939 1695 5014 ostendit
1715 4939 1901 5034 quomodo
1923 4962 1987 5036 pa-
