4842 6642
788 794 857 861 190
1178 802 1385 859 couuuruu
1410 789 1575 857 rnnnnrsr

785 950 1016 1026 infallibiliter
1051 954 1089 1023 et
1121 947 1329 1023 necessario
1366 946 1547 1022 evenient.
1586 946 1793 1041 Respondet
1829 951 1958 1020 autor:

785 1078 978 1147 ettamen
1012 1068 1088 1165 ipso
1119 1066 1378 1165 contingentia,
1409 1088 1483 1141 non
1513 1070 1649 1160 prende
1682 1066 1771 1161 perd
1796 1056 1961 1141 needed

787 1194 920 1285 peret,
936 1191 1082 1284 scilieet,
1101 1190 1149 1265 ab
1172 1188 1234 1263 illo
1254 1194 1405 1283 aspectu
1430 1186 1564 1262 divino.
1590 1186 1634 1261 Et
1659 1188 1729 1263 lroe
1753 1187 1963 1263 manifestet

788 1332 998 1407 perunum
1025 1310 1237 1404 exemplum
1268 1328 1438 1406 grossum
1469 1308 1725 1402 domesticum,
1755 1308 1898 1382 dicens:
1923 1328 1963 1381 se

788 1454 861 1507 oon
884 1453 980 1507 cuore
1003 1451 1108 1521 naue,
1133 1433 1193 1504 clte
1217 1432 1377 1504 ditem
1400 1424 1462 1521 pol
1481 1450 1549 1523 pcr
1573 1438 1747 1521 cowenoe,
1770 1429 1874 1524 idest,
1891 1430 1962 1503 llu-

790 1554 902 1646 vlum,
936 1553 1075 1647 supple,
1111 1550 1239 1645 recipit
1271 1549 1540 1643 necessitatem,
1568 1552 1633 1623 dut
1665 1552 1740 1622 uiso
1769 1552 1809 1622 in
1836 1551 1898 1622 cte
1930 1551 1963 1621 si

786 1674 955 1764 speeclrta,
986 1671 1089 1765 idest,
1113 1670 1162 1744 ub
1193 1671 1302 1745 oculo
1334 1668 1427 1743 illius
1456 1692 1480 1745 a
1513 1690 1589 1764 quo
1614 1670 1834 1766 prospicitur
1863 1688 1959 1745 eam.

788 1792 832 1865 Et
856 1790 916 1865 hic
940 1797 1026 1865 nota
1052 1789 1151 1884 quod
1176 1810 1244 1884 per
1268 1790 1338 1865 hoc
1362 1797 1473 1865 autor
1497 1792 1577 1865 vult
1600 1790 1736 1885 dicere,
1756 1789 1854 1884 quod
1876 1808 1963 1885 pro·

790 1910 946 1987 videntia
970 1912 1036 1985 Dei
1063 1932 1135 1985 nou
1153 1910 1307 2007 imponit
1324 1898 1578 1987 necessitatem
1597 1911 1730 1985 suturis
1746 1912 1963 2009 contingen-

790 2032 897 2126 tibus,
923 2032 990 2107 nisi
1015 2031 1110 2107 sicut
1143 2032 1275 2107 oculus
1303 2033 1502 2125 humanus,
1537 2030 1601 2124 qui
1633 2036 1733 2105 stans
1763 2031 1810 2105 ad
1845 2030 1961 2127 ripunr

790 2153 902 2229 meris
928 2154 985 2228 vel
1011 2152 1171 2227 lluminis
1196 2152 1294 2227 videt
1318 2174 1340 2227 a
1367 2153 1477 2249 longe
1512 2152 1634 2227 navim
1666 2152 1874 2227 venientem
1904 2172 1964 2226 se·

791 2273 955 2347 cundum
989 2292 1142 2347 cursum
1178 2291 1299 2366 equae,
1325 2272 1390 2367 qui
1417 2273 1500 2348 licet
1531 2272 1652 2347 vident
1680 2272 1802 2346 nerim
1837 2270 1966 2347 certis-

790 2394 882 2467 sime
906 2392 1115 2467 venientem
1142 2391 1187 2465 ud
1210 2398 1372 2487 portum,
1400 2398 1622 2467 tamennon
1654 2392 1806 2488 imponit
1838 2410 1965 2467 neces-

790 2512 935 2587 sitatem
956 2511 1034 2604 sibi,
1053 2512 1139 2607 quia
1155 2512 1206 2586 ita
1224 2512 1301 2607 ipso
1318 2532 1391 2585 non
1410 2511 1556 2587 vidente
1571 2512 1667 2587 sieut
1685 2512 1843 2605 ridente,
1860 2510 1966 2586 navis

791 2632 876 2708 lucit
899 2652 1051 2706 cursum
1079 2652 1202 2705 suum.
1221 2632 1434 2730 Sicut'ergo
1451 2632 1619 2728 praevisio
1637 2635 1799 2708 humanu
1820 2652 1891 2707 nou
1909 2638 1966 2707 est

792 2774 902 2828 cause
929 2773 1047 2846 quere
1064 2754 1133 2826 hoc
1153 2752 1210 2846 sit,
1229 2753 1279 2827 itu
1297 2772 1366 2828 nec
1385 2752 1611 2848 providentia
1628 2752 1750 2827 divina
1772 2759 1828 2827 est
1852 2771 1965 2825 ceusu

792 2894 867 2968 que
883 2867 920 2966 (¹)
937 2873 1064 2948 lutura
1080 2874 1272 2967 eveniaut3
1289 2874 1339 2948 itu
1356 2874 1455 2949 enirn
1473 2894 1514 2948 se
1533 2874 1670 2949 habere
1681 2866 1717 2965 (²)
1740 2874 1964 2969 providentia

793 2994 839 3069 ad
864 2994 1002 3087 lutura,
1028 2992 1122 3067 sicul
1148 2993 1239 3068 risio
1265 2996 1427 3068 humanu
1452 2995 1498 3068 ad
1524 2994 1726 3090 praesentie.
1747 2994 1850 3068 Videt
1867 2994 1965 3068 enim

794 3114 891 3189 Deus
915 3112 1039 3187 omnin
1065 3112 1190 3189 luturu
1217 3113 1254 3186 in
1279 3114 1424 3188 instanti
1449 3114 1673 3209 aeternitutis,
1700 3115 1749 3189 itu
1779 3098 1879 3207 quod
1912 3114 1967 3187 lu-

793 3242 878 3309 tura
903 3255 977 3309 non
1003 3240 1095 3329 sunt
1112 3234 1179 3308 sibi
1207 3233 1347 3327 luturu3
1365 3241 1404 3309 et
1419 3242 1551 3310 caetern
1579 3236 1695 3309 multu
1722 3236 1830 3309 videt.
1845 3240 1967 3309 -Do

792 3357 877 3430 todi.
904 3353 969 3429 llic
989 3353 1229 3451 Caccieguida
1250 3355 1407 3429 ostendit
1423 3356 1611 3449 quomodo
1630 3356 1757 3451 recipit
1773 3358 1968 3452 praeseien·

793 3474 881 3549 tium
909 3475 1122 3549 futurorum
1149 3480 1396 3549 venturorum
1423 3476 1489 3549 sibi
1515 3476 1563 3549 ab
1588 3478 1666 3571 ipso
1688 3484 1886 3572 conspectu
1913 3476 1969 3551 di·

795 3596 891 3687 vino,
910 3596 969 3670 cui
988 3595 1113 3669 omnia
1138 3590 1331 3690 praesentie
1359 3601 1454 3669 sunt.
1482 3596 1585 3670 Unde
1605 3596 1709 3671 dicit:
1735 3601 1768 3671 lt
1782 3607 1894 3693 tempo
1910 3600 1969 3671 cte

795 3718 878 3789 tis'
892 3718 1137 3809 appureccltiu,
1167 3715 1270 3809 idest,
1304 3717 1463 3809 fortuna,
1490 3737 1575 3810 quae
1606 3719 1874 3813 appropinquet
1906 3718 1968 3792 tibi

796 3836 831 3909 in
858 3842 1026 3931 tempore
1052 3836 1220 3931 proxime
1244 3836 1384 3929 futuro,
1410 3839 1458 3909 mi
1486 3840 1583 3909 olene
1613 3858 1638 3924 p
1668 3841 1770 3929 outo,
1794 3838 1896 3932 idest,
1922 3838 1970 3913 ad
2032 3922 2041 3936 ‚

796 3955 914 4028 visum
943 3976 1084 4048 meum,
1108 3958 1158 4029 du
1173 3956 1262 4047 todi,
1280 3956 1427 4049 scilicet,
1443 3957 1491 4031 ab
1511 3957 1572 4031 illo
1587 3948 1623 4049 (³)
1643 3965 1839 4053 conspeetu
1860 3966 1969 4034 reter-

797 4096 863 4171 no·;
890 4075 990 4181 quod
1014 4075 1177 4151 declarat
1202 4096 1268 4172 per
1293 4075 1412 4152 simile
1438 4076 1639 4172 proprium,
1660 4078 1794 4173 diceus,
1819 4071 1849 4152 st
1874 4100 1971 4152 come

795 4198 893 4270 doleo
916 4200 1084 4271 ortucula
1109 4199 1205 4271 olette
1229 4198 1280 4270 cd
1302 4200 1463 4270 oroneo
1485 4198 1536 4271 du
1556 4216 1720 4291 orpuno3
1738 4203 1774 4272 et
1794 4206 1850 4273 est
1870 4199 1971 4273 simi·

796 4317 910 4391 litudo
936 4318 1093 4413 propria.
1121 4318 1223 4391 Sicut
1248 4316 1346 4391 enirn
1372 4317 1474 4392 euris
1490 4320 1653 4391 humana
1672 4318 1799 4413 recipit
1823 4319 1969 4397 dulcem

796 4454 928 4511 sonum
954 4438 1002 4511 ab
1027 4458 1168 4533 organo
1194 4438 1289 4512 bene
1312 4443 1531 4532 temperato,
1549 4437 1598 4511 ite
1620 4438 1824 4513 intellectus
1840 4438 1971 4513 beatus

797 4556 893 4631 videt
918 4556 1072 4631 dulciter
1098 4563 1274 4631 eventum
1301 4557 1514 4631 futurorum
1532 4558 1569 4630 in
1587 4557 1648 4631 illo
1667 4578 1808 4654 organo
1830 4564 1971 4653 tempe·

799 4674 990 4768 ratissimo,
1011 4698 1033 4749 a
1060 4696 1135 4770 quo
1160 4686 1310 4751 emanat
1336 4678 1527 4752 harmonia
1553 4698 1620 4773 per
1645 4677 1808 4752 diversas
1833 4676 1972 4754 fistulas

863 4932 890 4997 l‘l
907 4934 937 4987 ι
952 4946 1044 5000 nune.
1231 4936 1260 5001 (¹)
1276 4939 1307 4989 lt
1322 4952 1338 4989 ο
1353 4944 1378 5000 t,
1394 4952 1421 4990 se
1436 4940 1541 5027 hotot..
1711 4937 1738 5003 pp
1754 4940 1785 4990 Ε.
1801 4940 1859 4991 uto.
