4842 6642
938 789 986 854 44
1329 798 1533 852 [ὈΜΕΝΤΙΙΠ
1557 797 1726 851 recantet

935 951 1021 1019 tunc
1046 943 1131 1018 lecit
1156 942 1292 1017 librum
1317 941 1364 1016 de
1389 941 1542 1017 Ciuitate
1566 939 1645 1032 Ilei,
1670 938 1708 1012 in
1734 959 1809 1033 quo
1830 939 1958 1033 pulcre
1977 937 2110 1034 probat

934 1071 970 1139 el
987 1062 1183 1158 persuadet
1200 1083 1267 1157 per
1286 1061 1381 1136 dicta
1402 1061 1568 1156 ipsorum
1588 1078 1819 1155 paganorum
1837 1065 1875 1132 et
1893 1058 1999 1152 iacta,
2013 1077 2108 1152 qua·

933 1183 1017 1257 liter
1043 1190 1208 1278 tempora
1236 1181 1429 1256 christiana
1455 1186 1542 1254 sunt
1567 1180 1676 1276 longe
1703 1178 1856 1254 meliora
1876 1179 2045 1274 paganis;
2070 1185 2108 1253 et

935 1309 1023 1377 tunc
1055 1303 1195 1398 scripsit
1229 1302 1358 1377 Orosio
1389 1301 1604 1397 presbytero
1636 1299 1799 1395 hispano,
1830 1319 1943 1392 quem
1970 1298 2108 1374 sciebat

934 1442 1016 1498 esse
1040 1443 1217 1518 magnum
1245 1421 1471 1514 historicum,
1499 1429 1541 1495 ut
1564 1420 1742 1496 scriberet
1765 1419 1813 1493 de
1837 1419 1968 1494 eadem
1987 1425 2105 1494 mate-

936 1543 1008 1619 ria:
1034 1544 1132 1618 unde
1156 1543 1270 1617 ambo
1294 1542 1487 1617 intendunt
1510 1541 1684 1616 eumdem
1712 1541 1835 1634 linem,
1861 1541 1945 1614 licet
1973 1540 2111 1635 dispari

935 1665 1033 1758 stilo;
1059 1665 1111 1739 sic
1136 1685 1227 1760 ergo
1252 1669 1352 1759 patet
1376 1684 1422 1739 ex
1448 1662 1552 1738 dictis
1577 1661 1765 1758 quomodo
1789 1661 1971 1758 possimus
2000 1661 2107 1735 intel·

934 1787 1047 1882 ligere
1072 1785 1118 1860 de
1144 1793 1305 1878 utroque
1331 1785 1600 1880 praedictorum.
1627 1784 1733 1858 Nunc
1758 1803 1850 1879 ergo
1874 1781 1922 1857 ad
1947 1783 2105 1876 literam,

934 1905 1018 1979 dicit
1042 1905 1221 1979 Thomas:
1252 1908 1538 1994 Quelteoooeeto
1562 1907 1615 1978 de’
1627 1905 1732 1996 tempi
1755 1905 1927 1992 cristiani,
1954 1902 2103 1993 scilieet,

934 2025 1172 2119 Ambrosium
1198 2047 1285 2100 nam
1312 2046 1378 2120 per
1404 2024 1659 2099 excellentiam
1682 2029 1800 2118 potest
1819 2023 1887 2098 dici
1907 2023 2110 2096 advocatus

934 2146 1217 2221 christianorum
1245 2145 1361 2241 magis
1387 2167 1499 2238 quam
1525 2145 1686 2237 Orosius,
1713 2146 1771 2219 del
1794 2147 1851 2218 eui
1873 2146 1984 2217 lutino
2009 2149 2109 2234 Apo-

935 2271 1002 2340 stin
1027 2271 1058 2339 si
1079 2271 1265 2360 praevide,
1290 2268 1377 2361 quia
1401 2265 1448 2340 ad
1474 2265 1555 2340 eius
1585 2264 1880 2360 predicationem
1907 2283 2109 2338 conversus

935 2395 990 2462 est
1015 2388 1061 2462 ad
1088 2387 1221 2462 iidem:
1257 2395 1295 2462 et
1328 2387 1380 2462 sic
1409 2387 1505 2462 bene
1535 2385 1693 2482 providit
1721 2378 1852 2479 sitit),
1889 2384 1974 2478 quia
2000 2383 2107 2458 saluti

934 2507 1067 2582 animae
1084 2530 1161 2582 suae
1181 2515 1220 2583 et
1243 2507 1402 2582 aliorum
1429 2509 1646 2600 multorum,
1663 2506 1751 2600 quia
1768 2506 1892 2579 nullus
1911 2505 2103 2600 copiosius,

936 2628 1058 2702 nullus
1082 2628 1251 2702 subtilius
1275 2627 1417 2722 scripsit
1442 2628 1670 2724 Augustin03
1703 2629 1794 2717 ride,
1821 2626 1923 2719 idest,
1949 2626 2107 2716 laetatur,

935 2751 1012 2822 nelt’
1025 2752 1120 2822 altra
1138 2751 1331 2842 piccioleltn
1347 2753 1430 2822 loce.
1449 2747 1526 2822 Hoc
1550 2747 1637 2824 dicit
1657 2747 1745 2842 quia
1764 2747 1833 2820 luit
1849 2765 2005 2841 corpore
2021 2765 2109 2840 par·

936 2889 1016 2961 vuS,
1027 2869 1121 2943 sicut
1133 2868 1382 2952 communiter
1395 2875 1481 2942 sunt
1494 2867 1651 2960 romani,
1665 2874 1790 2942 tamen
1807 2865 1932 2940 animo
1949 2884 2108 2961 magnus

936 2990 1030 3065 sicut
1055 2991 1179 3064 valens
1205 3011 1404 3082 romanus;
1431 2989 1499 3062 luit
1524 2989 1624 3063 enim
1649 2987 1866 3064 Ambrosius
1891 2986 2020 3061 nobilis
2045 3005 2109 3058 ro-

936 3131 1068 3184 manus
1100 3109 1145 3184 de
1182 3109 1295 3204 stirpe
1318 3109 1544 3205 lignorum3
1575 3109 1634 3184 vel
1650 3100 1686 3201 (¹)
1718 3108 1748 3182 si
1782 3107 2029 3203 intelligamus
2061 3104 2108 3180 de

934 3229 1074 3323 Orosio,
1094 3236 1183 3304 tunc
1201 3229 1304 3304 litera
1323 3237 1529 3324 exponatur
1546 3229 1620 3303 sic:
1639 3232 1739 3320 qnetl’
1753 3233 1923 3302 avomnto
1939 3227 1993 3300 de’
2006 3227 2110 3317 tempi

934 3352 1105 3438 nudum,
1131 3349 1267 3423 scilicet
1291 3349 1453 3443 Orosius,
1479 3349 1544 3442 qui
1560 3349 1757 3443 assumpsit
1773 3367 1925 3422 causam
1943 3343 2109 3420 christia·

935 3489 1068 3544 norum
1095 3468 1359 3544 defendendam
1385 3475 1512 3543 contra
1538 3489 1712 3565 paganos
1734 3475 1781 3541 ut
1803 3466 1943 3542 dictum
1969 3471 2036 3557 est,
2053 3465 2111 3536 del

933 3593 988 3665 eni
1012 3593 1120 3662 lutrio
1144 3592 1292 3679 Apostin
1315 3591 1529 3681 riprooide,
1556 3589 1643 3682 quia
1669 3587 1898 3684 Augustinus
1920 3583 2109 3679 requisivit

934 3729 1022 3786 eum
1047 3709 1085 3783 in
1110 3730 1220 3784 suurn
1247 3709 1462 3803 subsidium,
1489 3716 1531 3784 ut
1555 3709 1607 3784 sic
1633 3710 1764 3784 lortius
1779 3710 1856 3783 duo
1877 3727 1989 3802 quam
2013 3726 2110 3780 unus

934 3837 1119 3906 certarent
1143 3835 1271 3904 contra
1296 3829 1526 3905 adversarios
1551 3830 1693 3905 Christi.
1720 3828 1824 3904 Unde
1852 3829 1929 3924 ipse
1957 3826 2110 3902 Orosius

935 3950 1095 4026 breviter
1122 3951 1303 4044 percurrit
1329 3951 1454 4026 omnia
1466 3943 1505 4043 (³)
1526 3971 1662 4047 magna
1688 3952 1784 4026 mala
1806 3948 1935 4025 mundi
1959 3970 1983 4023 a
2008 3948 2110 4044 prin-

934 4070 1027 4167 cipio
1045 4071 1168 4146 saeculi
1190 4092 1309 4166 usque
1334 4071 1380 4145 ad
1408 4079 1552 4166 tempus
1569 4073 1639 4165 sui,
1657 4071 1794 4147 scilicet
1811 4070 1995 4164 usquead
2013 4077 2109 4146 tem·

935 4212 1003 4286 pus
1027 4191 1176 4264 llonorii
1208 4198 1246 4266 et
1275 4191 1419 4267 Arcadii
1444 4193 1711 4287 imperatorum
1738 4212 2005 4285 romanorum
2030 4193 2109 4264 ride

933 4315 971 4384 in
995 4313 1108 4402 quella
1130 4315 1323 4403 pircioletta
1349 4315 1435 4404 lure,
1461 4318 1632 4388 notanter
1662 4312 1759 4406 dicit,
1786 4314 1996 4404 piceiolettu,
2021 4310 2108 4404 quia

933 4432 1082 4506 Orosius
1115 4453 1187 4506 non
1217 4432 1335 4506 extitit
1367 4432 1615 4525 canonizatus,
1641 4453 1711 4508 nec
1748 4439 1860 4507 tantae
1896 4429 2107 4507 excellentis

933 4551 1091 4626 scientie
1112 4551 1190 4647 luit,
1208 4553 1303 4627 sicut
1319 4554 1380 4628 alii
1399 4554 1638 4649 suprascripti
1663 4560 1701 4630 et
1725 4552 1956 4648 infrascripti.
1974 4553 2020 4626 lit
2044 4550 2105 4626 tric

934 4677 1019 4745 nota
1044 4671 1142 4765 quod
1169 4675 1339 4766 quamvis
1364 4672 1461 4749 istud
1485 4674 1598 4769 possit
1622 4673 1773 4771 intelligi
1800 4680 1876 4747 tam
1901 4673 1949 4747 de
1978 4670 2107 4746 Orosio

999 4933 1026 4995 (¹)
1043 4932 1073 4983 Ε.
1090 4931 1146 4992 ellit,
1162 4930 1262 4984 scilicet
1277 4933 1364 4984 saluit
1488 4933 1517 4995 (⁸)
1532 4932 1563 4982 li.
1579 4933 1625 4984 red
1638 4933 1669 4984 sl.
1793 4933 1821 4996 (¹)
1838 4935 1871 4985 E.
1885 4933 1973 4984 omnia
1988 4931 2067 4983 mala.
