4842 6642
766 871 905 928 murus
929 874 1121 930 rrcnsruus
1145 865 1323 941 odessus.
1560 861 1628 929 341

460 1020 625 1092 maaria.
652 1018 696 1092 Et
721 1017 780 1092 hic
800 1023 886 1092 nota
904 1018 1091 1113 quomodo
1108 1017 1336 1114 comparatio
1353 1025 1408 1094 est
1424 1039 1633 1115 congruens

459 1137 573 1234 iacto3
598 1159 685 1214 nam
712 1144 902 1234 comparat
926 1138 1077 1213 Petrum
1105 1139 1295 1236 magistro,
1320 1137 1383 1234 qui
1409 1138 1477 1212 iuit
1510 1143 1633 1212 tantus

459 1260 633 1356 magister
653 1259 757 1354 tidei3
775 1279 816 1334 se
840 1259 961 1355 ipsum
987 1280 1078 1336 vero
1104 1260 1327 1354 bacuniano,
1348 1259 1411 1355 qui
1439 1258 1633 1354 respondet

458 1380 505 1454 ad
521 1387 742 1476 argumenta
764 1377 830 1453 sibi
854 1378 960 1454 iacta.
987 1379 1032 1452 Et
1048 1379 1132 1455 ride
1153 1380 1253 1475 quod
1270 1386 1380 1454 autor
1396 1400 1493 1474 saepe
1510 1378 1633 1454 inerat

458 1505 633 1596 expertus
658 1502 757 1574 hunc
780 1504 906 1575 actum
924 1500 1020 1576 inse
1037 1499 1220 1595 ipsodum
1239 1499 1442 1594 disputaret
1458 1499 1628 1573 Parisius.

457 1659 507 1674 -
518 1624 589 1712 Dt',
602 1621 705 1694 buon
723 1619 789 1694 liic
803 1624 916 1695 autor
933 1620 1036 1716 ponit
1051 1620 1209 1715 primam
1228 1619 1439 1716 petitionem
1466 1620 1564 1695 Petri
1581 1618 1627 1693 ad

458 1761 509 1833 se,
535 1746 573 1815 et
601 1761 710 1815 suam
742 1741 1016 1836 apparationem
1042 1741 1088 1816 ad
1110 1741 1415 1837 respondendum.
1447 1741 1550 1817 Unde
1575 1741 1631 1816 di-

458 1861 526 1936 cit:
543 1867 582 1935 et
597 1862 729 1936 Petrus
753 1860 861 1935 dixit:
881 1865 912 1934 0
928 1862 1020 1936 buon
1036 1864 1218 1952 notam,
1236 1861 1296 1953 di’,
1322 1861 1425 1955 idest,
1443 1860 1501 1937 dic
1520 1860 1628 1934 milri:

457 1983 518 2055 clte
537 1978 559 2057 e*
576 1983 683 2076 sede?
708 1988 747 2056 et
771 1981 955 2076 sequitur:
981 1984 1113 2056 ond'io
1137 1985 1228 2056 lesui
1252 1985 1289 2055 la
1310 1985 1429 2076 fronte
1452 1984 1490 2054 in
1514 1983 1630 2075 quello

457 2107 543 2196 hsce,
567 2105 659 2176 ende
681 2106 829 2195 spr'ram
854 2111 983 2194 mesto,
1010 2102 1112 2197 idest,
1138 2103 1175 2176 in
1201 2103 1366 2197 Petrum,
1392 2103 1456 2197 qni
1488 2101 1632 2177 dicebat

457 2224 545 2299 milri
562 2223 671 2298 istud.
688 2223 733 2296 lit
749 2229 949 2318 antequam
968 2224 1228 2319 responderem
1248 2223 1422 2319 petitioni,
1440 2231 1483 2296 ut
1500 2223 1629 2298 fierem

457 2326 594 2441 sortior,
620 2347 670 2420 mi
693 2347 783 2419 oolsi
801 2347 865 2438 poi
888 2365 913 2417 a
938 2347 1107 2436 doctrice,
1134 2363 1218 2439 quae
1244 2344 1460 2419 ooniortavit
1492 2364 1553 2418 me
1584 2342 1629 2418 ad

456 2465 748 2562 responsionem3
767 2465 865 2539 unde
881 2465 986 2539 dicit:
1004 2474 1037 2539 et
1051 2485 1131 2539 esso
1144 2468 1265 2560 smmi
1278 2473 1404 2558 monte
1418 2465 1629 2556 sonticum,

455 2593 494 2663 et
524 2585 737 2682 apparentia
771 2586 875 2682 signa
909 2606 976 2683 per
1009 2585 1278 2661 conniventiam
1310 2587 1517 2679 oculorum,
1545 2606 1630 2679 per·

456 2707 554 2781 ot'io
585 2707 768 2798 mendoso·
803 2709 953 2798 lacque
989 2709 1028 2780 di
1047 2711 1134 2800 soor
1162 2709 1220 2780 del
1253 2709 1322 2780 mio
1353 2709 1491 2781 interno
1521 2709 1629 2800 sorde,

456 2825 565 2919 idest,
604 2833 647 2900 ut
685 2825 932 2920 exprimerem
971 2826 1086 2901 verbo
1123 2825 1211 2901 illud
1249 2826 1349 2922 quod
1387 2811 1645 2922 conceperam

456 2947 578 3041 eorde,
605 2945 805 3042 inspirante
829 2945 951 3020 divina
975 2947 1106 3042 gratia.
1133 2947 1179 3020 Et
1202 2947 1262 3022 hie
1288 2953 1374 3022 nota
1403 2945 1504 3041 quod
1523 2951 1630 3021 autor

456 3067 590 3142 merito
613 3067 685 3142 hoc
711 3067 824 3164 tingit,
850 3067 1028 3161 quianon
1047 3067 1267 3163 potestquis
1285 3068 1507 3163 respondere
1529 3074 1630 3142 recte

454 3188 501 3262 ad
527 3186 723 3282 quaesitum
750 3187 845 3281 fidei,
871 3187 938 3261 nisi
963 3187 1065 3281 prius
1084 3187 1252 3283 respiciat
1269 3186 1501 3284 theologiam.
1516 3190 1630 3258 -Lu

453 3311 594 3400 pruzia
620 3308 686 3384 liic
710 3317 820 3384 autor
840 3327 1087 3403 responsurus
1111 3309 1159 3384 de
1184 3307 1339 3384 materia
1362 3308 1491 3403 ardua,
1509 3308 1630 3404 primo

454 3427 541 3503 iacit
557 3449 665 3503 suam
681 3427 977 3523 deprecationem
990 3428 1038 3502 ad
1052 3428 1183 3523 Deum,
1203 3436 1245 3502 ut
1262 3429 1373 3524 possit
1391 3428 1484 3503 bene
1505 3429 1630 3524 expri-

455 3567 560 3624 mere
584 3547 685 3642 quod
708 3547 884 3643 concepit
912 3547 1015 3623 Unde
1048 3547 1152 3623 dicit:
1182 3553 1224 3621 lo
1256 3541 1459 3640 cernimini,v
1488 3549 1627 3644 supple,

453 3667 588 3762 dicere,
618 3671 655 3741 lo
685 3671 816 3759 pruzia
840 3669 900 3740 clte
929 3670 978 3742 mi
1004 3657 1054 3741 dd
1086 3671 1186 3741 clt'io
1211 3671 1261 3742 nri
1284 3671 1434 3763 confessi
1458 3669 1542 3741 dull
1557 3671 1628 3742 ato

451 3791 643 3884 primipilo,
673 3787 777 3882 idest,
807 3787 926 3884 gratia
956 3785 1031 3882 Dei,
1066 3809 1152 3884 que
1185 3787 1351 3864 concedit
1386 3787 1474 3864 mihi
1507 3795 1547 3862 ut
1573 3789 1629 3863 vi-

456 3929 546 3986 vens
565 3909 710 3985 veniam
738 3908 775 3982 in
799 3908 935 3984 coelum
961 3909 1009 3983 ad
1024 3909 1249 4004 colloquium
1273 3930 1360 3985 cum
1377 3911 1486 3986 beato
1507 3911 1627 4004 Petro,

456 4049 569 4125 quem
584 4036 691 4104 vocat
703 4027 938 4126 primipiium.
948 4029 1158 4126 Primipilus
1170 4029 1283 4124 eninr,
1299 4037 1340 4104 ut
1359 4029 1444 4105 dicit
1455 4029 1627 4124 Isidorus,

454 4151 555 4247 apud
583 4171 756 4225 romanos
785 4157 867 4225 erat
896 4149 1074 4226 vexillifer
1099 4149 1163 4246 qui
1192 4151 1363 4246 portabat
1382 4141 1550 4246 'primurn
1578 4150 1628 4224 si-

453 4292 583 4369 gnum,
609 4277 647 4347 et
661 4263 699 4364 (¹)
733 4270 797 4365 qui
826 4270 986 4366 jaciebat
1016 4269 1179 4367 primum
1205 4271 1320 4365 pilum
1352 4269 1429 4345 sive
1459 4271 1625 4345 lanceam

453 4391 490 4464 in
517 4391 655 4486 praelio.
672 4392 726 4464 lta
745 4391 876 4466 Petrus
892 4389 961 4464 luit
980 4391 1124 4486 primus
1143 4391 1245 4487 pugil
1262 4397 1299 4465 et
1318 4396 1501 4486 pugnator
1521 4389 1624 4484 tidei3

453 4511 568 4587 immo
592 4511 640 4587 de
664 4513 760 4587 lacto
786 4511 863 4607 ipse
878 4518 966 4587 ante
981 4532 1112 4587 omues
1127 4511 1296 4587 exercuit
1312 4511 1473 4607 gladium
1492 4532 1626 4606 ampu-

452 4631 562 4707 tando
586 4631 794 4706 auriculam
809 4621 861 4726 (¹),
885 4637 924 4707 et
949 4631 1000 4706 sic
1024 4631 1093 4706 luit
1117 4631 1259 4726 primus
1286 4651 1478 4726 percussor
1499 4632 1536 4705 in
1554 4651 1625 4726 pu-

450 4773 536 4850 gna,
562 4753 600 4826 in
624 4772 699 4847 qua
725 4751 890 4827 Christus
903 4742 942 4844 (⁸)
966 4758 1096 4848 captus
1120 4757 1159 4829 et
1182 4760 1354 4828 mortuus
1384 4749 1626 4848 triumphavit

512 4937 586 4999 (¹1ss
603 4938 646 4990 vel
661 4940 715 5002 qui.
901 4937 931 5005 (⁸)
947 4939 978 4990 B.
993 4939 1139 4990 auriculam
1155 4939 1194 4991 illl
1206 4940 1304 5004 jndae,
1320 4945 1347 4990 ct
1363 4939 1410 4990 sin.

512 5012 541 5076 (¹)
556 5013 588 5064 rt
601 5014 679 5064 lesus
692 5013 818 5068 camus
