4842 6642
835 859 974 915 munus
996 859 1156 915 nemus
1179 858 1310 915 NONUS·
1583 847 1654 913 227

482 1007 572 1077 ttrme
594 1012 732 1097 operto,
758 1004 903 1099 scilicet,
930 1004 1064 1079 tibrum
1092 1005 1168 1099 Dei,
1194 1005 1231 1078 in
1257 1024 1332 1099 qno
1360 1003 1539 1099 descripta
1569 1010 1657 1077 sunt

481 1124 603 1201 omnia
629 1125 760 1201 delicta
776 1120 813 1219 (¹)
837 1127 1049 1220 bominum
1076 1128 1174 1201 uode
1197 1125 1301 1200 dicit:
1329 1129 1387 1199 nei
1409 1129 1543 1218 punisi
1565 1129 1656 1199 smi-

481 1264 550 1319 oon
581 1250 656 1320 nrm
687 1250 765 1321 suoi
792 1248 960 1339 dirprepi,
985 1248 1088 1341 idest,
1120 1248 1156 1321 in
1188 1268 1265 1342 quo
1298 1248 1485 1321 volumine
1520 1268 1656 1343 magno

481 1366 693 1442 scribuntur
717 1388 847 1443 omnes
873 1370 1180 1465 transgressiones
1207 1367 1398 1442 bominum
1414 1359 1451 1460 ι’)
1471 1368 1534 1463 qui
1552 1388 1657 1463 sper-

482 1492 573 1560 nunt
599 1486 768 1562 mandata
796 1482 976 1563 Dei-Li
991 1492 1024 1562 si
1040 1480 1158 1563 vedrd.
1178 1487 1243 1564 iiic
1259 1488 1383 1585 aquila
1399 1489 1530 1583 probat
1555 1488 1660 1583 quod·

480 1608 570 1683 dixit
594 1608 779 1685 inductive
805 1609 841 1683 in
859 1608 1010 1707 singuiis
1029 1609 1177 1705 regibus
1195 1608 1400 1684 christianis
1417 1610 1656 1705 regnantibus

483 1735 649 1823 tempore
674 1729 746 1803 iiio.
772 1730 817 1803 Et
841 1729 960 1823 primo
986 1750 1137 1805 servans
1162 1729 1325 1803 debiturn
1344 1728 1509 1803 ordinem
1533 1728 1657 1824 incipit

481 1868 504 1922 a
529 1849 648 1943 primo
673 1848 845 1943 principe,
873 1849 1007 1925 scilicet
1033 1850 1181 1925 biberto
1214 1850 1437 1944 imperatore
1472 1850 1536 1944 qui
1568 1857 1656 1923 tnnc

482 1969 697 2063 imperabat,
724 1975 851 2043 contra
876 1990 988 2063 quem
1019 1976 1129 2045 autor
1160 1970 1245 2045 iecit
1278 1969 1509 2064 invectivam,
1543 1990 1653 2063 supra

482 2088 526 2162 Vi
551 2087 711 2182 capitulo
741 2089 973 2184 Purgatorii3
999 2098 1037 2165 et
1065 2090 1237 2164 describit
1270 2090 1389 2183 ipsum
1423 2109 1445 2162 a
1479 2088 1654 2186 singutari

483 2206 579 2283 maio
605 2207 703 2302 quod
730 2208 823 2283 iecit.
851 2208 904 2282 nd
930 2210 1035 2283 cuius
1061 2209 1280 2285 evidentiam
1309 2216 1363 2283 est
1388 2208 1654 2304 praescieodum

481 2328 579 2423 quod
605 2328 776 2403 Atbertus
810 2330 1004 2424 praedictus
1034 2331 1175 2405 induxit
1201 2332 1338 2406 betium
1366 2336 1493 2403 contra
1528 2349 1655 2425 regem

482 2450 667 2525 Bobemiae
685 2456 754 2524 etc.
773 2470 817 2525 ex
839 2471 913 2545 qno
941 2472 1097 2547 regnum
1125 2452 1192 2526 tuit
1217 2453 1447 2526 destructum
1465 2455 1534 2524 etc.
1552 2450 1657 2522 Nunc

481 2569 528 2643 ad
553 2570 698 2645 literam
724 2568 809 2643 dicit
832 2573 975 2665 equita:
1003 2566 1041 2645 Li
1056 2576 1089 2645 si
1105 2564 1228 2665 venre,
1256 2571 1403 2663 scilicet,
1420 2571 1457 2643 in
1475 2570 1536 2643 itio
1561 2569 1655 2643 libro

482 2691 545 2765 Dei
580 2689 817 2785 descriptum,
846 2699 904 2764 tra
933 2696 1072 2786 tepere
1102 2694 1293 2782 d'Aiberto,
1326 2691 1428 2784 idest,
1461 2686 1557 2763 inter
1585 2689 1655 2763 alia

482 2831 595 2907 opera
620 2811 752 2885 iniusta
779 2812 927 2906 bibenti,
954 2817 1081 2904 multo,
1106 2814 1254 2906 scilicet,
1272 2834 1375 2907 opus,
1393 2814 1453 2885 cte
1474 2815 1561 2883 tosto
1578 2830 1655 2881 mo-

483 2922 570 3005 vcrd
594 2935 632 3005 io
652 2952 784 3025 penno,
810 2934 912 3027 idest,
938 2934 1099 3027 aquilam
1124 2934 1269 3031 signnm
1297 2932 1452 3027 imperii,
1474 2927 1603 3023 percite*
1629 2932 1658 3003 it

481 3074 594 3147 repno
619 3056 657 3127 di
682 3059 820 3147 Propo,
840 3053 941 3147 idest,
965 3075 1119 3150 regnum
1147 3054 1343 3146 Bobemiae,
1366 3052 1464 3146 quod
1484 3050 1656 3126 describit

483 3197 504 3250 a
532 3174 719 3271 principaii
745 3174 891 3249 civitate
916 3174 1042 3270 regati,
1068 3175 1204 3250 scilicet
1229 3176 1359 3271 Praga,
1377 3173 1440 3247 ubi
1457 3173 1565 3248 bodie
1585 3172 1657 3244 irn-

484 3304 633 3391 perator
660 3294 891 3369 residentiam
918 3294 1014 3388 iacit,
1032 3297 1083 3387 fia
1103 3298 1250 3369 desmto.
1264 3287 1365 3367 -Li
1389 3298 1422 3368 si
1445 3283 1567 3367 vedrd.
1592 3291 1657 3365 Hic

483 3416 606 3509 aquila
632 3413 803 3489 describit
828 3414 988 3508 primum
1010 3414 1244 3511 magnificum
1269 3436 1395 3511 regem
1413 3412 1657 3488 christianita-

484 3535 540 3627 tis,
558 3533 694 3609 sciiicet
715 3554 839 3629 regern
867 3533 1039 3609 Franciae.
1059 3534 1111 3608 Ad
1129 3536 1237 3609 onius
1254 3534 1473 3609 evidentiam
1492 3542 1548 3607 est
1566 3552 1661 3626 prae-

482 3654 685 3747 sciendum,
704 3654 802 3748 quod
828 3654 895 3729 iste
920 3655 989 3728 tuit
1011 3674 1073 3729 rex
1095 3656 1279 3750 Phiiippus
1296 3655 1414 3729 dictus
1430 3653 1572 3744 Pulcer,
1591 3650 1656 3744 qui

484 3774 600 3848 muita
617 3773 727 3869 impia
750 3773 853 3865 tecit;
879 3775 925 3849 de
950 3796 1038 3868 quo,
1057 3776 1143 3867 qnia
1163 3774 1323 3848 maxima
1349 3774 1489 3848 scotera
1514 3772 1657 3866 scripsit

483 3894 521 3967 iu
553 3895 782 3991 Purgatorio,
815 3894 898 3969 ideo
931 3916 1029 3968 uunc
1063 3894 1235 3969 describit
1266 3916 1354 3969 eum
1388 3893 1437 3966 ab
1470 3912 1546 3965 uno
1578 3891 1656 3965 soto

483 4014 633 4107 sceiere,
659 4014 794 4089 scilicet
823 4016 870 4089 ab
900 4013 980 4089 eius
1012 4014 1227 4089 avarissima
1258 4014 1407 4106 vilitate,
1440 4012 1485 4087 ad
1516 4032 1658 4109 augen-

483 4134 568 4208 dum
606 4134 686 4209 eius
724 4135 923 4229 infamiam,
961 4142 999 4210 et
1036 4136 1083 4209 ab
1121 4134 1201 4209 eius
1235 4141 1354 4207 morte
1384 4132 1534 4207 crudeli.
1561 4132 1656 4205 Con-

483 4262 586 4329 strue
611 4255 661 4329 sic
685 4255 829 4331 literam
856 4262 894 4330 et
918 4276 1078 4350 erpone:
1103 4245 1326 4344 trevere,
1344 4253 1489 4346 scilicet,
1508 4253 1657 4328 indicto

484 4374 589 4469 bbro,
613 4379 642 4449 it
669 4379 790 4465 urdo,
816 4377 917 4471 idest,
952 4377 1068 4469 doior,
1094 4378 1167 4466 cte,
1200 4375 1302 4468 idest,
1334 4395 1445 4468 quern
1479 4373 1657 4468 dotorem,

483 4497 561 4586 Μ’
584 4498 645 4569 oto
668 4487 793 4570 morrd
819 4500 856 4570 di
879 4500 979 4591 culpo
1004 4500 1042 4571 di
1065 4503 1226 4587 coturno,
1252 4494 1354 4587 idest,
1380 4492 1565 4588 Phiiippus
1591 4514 1653 4569 rer

482 4613 645 4689 Franciae
670 4616 734 4708 qui
768 4615 1007 4691 interficietur
1031 4617 1079 4689 ab
1110 4636 1214 4709 apro,
1239 4617 1362 4687 induce
1391 4634 1501 4706 sopra
1526 4618 1656 4706 Sereno,

484 4734 587 4830 idoet,
612 4736 784 4830 Parisios,
803 4758 914 4831 qnam
941 4737 1154 4811 denominat
1172 4758 1194 4811 a
1213 4734 1365 4809 flumine
1381 4755 1461 4808 suo.
1481 4735 1542 4807 Est
1558 4734 1655 4808 enim

545 4990 572 5053 (¹)
589 4992 615 5042 S.
632 4999 736 5056 peccata
752 4994 793 5045 rai
810 4994 912 5044 delicta.
1063 4992 1091 5055 ι’)
1108 4994 1137 5043 Ε.
1155 4995 1289 5043 hominnm
1306 4988 1483 5054 spoemtt-
1498 4990 1626 5041 mandata.
