<?xml version="1.0" encoding="UTF-8"?>
<!DOCTYPE html PUBLIC "-//W3C//DTD XHTML 1.0 Transitional//EN"
    "http://www.w3.org/TR/xhtml1/DTD/xhtml1-transitional.dtd">
<html xmlns="http://www.w3.org/1999/xhtml" xml:lang="en" lang="en">
 <head>
  <title>
</title>
<meta http-equiv="Content-Type" content="text/html;charset=utf-8" />
  <meta name='ocr-system' content='tesseract 3.04.00' />
  <meta name='ocr-capabilities' content='ocr_page ocr_carea ocr_par ocr_line ocrx_word'/>
</head>
<body>
  <div class='ocr_page' id='page_1' title='image "./comentumsuperda02benvgoog_0449.png"; bbox 0 0 4842 6642; ppageno 0'>
   <div class='ocr_carea' id='block_1_1' title="bbox 780 819 1624 917">
    <p class='ocr_par' dir='ltr' id='par_1_1' title="bbox 780 819 1624 917">
     <span class='ocr_line' id='line_1_1' title="bbox 780 819 1624 917; baseline 0.009 -8"><span class='ocrx_word' id='word_1_1' title='bbox 780 819 919 912; x_wconf 76' lang='lat' dir='ltr'><strong>caurus</strong></span> <span class='ocrx_word' id='word_1_2' title='bbox 944 856 1135 912; x_wconf 83' lang='lat' dir='ltr'><strong>vrossruus</strong></span> <span class='ocrx_word' id='word_1_3' title='bbox 1159 856 1290 913; x_wconf 82' lang='lat' dir='ltr'><strong>nonus.</strong></span> <span class='ocrx_word' id='word_1_4' title='bbox 1553 847 1624 917; x_wconf 74' lang='lat'><strong>433</strong></span> 
     </span>
    </p>
   </div>
   <div class='ocr_carea' id='block_1_2' title="bbox 448 1000 1626 1341">
    <p class='ocr_par' dir='ltr' id='par_1_2' title="bbox 448 1000 1626 1341">
     <span class='ocr_line' id='line_1_2' title="bbox 449 1000 1625 1102; baseline 0.003 -27"><span class='ocrx_word' id='word_1_5' title='bbox 449 1000 611 1077; x_wconf 80' lang='lat' dir='ltr'><strong>titudinis</strong></span> <span class='ocrx_word' id='word_1_6' title='bbox 638 1001 857 1097; x_wconf 80' lang='lat' dir='ltr'><strong>augelorum</strong></span> <span class='ocrx_word' id='word_1_7' title='bbox 885 1001 1023 1097; x_wconf 86' lang='lat' dir='ltr'><strong>inqua</strong></span> <span class='ocrx_word' id='word_1_8' title='bbox 1050 1008 1146 1077; x_wconf 86' lang='lat' dir='ltr'><strong>sunt.</strong></span> <span class='ocrx_word' id='word_1_9' title='bbox 1171 1001 1227 1076; x_wconf 79' lang='lat' dir='ltr'><strong>td</strong></span> <span class='ocrx_word' id='word_1_10' title='bbox 1252 1001 1396 1079; x_wconf 79' lang='lat' dir='ltr'><strong>literam</strong></span> <span class='ocrx_word' id='word_1_11' title='bbox 1424 1024 1515 1102; x_wconf 83' lang='lat' dir='ltr'><strong>ergo</strong></span> <span class='ocrx_word' id='word_1_12' title='bbox 1540 1004 1625 1080; x_wconf 90' lang='lat' dir='ltr'><strong>dicit</strong></span> 
     </span>
     <span class='ocr_line' id='line_1_3' title="bbox 448 1121 1626 1218; baseline 0 -21"><span class='ocrx_word' id='word_1_13' title='bbox 448 1122 595 1197; x_wconf 84' lang='lat' dir='ltr'><strong>Beatrix</strong></span> <span class='ocrx_word' id='word_1_14' title='bbox 620 1121 763 1195; x_wconf 87' lang='lat' dir='ltr'><strong>autori:</strong></span> <span class='ocrx_word' id='word_1_15' title='bbox 784 1126 818 1195; x_wconf 82' lang='grc' dir='ltr'><em>Ε</em></span> <span class='ocrx_word' id='word_1_16' title='bbox 840 1142 912 1197; x_wconf 86' lang='lat' dir='ltr'><strong>non</strong></span> <span class='ocrx_word' id='word_1_17' title='bbox 938 1124 1054 1215; x_wconf 75' lang='lat' dir='ltr'><strong>ooylt‘o</strong></span> <span class='ocrx_word' id='word_1_18' title='bbox 1078 1124 1138 1197; x_wconf 81' lang='lat' dir='ltr'><strong>ote</strong></span> <span class='ocrx_word' id='word_1_19' title='bbox 1162 1123 1268 1214; x_wconf 80' lang='lat' dir='ltr'><strong>dubii,</strong></span> <span class='ocrx_word' id='word_1_20' title='bbox 1285 1143 1346 1197; x_wconf 86' lang='lat' dir='ltr'><strong>mo</strong></span> <span class='ocrx_word' id='word_1_21' title='bbox 1370 1126 1415 1197; x_wconf 82' lang='lat' dir='ltr'><strong>sii</strong></span> <span class='ocrx_word' id='word_1_22' title='bbox 1437 1132 1544 1218; x_wconf 83' lang='lat' dir='ltr'><strong>certo,</strong></span> <span class='ocrx_word' id='word_1_23' title='bbox 1566 1128 1626 1198; x_wconf 83' lang='lat' dir='ltr'><strong>ode</strong></span> 
     </span>
     <span class='ocr_line' id='line_1_4' title="bbox 448 1240 1623 1341; baseline 0.002 -24"><span class='ocrx_word' id='word_1_24' title='bbox 448 1246 581 1317; x_wconf 65' lang='lat' dir='ltr'><strong>moeoer</strong></span> <span class='ocrx_word' id='word_1_25' title='bbox 598 1246 635 1317; x_wconf 82' lang='lat' dir='ltr'><strong>la</strong></span> <span class='ocrx_word' id='word_1_26' title='bbox 646 1246 779 1335; x_wconf 69' lang='lat' dir='ltr'><strong>orosio</strong></span> <span class='ocrx_word' id='word_1_27' title='bbox 795 1240 816 1318; x_wconf 71' lang='lat' dir='ltr'><strong>e*</strong></span> <span class='ocrx_word' id='word_1_28' title='bbox 830 1246 1023 1335; x_wconf 74' lang='lat' dir='ltr'><strong>notorio,</strong></span> <span class='ocrx_word' id='word_1_29' title='bbox 1040 1242 1186 1338; x_wconf 86' lang='lat' dir='ltr'><strong>scilicet,</strong></span> <span class='ocrx_word' id='word_1_30' title='bbox 1204 1243 1449 1338; x_wconf 87' lang='lat' dir='ltr'><strong>beatitudiuis,</strong></span> <span class='ocrx_word' id='word_1_31' title='bbox 1467 1266 1541 1338; x_wconf 87' lang='lat' dir='ltr'><strong>qua</strong></span> <span class='ocrx_word' id='word_1_32' title='bbox 1559 1245 1623 1341; x_wconf 85' lang='lat' dir='ltr'><strong>ipsi</strong></span> 
     </span>
    </p>
   </div>
   <div class='ocr_carea' id='block_1_3' title="bbox 441 1363 1625 4837">
    <p class='ocr_par' dir='ltr' id='par_1_3' title="bbox 441 1363 1625 4837">
     <span class='ocr_line' id='line_1_5' title="bbox 450 1363 1624 1460; baseline 0.001 -21"><span class='ocrx_word' id='word_1_33' title='bbox 450 1370 534 1439; x_wconf 92' lang='lat' dir='ltr'><strong>sunt</strong></span> <span class='ocrx_word' id='word_1_34' title='bbox 551 1364 647 1440; x_wconf 85' lang='lat' dir='ltr'><strong>beati</strong></span> <span class='ocrx_word' id='word_1_35' title='bbox 666 1384 733 1460; x_wconf 87' lang='lat' dir='ltr'><strong>per</strong></span> <span class='ocrx_word' id='word_1_36' title='bbox 751 1363 815 1439; x_wconf 87' lang='lat' dir='ltr'><strong>Dei</strong></span> <span class='ocrx_word' id='word_1_37' title='bbox 833 1364 1022 1440; x_wconf 82' lang='lat' dir='ltr'><strong>visionem.</strong></span> <span class='ocrx_word' id='word_1_38' title='bbox 1040 1366 1084 1439; x_wconf 87' lang='lat' dir='ltr'><strong>Et</strong></span> <span class='ocrx_word' id='word_1_39' title='bbox 1099 1364 1203 1439; x_wconf 90' lang='lat' dir='ltr'><strong>dicit:</strong></span> <span class='ocrx_word' id='word_1_40' title='bbox 1221 1368 1371 1440; x_wconf 84' lang='lat' dir='ltr'><strong>secondo</strong></span> <span class='ocrx_word' id='word_1_41' title='bbox 1388 1368 1448 1439; x_wconf 82' lang='lat' dir='ltr'><strong>cte</strong></span> <span class='ocrx_word' id='word_1_42' title='bbox 1465 1369 1624 1459; x_wconf 78' lang='lat' dir='ltr'><strong>doffetto,</strong></span> 
     </span>
     <span class='ocr_line' id='line_1_6' title="bbox 450 1482 1624 1578; baseline 0.003 -19"><span class='ocrx_word' id='word_1_43' title='bbox 450 1484 552 1578; x_wconf 84' lang='lat' dir='ltr'><strong>idest,</strong></span> <span class='ocrx_word' id='word_1_44' title='bbox 578 1484 762 1577; x_wconf 87' lang='lat' dir='ltr'><strong>voluntas,</strong></span> <span class='ocrx_word' id='word_1_45' title='bbox 786 1486 837 1575; x_wconf 70' lang='lat' dir='ltr'><strong>oli</strong></span> <span class='ocrx_word' id='word_1_46' title='bbox 860 1482 881 1559; x_wconf 82' lang='lat' dir='ltr'><strong>d</strong></span> <span class='ocrx_word' id='word_1_47' title='bbox 903 1492 1101 1578; x_wconf 81' lang='lat' dir='ltr'><strong>operto-</strong></span> <span class='ocrx_word' id='word_1_48' title='bbox 1118 1488 1230 1559; x_wconf 79' lang='lat' dir='ltr'><strong>Ontoi.</strong></span> <span class='ocrx_word' id='word_1_49' title='bbox 1257 1484 1322 1560; x_wconf 89' lang='lat' dir='ltr'><strong>llio</strong></span> <span class='ocrx_word' id='word_1_50' title='bbox 1353 1486 1502 1561; x_wconf 84' lang='lat' dir='ltr'><strong>Beatrix</strong></span> <span class='ocrx_word' id='word_1_51' title='bbox 1533 1507 1624 1562; x_wconf 90' lang='lat' dir='ltr'><strong>con-</strong></span> 
     </span>
     <span class='ocr_line' id='line_1_7' title="bbox 450 1605 1622 1701; baseline 0.001 -21"><span class='ocrx_word' id='word_1_52' title='bbox 450 1605 563 1680; x_wconf 82' lang='lat' dir='ltr'><strong>cludit</strong></span> <span class='ocrx_word' id='word_1_53' title='bbox 588 1606 625 1679; x_wconf 95' lang='lat' dir='ltr'><strong>in</strong></span> <span class='ocrx_word' id='word_1_54' title='bbox 651 1606 721 1681; x_wconf 85' lang='lat' dir='ltr'><strong>hac</strong></span> <span class='ocrx_word' id='word_1_55' title='bbox 747 1605 912 1700; x_wconf 85' lang='lat' dir='ltr'><strong>materia,</strong></span> <span class='ocrx_word' id='word_1_56' title='bbox 931 1613 967 1681; x_wconf 89' lang='lat' dir='ltr'><strong>et</strong></span> <span class='ocrx_word' id='word_1_57' title='bbox 992 1605 1077 1681; x_wconf 91' lang='lat' dir='ltr'><strong>dicit</strong></span> <span class='ocrx_word' id='word_1_58' title='bbox 1101 1605 1222 1681; x_wconf 88' lang='lat' dir='ltr'><strong>autori</strong></span> <span class='ocrx_word' id='word_1_59' title='bbox 1247 1606 1347 1701; x_wconf 87' lang='lat' dir='ltr'><strong>quod</strong></span> <span class='ocrx_word' id='word_1_60' title='bbox 1372 1606 1459 1681; x_wconf 88' lang='lat' dir='ltr'><strong>satis</strong></span> <span class='ocrx_word' id='word_1_61' title='bbox 1482 1606 1622 1682; x_wconf 91' lang='lat' dir='ltr'><strong>dictum</strong></span> 
     </span>
     <span class='ocr_line' id='line_1_8' title="bbox 451 1725 1622 1824; baseline 0 -22"><span class='ocrx_word' id='word_1_62' title='bbox 451 1732 507 1802; x_wconf 86' lang='lat' dir='ltr'><strong>est</strong></span> <span class='ocrx_word' id='word_1_63' title='bbox 531 1725 577 1801; x_wconf 87' lang='lat' dir='ltr'><strong>de</strong></span> <span class='ocrx_word' id='word_1_64' title='bbox 601 1726 742 1823; x_wconf 80' lang='lat' dir='ltr'><strong>angelis</strong></span> <span class='ocrx_word' id='word_1_65' title='bbox 766 1727 825 1802; x_wconf 90' lang='lat' dir='ltr'><strong>vel</strong></span> <span class='ocrx_word' id='word_1_66' title='bbox 850 1726 949 1821; x_wconf 89' lang='lat' dir='ltr'><strong>quod</strong></span> <span class='ocrx_word' id='word_1_67' title='bbox 975 1726 1062 1801; x_wconf 86' lang='lat' dir='ltr'><strong>satis</strong></span> <span class='ocrx_word' id='word_1_68' title='bbox 1092 1726 1207 1800; x_wconf 89' lang='lat' dir='ltr'><strong>multa</strong></span> <span class='ocrx_word' id='word_1_69' title='bbox 1238 1733 1356 1821; x_wconf 87' lang='lat' dir='ltr'><strong>polest</strong></span> <span class='ocrx_word' id='word_1_70' title='bbox 1380 1728 1622 1824; x_wconf 74' lang='lat' dir='ltr'><strong>contemplari</strong></span> 
     </span>
     <span class='ocr_line' id='line_1_9' title="bbox 450 1845 1624 1944; baseline -0.002 -21"><span class='ocrx_word' id='word_1_71' title='bbox 450 1846 497 1923; x_wconf 88' lang='lat' dir='ltr'><strong>de</strong></span> <span class='ocrx_word' id='word_1_72' title='bbox 521 1845 659 1943; x_wconf 82' lang='lat' dir='ltr'><strong>angelis</strong></span> <span class='ocrx_word' id='word_1_73' title='bbox 686 1867 752 1942; x_wconf 85' lang='lat' dir='ltr'><strong>per</strong></span> <span class='ocrx_word' id='word_1_74' title='bbox 777 1866 821 1922; x_wconf 89' lang='lat' dir='ltr'><strong>ea</strong></span> <span class='ocrx_word' id='word_1_75' title='bbox 848 1867 933 1941; x_wconf 84' lang='lat' dir='ltr'><strong>quae</strong></span> <span class='ocrx_word' id='word_1_76' title='bbox 953 1846 1160 1921; x_wconf 89' lang='lat' dir='ltr'><strong>dictasunt.</strong></span> <span class='ocrx_word' id='word_1_77' title='bbox 1179 1846 1396 1944; x_wconf 78' lang='lat' dir='ltr'><strong>uincergo:</strong></span> <span class='ocrx_word' id='word_1_78' title='bbox 1420 1851 1525 1922; x_wconf 76' lang='lat' dir='ltr'><strong>Ornoi</strong></span> <span class='ocrx_word' id='word_1_79' title='bbox 1536 1852 1624 1941; x_wconf 80' lang='lat' dir='ltr'><strong>puoi</strong></span> 
     </span>
     <span class='ocr_line' id='line_1_10' title="bbox 450 1966 1622 2062; baseline 0.002 -21"><span class='ocrx_word' id='word_1_80' title='bbox 450 1970 697 2060; x_wconf 67' lang='lat' dir='ltr'><strong>atemptare,</strong></span> <span class='ocrx_word' id='word_1_81' title='bbox 723 1966 828 2060; x_wconf 85' lang='lat' dir='ltr'><strong>idest,</strong></span> <span class='ocrx_word' id='word_1_82' title='bbox 852 1966 1046 2062; x_wconf 84' lang='lat' dir='ltr'><strong>speculari,</strong></span> <span class='ocrx_word' id='word_1_83' title='bbox 1069 1969 1235 2041; x_wconf 84' lang='lat' dir='ltr'><strong>dintorno</strong></span> <span class='ocrx_word' id='word_1_84' title='bbox 1259 1988 1285 2038; x_wconf 84' lang='lat' dir='ltr'><strong>a</strong></span> <span class='ocrx_word' id='word_1_85' title='bbox 1309 1975 1426 2059; x_wconf 82' lang='lat' dir='ltr'><strong>questo</strong></span> <span class='ocrx_word' id='word_1_86' title='bbox 1451 1971 1622 2043; x_wconf 72' lang='lat' dir='ltr'><strong>comitto-</strong></span> 
     </span>
     <span class='ocr_line' id='line_1_11' title="bbox 450 2086 1623 2185; baseline -0.002 -22"><span class='ocrx_word' id='word_1_87' title='bbox 450 2090 519 2179; x_wconf 77' lang='lat' dir='ltr'><strong>rt&#39;o,</strong></span> <span class='ocrx_word' id='word_1_88' title='bbox 541 2087 645 2181; x_wconf 86' lang='lat' dir='ltr'><strong>idest,</strong></span> <span class='ocrx_word' id='word_1_89' title='bbox 664 2086 860 2185; x_wconf 80' lang='lat' dir='ltr'><strong>collegium</strong></span> <span class='ocrx_word' id='word_1_90' title='bbox 879 2087 1096 2185; x_wconf 81' lang='lat' dir='ltr'><strong>augelorum</strong></span> <span class='ocrx_word' id='word_1_91' title='bbox 1116 2092 1152 2163; x_wconf 87' lang='lat' dir='ltr'><strong>et</strong></span> <span class='ocrx_word' id='word_1_92' title='bbox 1170 2087 1408 2181; x_wconf 85' lang='lat' dir='ltr'><strong>consortium,</strong></span> <span class='ocrx_word' id='word_1_93' title='bbox 1424 2092 1519 2163; x_wconf 75' lang='lat' dir='ltr'><strong>amz&#39;</strong></span> <span class='ocrx_word' id='word_1_94' title='bbox 1528 2092 1623 2163; x_wconf 78' lang='lat' dir='ltr'><strong>altro</strong></span> 
     </span>
     <span class='ocr_line' id='line_1_12' title="bbox 450 2199 1625 2303; baseline 0 -18"><span class='ocrx_word' id='word_1_95' title='bbox 450 2212 614 2301; x_wconf 67' lang='lat' dir='ltr'><strong>mammo,</strong></span> <span class='ocrx_word' id='word_1_96' title='bbox 642 2207 746 2301; x_wconf 83' lang='lat' dir='ltr'><strong>idest,</strong></span> <span class='ocrx_word' id='word_1_97' title='bbox 770 2207 912 2302; x_wconf 84' lang='lat' dir='ltr'><strong>absque</strong></span> <span class='ocrx_word' id='word_1_98' title='bbox 937 2227 982 2283; x_wconf 86' lang='lat' dir='ltr'><strong>eo</strong></span> <span class='ocrx_word' id='word_1_99' title='bbox 1009 2207 1107 2301; x_wconf 89' lang='lat' dir='ltr'><strong>quod</strong></span> <span class='ocrx_word' id='word_1_100' title='bbox 1132 2206 1232 2281; x_wconf 91' lang='lat' dir='ltr'><strong>aliud</strong></span> <span class='ocrx_word' id='word_1_101' title='bbox 1246 2199 1283 2299; x_wconf 82' lang='lat'><strong>(¹)</strong></span> <span class='ocrx_word' id='word_1_102' title='bbox 1318 2208 1475 2303; x_wconf 88' lang='lat' dir='ltr'><strong>amplius</strong></span> <span class='ocrx_word' id='word_1_103' title='bbox 1498 2207 1625 2285; x_wconf 85' lang='lat' dir='ltr'><strong>dicau-</strong></span> 
     </span>
     <span class='ocr_line' id='line_1_13' title="bbox 449 2325 1624 2426; baseline -0.001 -22"><span class='ocrx_word' id='word_1_104' title='bbox 449 2335 521 2423; x_wconf 85' lang='lat' dir='ltr'><strong>tur,</strong></span> <span class='ocrx_word' id='word_1_105' title='bbox 546 2351 584 2403; x_wconf 83' lang='lat' dir='ltr'><strong>se</strong></span> <span class='ocrx_word' id='word_1_106' title='bbox 608 2331 639 2401; x_wconf 81' lang='lat' dir='ltr'><strong>lo</strong></span> <span class='ocrx_word' id='word_1_107' title='bbox 660 2330 787 2421; x_wconf 80' lang='lat' dir='ltr'><strong>parole</strong></span> <span class='ocrx_word' id='word_1_108' title='bbox 812 2330 878 2401; x_wconf 71' lang='lat' dir='ltr'><strong>mac</strong></span> <span class='ocrx_word' id='word_1_109' title='bbox 901 2348 968 2401; x_wconf 86' lang='lat' dir='ltr'><strong>son</strong></span> <span class='ocrx_word' id='word_1_110' title='bbox 992 2330 1125 2419; x_wconf 68' lang='lat' dir='ltr'><strong>ridolto,</strong></span> <span class='ocrx_word' id='word_1_111' title='bbox 1151 2325 1255 2421; x_wconf 91' lang='lat' dir='ltr'><strong>idest,</strong></span> <span class='ocrx_word' id='word_1_112' title='bbox 1285 2327 1314 2401; x_wconf 89' lang='lat' dir='ltr'><strong>si</strong></span> <span class='ocrx_word' id='word_1_113' title='bbox 1345 2326 1441 2403; x_wconf 84' lang='lat' dir='ltr'><strong>bene</strong></span> <span class='ocrx_word' id='word_1_114' title='bbox 1472 2328 1624 2426; x_wconf 81' lang='lat' dir='ltr'><strong>collegi-</strong></span> 
     </span>
     <span class='ocr_line' id='line_1_14' title="bbox 448 2445 1623 2545; baseline -0.002 -20"><span class='ocrx_word' id='word_1_115' title='bbox 448 2449 492 2525; x_wconf 86' lang='lat' dir='ltr'><strong>stt</strong></span> <span class='ocrx_word' id='word_1_116' title='bbox 518 2454 555 2524; x_wconf 90' lang='lat' dir='ltr'><strong>et</strong></span> <span class='ocrx_word' id='word_1_117' title='bbox 581 2447 713 2523; x_wconf 86' lang='lat' dir='ltr'><strong>notasti</strong></span> <span class='ocrx_word' id='word_1_118' title='bbox 739 2467 823 2542; x_wconf 84' lang='lat' dir='ltr'><strong>quae</strong></span> <span class='ocrx_word' id='word_1_119' title='bbox 852 2467 924 2545; x_wconf 73' lang='lat' dir='ltr'><strong>ego</strong></span> <span class='ocrx_word' id='word_1_120' title='bbox 949 2445 1022 2521; x_wconf 84' lang='lat' dir='ltr'><strong>dixi</strong></span> <span class='ocrx_word' id='word_1_121' title='bbox 1052 2446 1099 2521; x_wconf 91' lang='lat' dir='ltr'><strong>de</strong></span> <span class='ocrx_word' id='word_1_122' title='bbox 1133 2452 1265 2521; x_wconf 92' lang='lat' dir='ltr'><strong>natura</strong></span> <span class='ocrx_word' id='word_1_123' title='bbox 1294 2446 1470 2543; x_wconf 77' lang='lat' dir='ltr'><strong>angelica.</strong></span> <span class='ocrx_word' id='word_1_124' title='bbox 1490 2486 1540 2501; x_wconf 97' lang='lat'>-</span> <span class='ocrx_word' id='word_1_125' title='bbox 1560 2453 1623 2523; x_wconf 84' lang='lat' dir='ltr'><strong>lto</strong></span> 
     </span>
     <span class='ocr_line' id='line_1_15' title="bbox 445 2565 1624 2662; baseline 0 -19"><span class='ocrx_word' id='word_1_126' title='bbox 445 2565 573 2662; x_wconf 67' lang='lat' dir='ltr'><strong>pooltd</strong></span> <span class='ocrx_word' id='word_1_127' title='bbox 593 2571 632 2643; x_wconf 83' lang='lat' dir='ltr'><strong>io</strong></span> <span class='ocrx_word' id='word_1_128' title='bbox 657 2574 766 2643; x_wconf 85' lang='lat' dir='ltr'><strong>terro.</strong></span> <span class='ocrx_word' id='word_1_129' title='bbox 793 2567 858 2643; x_wconf 89' lang='lat' dir='ltr'><strong>llic</strong></span> <span class='ocrx_word' id='word_1_130' title='bbox 882 2566 1032 2643; x_wconf 86' lang='lat' dir='ltr'><strong>Beatrix</strong></span> <span class='ocrx_word' id='word_1_131' title='bbox 1063 2565 1237 2657; x_wconf 86' lang='lat' dir='ltr'><strong>declarat,</strong></span> <span class='ocrx_word' id='word_1_132' title='bbox 1263 2566 1450 2660; x_wconf 89' lang='lat' dir='ltr'><strong>quomodo</strong></span> <span class='ocrx_word' id='word_1_133' title='bbox 1480 2566 1624 2643; x_wconf 79' lang='lat' dir='ltr'><strong>intolle-</strong></span> 
     </span>
     <span class='ocr_line' id='line_1_16' title="bbox 449 2686 1623 2784; baseline -0.002 -19"><span class='ocrx_word' id='word_1_134' title='bbox 449 2694 541 2784; x_wconf 89' lang='lat' dir='ltr'><strong>ctus,</strong></span> <span class='ocrx_word' id='word_1_135' title='bbox 568 2688 750 2765; x_wconf 89' lang='lat' dir='ltr'><strong>memoria</strong></span> <span class='ocrx_word' id='word_1_136' title='bbox 775 2695 813 2763; x_wconf 86' lang='lat' dir='ltr'><strong>et</strong></span> <span class='ocrx_word' id='word_1_137' title='bbox 837 2687 1008 2762; x_wconf 87' lang='lat' dir='ltr'><strong>voluntas</strong></span> <span class='ocrx_word' id='word_1_138' title='bbox 1033 2686 1079 2761; x_wconf 88' lang='lat' dir='ltr'><strong>sit</strong></span> <span class='ocrx_word' id='word_1_139' title='bbox 1104 2686 1140 2762; x_wconf 91' lang='lat' dir='ltr'><strong>iu</strong></span> <span class='ocrx_word' id='word_1_140' title='bbox 1166 2686 1324 2783; x_wconf 74' lang='lat' dir='ltr'><strong>angelis,</strong></span> <span class='ocrx_word' id='word_1_141' title='bbox 1346 2694 1384 2761; x_wconf 90' lang='lat' dir='ltr'><strong>et</strong></span> <span class='ocrx_word' id='word_1_142' title='bbox 1400 2687 1519 2782; x_wconf 86' lang='lat' dir='ltr'><strong>primo</strong></span> <span class='ocrx_word' id='word_1_143' title='bbox 1529 2709 1623 2784; x_wconf 80' lang='lat' dir='ltr'><strong>nro·</strong></span> 
     </span>
     <span class='ocr_line' id='line_1_17' title="bbox 449 2806 1617 2906; baseline -0.003 -21"><span class='ocrx_word' id='word_1_144' title='bbox 449 2809 548 2906; x_wconf 83' lang='lat' dir='ltr'><strong>ponit</strong></span> <span class='ocrx_word' id='word_1_145' title='bbox 564 2829 605 2885; x_wconf 87' lang='lat' dir='ltr'><strong>se</strong></span> <span class='ocrx_word' id='word_1_146' title='bbox 621 2808 890 2885; x_wconf 84' lang='lat' dir='ltr'><strong>declaraturam</strong></span> <span class='ocrx_word' id='word_1_147' title='bbox 910 2826 1078 2883; x_wconf 88' lang='lat' dir='ltr'><strong>errorem</strong></span> <span class='ocrx_word' id='word_1_148' title='bbox 1097 2806 1405 2901; x_wconf 86' lang='lat' dir='ltr'><strong>aequivocautium</strong></span> <span class='ocrx_word' id='word_1_149' title='bbox 1424 2806 1617 2883; x_wconf 88' lang='lat' dir='ltr'><strong>doctorum</strong></span> 
     </span>
     <span class='ocr_line' id='line_1_18' title="bbox 448 2921 1621 3024; baseline 0 -21"><span class='ocrx_word' id='word_1_150' title='bbox 448 2929 485 3003; x_wconf 92' lang='lat' dir='ltr'><strong>in</strong></span> <span class='ocrx_word' id='word_1_151' title='bbox 500 2930 603 3005; x_wconf 87' lang='lat' dir='ltr'><strong>dictis</strong></span> <span class='ocrx_word' id='word_1_152' title='bbox 624 2931 842 3024; x_wconf 88' lang='lat' dir='ltr'><strong>nominibus,</strong></span> <span class='ocrx_word' id='word_1_153' title='bbox 856 2930 998 3005; x_wconf 88' lang='lat' dir='ltr'><strong>diceus:</strong></span> <span class='ocrx_word' id='word_1_154' title='bbox 1018 2933 1081 3002; x_wconf 83' lang='lat' dir='ltr'><strong>lto</strong></span> <span class='ocrx_word' id='word_1_155' title='bbox 1097 2948 1209 3001; x_wconf 82' lang='lat' dir='ltr'><strong>nacor</strong></span> <span class='ocrx_word' id='word_1_156' title='bbox 1225 2921 1307 3003; x_wconf 85' lang='lat' dir='ltr'><strong>dird</strong></span> <span class='ocrx_word' id='word_1_157' title='bbox 1320 2924 1450 3021; x_wconf 66' lang='lat' dir='ltr'><strong>nocte</strong></span> <span class='ocrx_word' id='word_1_158' title='bbox 1466 2935 1502 3003; x_wconf 84' lang='lat' dir='ltr'><strong>tn</strong></span> <span class='ocrx_word' id='word_1_159' title='bbox 1520 2932 1621 3022; x_wconf 70' lang='lat' dir='ltr'><strong>vendi</strong></span> 
     </span>
     <span class='ocr_line' id='line_1_19' title="bbox 441 3041 1619 3144; baseline 0.001 -21"><span class='ocrx_word' id='word_1_160' title='bbox 441 3071 541 3144; x_wconf 50' lang='lat' dir='ltr'><strong>¹aratro</strong></span> <span class='ocrx_word' id='word_1_161' title='bbox 565 3054 602 3125; x_wconf 81' lang='lat' dir='ltr'><strong>ta</strong></span> <span class='ocrx_word' id='word_1_162' title='bbox 627 3041 738 3125; x_wconf 79' lang='lat' dir='ltr'><strong>verttd</strong></span> <span class='ocrx_word' id='word_1_163' title='bbox 762 3053 822 3125; x_wconf 82' lang='lat' dir='ltr'><strong>ode</strong></span> <span class='ocrx_word' id='word_1_164' title='bbox 845 3053 877 3124; x_wconf 83' lang='lat' dir='ltr'><strong>si</strong></span> <span class='ocrx_word' id='word_1_165' title='bbox 900 3052 1072 3143; x_wconf 71' lang='lat' dir='ltr'><strong>consonate</strong></span> <span class='ocrx_word' id='word_1_166' title='bbox 1094 3044 1228 3143; x_wconf 59' lang='lat' dir='ltr'><strong>monti,</strong></span> <span class='ocrx_word' id='word_1_167' title='bbox 1247 3048 1396 3143; x_wconf 88' lang='lat' dir='ltr'><strong>scilicet,</strong></span> <span class='ocrx_word' id='word_1_168' title='bbox 1416 3048 1454 3122; x_wconf 91' lang='lat' dir='ltr'><strong>in</strong></span> <span class='ocrx_word' id='word_1_169' title='bbox 1480 3050 1619 3124; x_wconf 91' lang='lat' dir='ltr'><strong>mundo</strong></span> 
     </span>
     <span class='ocr_line' id='line_1_20' title="bbox 447 3170 1621 3268; baseline 0.004 -24"><span class='ocrx_word' id='word_1_170' title='bbox 447 3171 594 3246; x_wconf 89' lang='lat' dir='ltr'><strong>mortali</strong></span> <span class='ocrx_word' id='word_1_171' title='bbox 610 3172 819 3268; x_wconf 88' lang='lat' dir='ltr'><strong>plenissimo</strong></span> <span class='ocrx_word' id='word_1_172' title='bbox 837 3192 1022 3265; x_wconf 88' lang='lat' dir='ltr'><strong>errorum,</strong></span> <span class='ocrx_word' id='word_1_173' title='bbox 1040 3173 1290 3265; x_wconf 57' lang='lat' dir='ltr'><strong>emundando,</strong></span> <span class='ocrx_word' id='word_1_174' title='bbox 1308 3170 1411 3265; x_wconf 87' lang='lat' dir='ltr'><strong>idest,</strong></span> <span class='ocrx_word' id='word_1_175' title='bbox 1429 3172 1621 3265; x_wconf 81' lang='lat' dir='ltr'><strong>aequivoce</strong></span> 
     </span>
     <span class='ocr_line' id='line_1_21' title="bbox 447 3291 1622 3390; baseline 0 -23"><span class='ocrx_word' id='word_1_176' title='bbox 447 3291 622 3387; x_wconf 86' lang='lat' dir='ltr'><strong>capiendo</strong></span> <span class='ocrx_word' id='word_1_177' title='bbox 648 3292 861 3390; x_wconf 79' lang='lat' dir='ltr'><strong>intelligere,</strong></span> <span class='ocrx_word' id='word_1_178' title='bbox 889 3312 1111 3389; x_wconf 91' lang='lat' dir='ltr'><strong>memorare,</strong></span> <span class='ocrx_word' id='word_1_179' title='bbox 1138 3298 1175 3369; x_wconf 87' lang='lat' dir='ltr'><strong>et</strong></span> <span class='ocrx_word' id='word_1_180' title='bbox 1200 3293 1305 3387; x_wconf 84' lang='lat' dir='ltr'><strong>valle,</strong></span> <span class='ocrx_word' id='word_1_181' title='bbox 1337 3314 1422 3388; x_wconf 83' lang='lat' dir='ltr'><strong>quae</strong></span> <span class='ocrx_word' id='word_1_182' title='bbox 1452 3294 1558 3371; x_wconf 89' lang='lat' dir='ltr'><strong>aliter</strong></span> <span class='ocrx_word' id='word_1_183' title='bbox 1583 3294 1622 3367; x_wconf 89' lang='lat' dir='ltr'><strong>in</strong></span> 
     </span>
     <span class='ocr_line' id='line_1_22' title="bbox 445 3407 1619 3509; baseline 0.001 -22"><span class='ocrx_word' id='word_1_184' title='bbox 445 3412 596 3509; x_wconf 80' lang='lat' dir='ltr'><strong>augelis,</strong></span> <span class='ocrx_word' id='word_1_185' title='bbox 621 3413 727 3488; x_wconf 91' lang='lat' dir='ltr'><strong>aliter</strong></span> <span class='ocrx_word' id='word_1_186' title='bbox 752 3413 790 3489; x_wconf 95' lang='lat' dir='ltr'><strong>in</strong></span> <span class='ocrx_word' id='word_1_187' title='bbox 815 3414 1025 3489; x_wconf 88' lang='lat' dir='ltr'><strong>hominibus</strong></span> <span class='ocrx_word' id='word_1_188' title='bbox 1047 3435 1087 3489; x_wconf 88' lang='lat' dir='ltr'><strong>se</strong></span> <span class='ocrx_word' id='word_1_189' title='bbox 1107 3415 1254 3509; x_wconf 88' lang='lat' dir='ltr'><strong>habeut,</strong></span> <span class='ocrx_word' id='word_1_190' title='bbox 1274 3418 1312 3487; x_wconf 84' lang='lat' dir='ltr'><strong>in</strong></span> <span class='ocrx_word' id='word_1_191' title='bbox 1326 3407 1358 3488; x_wconf 83' lang='lat' dir='ltr'><strong>si</strong></span> <span class='ocrx_word' id='word_1_192' title='bbox 1371 3418 1463 3508; x_wconf 82' lang='lat' dir='ltr'><strong>sotto</strong></span> <span class='ocrx_word' id='word_1_193' title='bbox 1479 3418 1619 3507; x_wconf 67' lang='lat' dir='ltr'><strong>teddo,</strong></span> 
     </span>
     <span class='ocr_line' id='line_1_23' title="bbox 446 3525 1621 3629; baseline 0.002 -22"><span class='ocrx_word' id='word_1_194' title='bbox 446 3533 563 3629; x_wconf 79' lang='lat' dir='ltr'><strong>qualis</strong></span> <span class='ocrx_word' id='word_1_195' title='bbox 598 3532 638 3607; x_wconf 83' lang='lat' dir='ltr'><strong>nt</strong></span> <span class='ocrx_word' id='word_1_196' title='bbox 671 3525 789 3627; x_wconf 53' lang='lat' dir='ltr'><strong>iniit:</strong></span> <span class='ocrx_word' id='word_1_197' title='bbox 821 3534 1068 3629; x_wconf 88' lang='lat' dir='ltr'><strong>AEquivocum</strong></span> <span class='ocrx_word' id='word_1_198' title='bbox 1096 3536 1193 3611; x_wconf 85' lang='lat' dir='ltr'><strong>enim</strong></span> <span class='ocrx_word' id='word_1_199' title='bbox 1219 3535 1354 3609; x_wconf 86' lang='lat' dir='ltr'><strong>dicitur</strong></span> <span class='ocrx_word' id='word_1_200' title='bbox 1380 3542 1450 3611; x_wconf 88' lang='lat' dir='ltr'><strong>etc.</strong></span> <span class='ocrx_word' id='word_1_201' title='bbox 1475 3535 1520 3609; x_wconf 89' lang='lat' dir='ltr'><strong>Et</strong></span> <span class='ocrx_word' id='word_1_202' title='bbox 1547 3535 1621 3609; x_wconf 82' lang='lat' dir='ltr'><strong>lroc</strong></span> 
     </span>
     <span class='ocr_line' id='line_1_24' title="bbox 445 3652 1621 3750; baseline 0.001 -22"><span class='ocrx_word' id='word_1_203' title='bbox 445 3653 588 3749; x_wconf 88' lang='lat' dir='ltr'><strong>iaciam,</strong></span> <span class='ocrx_word' id='word_1_204' title='bbox 603 3652 732 3747; x_wconf 67' lang='lat' dir='ltr'><strong>ponde*</strong></span> <span class='ocrx_word' id='word_1_205' title='bbox 755 3658 793 3729; x_wconf 85' lang='lat' dir='ltr'><strong>in</strong></span> <span class='ocrx_word' id='word_1_206' title='bbox 816 3662 916 3729; x_wconf 84' lang='lat' dir='ltr'><strong>terro</strong></span> <span class='ocrx_word' id='word_1_207' title='bbox 932 3659 964 3729; x_wconf 83' lang='lat' dir='ltr'><strong>si</strong></span> <span class='ocrx_word' id='word_1_208' title='bbox 980 3660 1090 3749; x_wconf 67' lang='lat' dir='ltr'><strong>leque,</strong></span> <span class='ocrx_word' id='word_1_209' title='bbox 1111 3656 1259 3749; x_wconf 88' lang='lat' dir='ltr'><strong>scilicet,</strong></span> <span class='ocrx_word' id='word_1_210' title='bbox 1276 3655 1424 3750; x_wconf 88' lang='lat' dir='ltr'><strong>publice</strong></span> <span class='ocrx_word' id='word_1_211' title='bbox 1440 3656 1477 3730; x_wconf 92' lang='lat' dir='ltr'><strong>iu</strong></span> <span class='ocrx_word' id='word_1_212' title='bbox 1493 3655 1621 3731; x_wconf 82' lang='lat' dir='ltr'><strong>catina·</strong></span> 
     </span>
     <span class='ocr_line' id='line_1_25' title="bbox 446 3773 1621 3869; baseline 0.001 -21"><span class='ocrx_word' id='word_1_213' title='bbox 446 3775 524 3869; x_wconf 88' lang='lat' dir='ltr'><strong>dra,</strong></span> <span class='ocrx_word' id='word_1_214' title='bbox 536 3796 606 3869; x_wconf 83' lang='lat' dir='ltr'><strong>per</strong></span> <span class='ocrx_word' id='word_1_215' title='bbox 623 3779 655 3850; x_wconf 83' lang='lat' dir='ltr'><strong>le</strong></span> <span class='ocrx_word' id='word_1_216' title='bbox 671 3782 787 3849; x_wconf 84' lang='lat' dir='ltr'><strong>vostro</strong></span> <span class='ocrx_word' id='word_1_217' title='bbox 806 3780 921 3851; x_wconf 72' lang='lat' dir='ltr'><strong>socole</strong></span> <span class='ocrx_word' id='word_1_218' title='bbox 937 3777 998 3849; x_wconf 81' lang='lat' dir='ltr'><strong>cde</strong></span> <span class='ocrx_word' id='word_1_219' title='bbox 1014 3779 1051 3850; x_wconf 84' lang='lat' dir='ltr'><strong>to</strong></span> <span class='ocrx_word' id='word_1_220' title='bbox 1068 3783 1198 3851; x_wconf 75' lang='lat' dir='ltr'><strong>aalma</strong></span> <span class='ocrx_word' id='word_1_221' title='bbox 1214 3779 1375 3867; x_wconf 73' lang='lat' dir='ltr'><strong>unnedica</strong></span> <span class='ocrx_word' id='word_1_222' title='bbox 1392 3773 1413 3851; x_wconf 72' lang='lat' dir='ltr'><strong>c*</strong></span> <span class='ocrx_word' id='word_1_223' title='bbox 1428 3779 1479 3849; x_wconf 89' lang='lat' dir='ltr'><strong>tol</strong></span> <span class='ocrx_word' id='word_1_224' title='bbox 1493 3778 1553 3849; x_wconf 84' lang='lat' dir='ltr'><strong>cite</strong></span> <span class='ocrx_word' id='word_1_225' title='bbox 1564 3777 1621 3849; x_wconf 82' lang='lat' dir='ltr'><strong>tn·</strong></span> 
     </span>
     <span class='ocr_line' id='line_1_26' title="bbox 447 3896 1621 3993; baseline 0.003 -23"><span class='ocrx_word' id='word_1_226' title='bbox 447 3897 593 3988; x_wconf 65' lang='lat' dir='ltr'><strong>tendas</strong></span> <span class='ocrx_word' id='word_1_227' title='bbox 617 3900 650 3971; x_wconf 84' lang='lat' dir='ltr'><strong>st</strong></span> <span class='ocrx_word' id='word_1_228' title='bbox 673 3898 834 3991; x_wconf 74' lang='lat' dir='ltr'><strong>ricorde,</strong></span> <span class='ocrx_word' id='word_1_229' title='bbox 857 3900 1006 3989; x_wconf 79' lang='lat' dir='ltr'><strong>eouole,</strong></span> <span class='ocrx_word' id='word_1_230' title='bbox 1023 3897 1126 3993; x_wconf 88' lang='lat' dir='ltr'><strong>idest,</strong></span> <span class='ocrx_word' id='word_1_231' title='bbox 1149 3898 1259 3972; x_wconf 86' lang='lat' dir='ltr'><strong>nabet</strong></span> <span class='ocrx_word' id='word_1_232' title='bbox 1278 3896 1517 3992; x_wconf 87' lang='lat' dir='ltr'><strong>intellectum,</strong></span> <span class='ocrx_word' id='word_1_233' title='bbox 1538 3917 1621 3973; x_wconf 88' lang='lat' dir='ltr'><strong>me·</strong></span> 
     </span>
     <span class='ocr_line' id='line_1_27' title="bbox 447 4017 1620 4116; baseline 0.001 -25"><span class='ocrx_word' id='word_1_234' title='bbox 447 4017 603 4093; x_wconf 90' lang='lat' dir='ltr'><strong>moriam</strong></span> <span class='ocrx_word' id='word_1_235' title='bbox 630 4024 668 4092; x_wconf 89' lang='lat' dir='ltr'><strong>et</strong></span> <span class='ocrx_word' id='word_1_236' title='bbox 692 4018 932 4093; x_wconf 86' lang='lat' dir='ltr'><strong>voluntatem.</strong></span> <span class='ocrx_word' id='word_1_237' title='bbox 951 4018 1004 4093; x_wconf 87' lang='lat' dir='ltr'><strong>Ad</strong></span> <span class='ocrx_word' id='word_1_238' title='bbox 1028 4018 1135 4093; x_wconf 90' lang='lat' dir='ltr'><strong>cuius</strong></span> <span class='ocrx_word' id='word_1_239' title='bbox 1160 4018 1246 4093; x_wconf 88' lang='lat' dir='ltr'><strong>dicti</strong></span> <span class='ocrx_word' id='word_1_240' title='bbox 1271 4017 1545 4116; x_wconf 78' lang='lat' dir='ltr'><strong>intelligentiam</strong></span> <span class='ocrx_word' id='word_1_241' title='bbox 1562 4024 1620 4093; x_wconf 77' lang='lat' dir='ltr'><strong>cst</strong></span> 
     </span>
     <span class='ocr_line' id='line_1_28' title="bbox 447 4137 1620 4235; baseline 0.001 -23"><span class='ocrx_word' id='word_1_242' title='bbox 447 4137 647 4213; x_wconf 86' lang='lat' dir='ltr'><strong>notandum</strong></span> <span class='ocrx_word' id='word_1_243' title='bbox 674 4137 773 4232; x_wconf 91' lang='lat' dir='ltr'><strong>quod</strong></span> <span class='ocrx_word' id='word_1_244' title='bbox 798 4138 952 4235; x_wconf 77' lang='lat' dir='ltr'><strong>augelus</strong></span> <span class='ocrx_word' id='word_1_245' title='bbox 979 4159 1052 4214; x_wconf 92' lang='lat' dir='ltr'><strong>nou</strong></span> <span class='ocrx_word' id='word_1_246' title='bbox 1077 4138 1245 4235; x_wconf 82' lang='lat' dir='ltr'><strong>intelligit</strong></span> <span class='ocrx_word' id='word_1_247' title='bbox 1270 4159 1336 4234; x_wconf 85' lang='lat' dir='ltr'><strong>per</strong></span> <span class='ocrx_word' id='word_1_248' title='bbox 1361 4138 1499 4235; x_wconf 77' lang='lat' dir='ltr'><strong>species</strong></span> <span class='ocrx_word' id='word_1_249' title='bbox 1525 4154 1620 4233; x_wconf 83' lang='lat' dir='ltr'><strong>quas</strong></span> 
     </span>
     <span class='ocr_line' id='line_1_29' title="bbox 446 4248 1621 4356; baseline 0.001 -23"><span class='ocrx_word' id='word_1_250' title='bbox 446 4259 633 4334; x_wconf 87' lang='lat' dir='ltr'><strong>abstrahat</strong></span> <span class='ocrx_word' id='word_1_251' title='bbox 646 4248 684 4351; x_wconf 80' lang='lat'><strong>(³)</strong></span> <span class='ocrx_word' id='word_1_252' title='bbox 711 4280 733 4333; x_wconf 94' lang='lat' dir='ltr'><strong>a</strong></span> <span class='ocrx_word' id='word_1_253' title='bbox 759 4259 883 4355; x_wconf 89' lang='lat' dir='ltr'><strong>rebus,</strong></span> <span class='ocrx_word' id='word_1_254' title='bbox 901 4280 971 4335; x_wconf 86' lang='lat' dir='ltr'><strong>nec</strong></span> <span class='ocrx_word' id='word_1_255' title='bbox 995 4260 1159 4356; x_wconf 80' lang='lat' dir='ltr'><strong>intelligit</strong></span> <span class='ocrx_word' id='word_1_256' title='bbox 1183 4259 1437 4355; x_wconf 82' lang='lat' dir='ltr'><strong>componendo</strong></span> <span class='ocrx_word' id='word_1_257' title='bbox 1463 4266 1500 4335; x_wconf 87' lang='lat' dir='ltr'><strong>et</strong></span> <span class='ocrx_word' id='word_1_258' title='bbox 1524 4259 1621 4334; x_wconf 88' lang='lat' dir='ltr'><strong>divi·</strong></span> 
     </span>
     <span class='ocr_line' id='line_1_30' title="bbox 446 4378 1620 4475; baseline -0.002 -20"><span class='ocrx_word' id='word_1_259' title='bbox 446 4379 577 4474; x_wconf 85' lang='lat' dir='ltr'><strong>dando,</strong></span> <span class='ocrx_word' id='word_1_260' title='bbox 601 4378 696 4454; x_wconf 87' lang='lat' dir='ltr'><strong>sicut</strong></span> <span class='ocrx_word' id='word_1_261' title='bbox 730 4399 796 4454; x_wconf 90' lang='lat' dir='ltr'><strong>nos</strong></span> <span class='ocrx_word' id='word_1_262' title='bbox 829 4380 996 4475; x_wconf 88' lang='lat' dir='ltr'><strong>iacimus,</strong></span> <span class='ocrx_word' id='word_1_263' title='bbox 1031 4400 1100 4455; x_wconf 85' lang='lat' dir='ltr'><strong>neo</strong></span> <span class='ocrx_word' id='word_1_264' title='bbox 1132 4378 1198 4475; x_wconf 87' lang='lat' dir='ltr'><strong>per</strong></span> <span class='ocrx_word' id='word_1_265' title='bbox 1221 4379 1437 4455; x_wconf 87' lang='lat' dir='ltr'><strong>discursum</strong></span> <span class='ocrx_word' id='word_1_266' title='bbox 1472 4379 1620 4456; x_wconf 86' lang='lat' dir='ltr'><strong>ratioci-</strong></span> 
     </span>
     <span class='ocr_line' id='line_1_31' title="bbox 447 4498 1618 4596; baseline -0.001 -19"><span class='ocrx_word' id='word_1_267' title='bbox 447 4499 587 4595; x_wconf 91' lang='lat' dir='ltr'><strong>uaudo;</strong></span> <span class='ocrx_word' id='word_1_268' title='bbox 613 4506 651 4575; x_wconf 87' lang='lat' dir='ltr'><strong>ot</strong></span> <span class='ocrx_word' id='word_1_269' title='bbox 674 4499 756 4575; x_wconf 90' lang='lat' dir='ltr'><strong>ideo</strong></span> <span class='ocrx_word' id='word_1_270' title='bbox 785 4500 865 4575; x_wconf 87' lang='lat' dir='ltr'><strong>vult</strong></span> <span class='ocrx_word' id='word_1_271' title='bbox 894 4499 1019 4575; x_wconf 89' lang='lat' dir='ltr'><strong>dicere</strong></span> <span class='ocrx_word' id='word_1_272' title='bbox 1049 4505 1159 4575; x_wconf 88' lang='lat' dir='ltr'><strong>autor</strong></span> <span class='ocrx_word' id='word_1_273' title='bbox 1191 4498 1289 4594; x_wconf 88' lang='lat' dir='ltr'><strong>quod</strong></span> <span class='ocrx_word' id='word_1_274' title='bbox 1320 4499 1496 4596; x_wconf 85' lang='lat' dir='ltr'><strong>capiendo</strong></span> <span class='ocrx_word' id='word_1_275' title='bbox 1522 4500 1618 4576; x_wconf 91' lang='lat' dir='ltr'><strong>istud</strong></span> 
     </span>
     <span class='ocr_line' id='line_1_32' title="bbox 444 4619 1619 4717; baseline -0.002 -20"><span class='ocrx_word' id='word_1_276' title='bbox 444 4622 667 4697; x_wconf 81' lang='lat' dir='ltr'><strong>vocabulum</strong></span> <span class='ocrx_word' id='word_1_277' title='bbox 687 4624 889 4712; x_wconf 72' lang='lat' dir='ltr'><strong>tntetttyere,</strong></span> <span class='ocrx_word' id='word_1_278' title='bbox 909 4621 1028 4717; x_wconf 91' lang='lat' dir='ltr'><strong>ipsum</strong></span> <span class='ocrx_word' id='word_1_279' title='bbox 1054 4627 1108 4695; x_wconf 87' lang='lat' dir='ltr'><strong>est</strong></span> <span class='ocrx_word' id='word_1_280' title='bbox 1133 4621 1249 4717; x_wconf 82' lang='lat' dir='ltr'><strong>magis</strong></span> <span class='ocrx_word' id='word_1_281' title='bbox 1270 4619 1461 4716; x_wconf 83' lang='lat' dir='ltr'><strong>proprium</strong></span> <span class='ocrx_word' id='word_1_282' title='bbox 1486 4626 1619 4715; x_wconf 81' lang='lat' dir='ltr'><strong>poten-</strong></span> 
     </span>
     <span class='ocr_line' id='line_1_33' title="bbox 443 4728 1615 4837; baseline -0.002 -20"><span class='ocrx_word' id='word_1_283' title='bbox 443 4742 504 4817; x_wconf 84' lang='lat' dir='ltr'><strong>ttae</strong></span> <span class='ocrx_word' id='word_1_284' title='bbox 529 4748 664 4817; x_wconf 85' lang='lat' dir='ltr'><strong>nostrae</strong></span> <span class='ocrx_word' id='word_1_285' title='bbox 691 4742 825 4816; x_wconf 83' lang='lat' dir='ltr'><strong>animae</strong></span> <span class='ocrx_word' id='word_1_286' title='bbox 842 4763 955 4836; x_wconf 83' lang='lat' dir='ltr'><strong>quam</strong></span> <span class='ocrx_word' id='word_1_287' title='bbox 974 4740 1123 4837; x_wconf 83' lang='lat' dir='ltr'><strong>augelis,</strong></span> <span class='ocrx_word' id='word_1_288' title='bbox 1136 4742 1238 4817; x_wconf 84' lang='lat' dir='ltr'><strong>salvo</strong></span> <span class='ocrx_word' id='word_1_289' title='bbox 1255 4740 1354 4836; x_wconf 88' lang='lat' dir='ltr'><strong>quod</strong></span> <span class='ocrx_word' id='word_1_290' title='bbox 1372 4739 1562 4835; x_wconf 79' lang='lat' dir='ltr'><strong>aequivoce</strong></span> <span class='ocrx_word' id='word_1_291' title='bbox 1577 4728 1615 4833; x_wconf 77' lang='lat' dir='ltr'><strong>l‘)</strong></span> 
     </span>
    </p>
   </div>
   <div class='ocr_carea' id='block_1_4' title="bbox 507 4923 1304 5068">
    <p class='ocr_par' dir='ltr' id='par_1_4' title="bbox 507 4923 1304 5068">
     <span class='ocr_line' id='line_1_34' title="bbox 507 4923 1244 4993; baseline -0.02 -3"><span class='ocrx_word' id='word_1_292' title='bbox 507 4928 534 4990; x_wconf 83' lang='lat' dir='ltr'><strong>tt</strong></span> <span class='ocrx_word' id='word_1_293' title='bbox 550 4929 581 4979; x_wconf 79' lang='lat' dir='ltr'><strong>E·</strong></span> <span class='ocrx_word' id='word_1_294' title='bbox 597 4928 704 4993; x_wconf 70' lang='lat' dir='ltr'><strong>aliqud·</strong></span> <span class='ocrx_word' id='word_1_295' title='bbox 1051 4923 1079 4987; x_wconf 79' lang='lat'><strong>‹¹›</strong></span> <span class='ocrx_word' id='word_1_296' title='bbox 1096 4926 1127 4977; x_wconf 80' lang='lat' dir='ltr'><strong>u.</strong></span> <span class='ocrx_word' id='word_1_297' title='bbox 1143 4926 1174 4977; x_wconf 86' lang='lat' dir='ltr'><strong>ut</strong></span> <span class='ocrx_word' id='word_1_298' title='bbox 1190 4928 1244 4977; x_wconf 74' lang='lat' dir='ltr'><strong>arn.</strong></span> 
     </span>
     <span class='ocr_line' id='line_1_35' title="bbox 507 5003 1304 5068; baseline -0.018 0"><span class='ocrx_word' id='word_1_299' title='bbox 507 5004 535 5068; x_wconf 82' lang='lat' dir='ltr'><strong>t&#39;t</strong></span> <span class='ocrx_word' id='word_1_300' title='bbox 550 5006 581 5055; x_wconf 79' lang='lat' dir='ltr'><strong>E·</strong></span> <span class='ocrx_word' id='word_1_301' title='bbox 596 5005 730 5056; x_wconf 60' lang='lat' dir='ltr'><strong>tutudit·</strong></span> <span class='ocrx_word' id='word_1_302' title='bbox 1051 5003 1078 5065; x_wconf 77' lang='lat'><strong>(¹)</strong></span> <span class='ocrx_word' id='word_1_303' title='bbox 1094 5003 1125 5053; x_wconf 79' lang='lat' dir='ltr'><strong>n.</strong></span> <span class='ocrx_word' id='word_1_304' title='bbox 1141 5004 1304 5068; x_wconf 69' lang='lat' dir='ltr'><strong>oqurrmn.</strong></span> 
     </span>
    </p>
   </div>
   <div class='ocr_carea' id='block_1_5' title="bbox 581 5109 1488 5157">
    <p class='ocr_par' dir='ltr' id='par_1_5' title="bbox 581 5109 1488 5157">
     <span class='ocr_line' id='line_1_36' title="bbox 581 5109 1488 5157; baseline -0.002 0"><span class='ocrx_word' id='word_1_305' title='bbox 581 5109 608 5157; x_wconf 73' lang='lat' dir='ltr'><strong>V.</strong></span> <span class='ocrx_word' id='word_1_306' title='bbox 1459 5110 1488 5155; x_wconf 75' lang='lat'><strong>28</strong></span> 
     </span>
    </p>
   </div>
   <div class='ocr_carea' id='block_1_6' title="bbox 0 0 2426 6642">
    <p class='ocr_par' dir='ltr' id='par_1_6' title="bbox 0 0 2426 6642">
     <span class='ocr_line' id='line_1_37' title="bbox 0 0 2426 6642; baseline 0 1"><span class='ocrx_word' id='word_1_307' title='bbox 0 0 2426 6642; x_wconf 95' lang='lat' dir='ltr'><strong> </strong></span> 
     </span>
    </p>
   </div>
  </div>
 </body>
</html>
