<?xml version="1.0" encoding="UTF-8"?>
<!DOCTYPE html PUBLIC "-//W3C//DTD XHTML 1.0 Transitional//EN"
    "http://www.w3.org/TR/xhtml1/DTD/xhtml1-transitional.dtd">
<html xmlns="http://www.w3.org/1999/xhtml" xml:lang="en" lang="en">
 <head>
  <title>
</title>
<meta http-equiv="Content-Type" content="text/html;charset=utf-8" />
  <meta name='ocr-system' content='tesseract 3.04.00' />
  <meta name='ocr-capabilities' content='ocr_page ocr_carea ocr_par ocr_line ocrx_word'/>
</head>
<body>
  <div class='ocr_page' id='page_1' title='image "./comentumsuperda02benvgoog_0503.png"; bbox 0 0 4842 6642; ppageno 0'>
   <div class='ocr_carea' id='block_1_1' title="bbox 764 755 1625 824">
    <p class='ocr_par' dir='ltr' id='par_1_1' title="bbox 764 755 1625 824">
     <span class='ocr_line' id='line_1_1' title="bbox 764 755 1625 824; baseline 0.001 -5"><span class='ocrx_word' id='word_1_1' title='bbox 764 765 904 821; x_wconf 78' lang='lat' dir='ltr'>caurus</span> <span class='ocrx_word' id='word_1_2' title='bbox 928 767 1145 824; x_wconf 76' lang='lat' dir='ltr'>rnreesruus</span> <span class='ocrx_word' id='word_1_3' title='bbox 1169 767 1314 824; x_wconf 73' lang='lat' dir='ltr'>antuus.</span> <span class='ocrx_word' id='word_1_4' title='bbox 1554 755 1625 822; x_wconf 76' lang='lat' dir='ltr'>lli</span> 
     </span>
    </p>
   </div>
   <div class='ocr_carea' id='block_1_2' title="bbox 450 909 1627 4022">
    <p class='ocr_par' dir='ltr' id='par_1_2' title="bbox 450 909 1627 4022">
     <span class='ocr_line' id='line_1_2' title="bbox 451 909 1625 1006; baseline 0 -22"><span class='ocrx_word' id='word_1_5' title='bbox 451 909 557 986; x_wconf 87' lang='lat' dir='ltr'>dicit:</span> <span class='ocrx_word' id='word_1_6' title='bbox 575 931 595 982; x_wconf 86' lang='lat' dir='ltr'>e</span> <span class='ocrx_word' id='word_1_7' title='bbox 614 911 674 983; x_wconf 83' lang='lat' dir='ltr'>obe</span> <span class='ocrx_word' id='word_1_8' title='bbox 693 913 840 1003; x_wconf 70' lang='lat' dir='ltr'>soffrirti</span> <span class='ocrx_word' id='word_1_9' title='bbox 855 913 988 986; x_wconf 84' lang='lat' dir='ltr'>lasoior</span> <span class='ocrx_word' id='word_1_10' title='bbox 1005 915 1036 986; x_wconf 86' lang='lat' dir='ltr'>le</span> <span class='ocrx_word' id='word_1_11' title='bbox 1052 920 1108 986; x_wconf 80' lang='lat' dir='ltr'>tue</span> <span class='ocrx_word' id='word_1_12' title='bbox 1124 915 1262 1006; x_wconf 66' lang='lat' dir='ltr'>occupo,</span> <span class='ocrx_word' id='word_1_13' title='bbox 1283 911 1429 1006; x_wconf 86' lang='lat' dir='ltr'>scilicet,</span> <span class='ocrx_word' id='word_1_14' title='bbox 1450 909 1625 1004; x_wconf 81' lang='lat' dir='ltr'>verbalia,</span> 
     </span>
     <span class='ocr_line' id='line_1_3' title="bbox 450 1029 1626 1128; baseline -0.001 -23"><span class='ocrx_word' id='word_1_15' title='bbox 450 1051 528 1105; x_wconf 89' lang='lat' dir='ltr'>non</span> <span class='ocrx_word' id='word_1_16' title='bbox 553 1029 770 1125; x_wconf 90' lang='lat' dir='ltr'>corporalia,</span> <span class='ocrx_word' id='word_1_17' title='bbox 788 1033 826 1104; x_wconf 84' lang='lat' dir='ltr'>in</span> <span class='ocrx_word' id='word_1_18' title='bbox 848 1033 1003 1127; x_wconf 67' lang='lat' dir='ltr'>bosono,</span> <span class='ocrx_word' id='word_1_19' title='bbox 1022 1032 1157 1108; x_wconf 87' lang='lat' dir='ltr'>scilicet</span> <span class='ocrx_word' id='word_1_20' title='bbox 1173 1033 1322 1128; x_wconf 87' lang='lat' dir='ltr'>quando</span> <span class='ocrx_word' id='word_1_21' title='bbox 1346 1031 1561 1108; x_wconf 78' lang='lat' dir='ltr'><strong>descendisti</strong></span> <span class='ocrx_word' id='word_1_22' title='bbox 1579 1030 1626 1106; x_wconf 94' lang='lat' dir='ltr'>ad</span> 
     </span>
     <span class='ocr_line' id='line_1_4' title="bbox 452 1150 1627 1248; baseline 0.001 -23"><span class='ocrx_word' id='word_1_23' title='bbox 452 1150 655 1248; x_wconf 77' lang='lat' dir='ltr'>Virgilium,</span> <span class='ocrx_word' id='word_1_24' title='bbox 681 1157 725 1224; x_wconf 88' lang='lat' dir='ltr'>ut</span> <span class='ocrx_word' id='word_1_25' title='bbox 749 1150 915 1225; x_wconf 87' lang='lat' dir='ltr'>babiturn</span> <span class='ocrx_word' id='word_1_26' title='bbox 941 1159 998 1228; x_wconf 89' lang='lat' dir='ltr'>est</span> <span class='ocrx_word' id='word_1_27' title='bbox 1021 1152 1181 1228; x_wconf 66' lang='lat' dir='ltr'>seruum</span> <span class='ocrx_word' id='word_1_28' title='bbox 1207 1153 1366 1248; x_wconf 90' lang='lat' dir='ltr'>capitulo</span> <span class='ocrx_word' id='word_1_29' title='bbox 1391 1153 1539 1248; x_wconf 81' lang='lat' dir='ltr'>interni,</span> <span class='ocrx_word' id='word_1_30' title='bbox 1560 1153 1627 1227; x_wconf 94' lang='lat' dir='ltr'>ubi</span> 
     </span>
     <span class='ocr_line' id='line_1_5' title="bbox 452 1271 1625 1368; baseline 0.001 -20"><span class='ocrx_word' id='word_1_31' title='bbox 452 1271 558 1348; x_wconf 82' lang='lat' dir='ltr'>dixit:</span> <span class='ocrx_word' id='word_1_32' title='bbox 581 1273 749 1346; x_wconf 77' lang='lat' dir='ltr'>danim</span> <span class='ocrx_word' id='word_1_33' title='bbox 765 1279 897 1346; x_wconf 79' lang='lat' dir='ltr'>oortcse</span> <span class='ocrx_word' id='word_1_34' title='bbox 912 1279 1128 1348; x_wconf 72' lang='lat' dir='ltr'>menbrum</span> <span class='ocrx_word' id='word_1_35' title='bbox 1144 1280 1213 1348; x_wconf 87' lang='lat' dir='ltr'>eto.</span> <span class='ocrx_word' id='word_1_36' title='bbox 1229 1275 1272 1347; x_wconf 84' lang='lat' dir='ltr'>Et</span> <span class='ocrx_word' id='word_1_37' title='bbox 1290 1274 1392 1350; x_wconf 88' lang='lat' dir='ltr'>dicit:</span> <span class='ocrx_word' id='word_1_38' title='bbox 1412 1296 1477 1368; x_wconf 83' lang='lat' dir='ltr'>per</span> <span class='ocrx_word' id='word_1_39' title='bbox 1494 1276 1531 1348; x_wconf 85' lang='lat' dir='ltr'>lo</span> <span class='ocrx_word' id='word_1_40' title='bbox 1553 1277 1625 1349; x_wconf 81' lang='lat' dir='ltr'>ntia</span> 
     </span>
     <span class='ocr_line' id='line_1_6' title="bbox 451 1391 1625 1492; baseline 0.002 -24"><span class='ocrx_word' id='word_1_41' title='bbox 451 1397 575 1485; x_wconf 67' lang='lat' dir='ltr'>soluo,</span> <span class='ocrx_word' id='word_1_42' title='bbox 601 1392 687 1488; x_wconf 85' lang='lat' dir='ltr'>quia</span> <span class='ocrx_word' id='word_1_43' title='bbox 714 1391 850 1469; x_wconf 89' lang='lat' dir='ltr'>scilicet</span> <span class='ocrx_word' id='word_1_44' title='bbox 873 1393 920 1468; x_wconf 90' lang='lat' dir='ltr'>ad</span> <span class='ocrx_word' id='word_1_45' title='bbox 944 1395 1101 1470; x_wconf 85' lang='lat' dir='ltr'>salutem</span> <span class='ocrx_word' id='word_1_46' title='bbox 1127 1395 1319 1470; x_wconf 92' lang='lat' dir='ltr'>bominum</span> <span class='ocrx_word' id='word_1_47' title='bbox 1350 1395 1533 1492; x_wconf 91' lang='lat' dir='ltr'>tbeologia</span> <span class='ocrx_word' id='word_1_48' title='bbox 1558 1395 1625 1470; x_wconf 90' lang='lat' dir='ltr'>de-</span> 
     </span>
     <span class='ocr_line' id='line_1_7' title="bbox 453 1513 1626 1608; baseline 0 -19"><span class='ocrx_word' id='word_1_49' title='bbox 453 1513 593 1589; x_wconf 88' lang='lat' dir='ltr'>scendit</span> <span class='ocrx_word' id='word_1_50' title='bbox 616 1513 665 1589; x_wconf 92' lang='lat' dir='ltr'>de</span> <span class='ocrx_word' id='word_1_51' title='bbox 689 1513 785 1590; x_wconf 88' lang='lat' dir='ltr'>ooelo</span> <span class='ocrx_word' id='word_1_52' title='bbox 809 1513 846 1586; x_wconf 92' lang='lat' dir='ltr'>in</span> <span class='ocrx_word' id='word_1_53' title='bbox 872 1520 1011 1588; x_wconf 90' lang='lat' dir='ltr'>terram</span> <span class='ocrx_word' id='word_1_54' title='bbox 1028 1513 1208 1608; x_wconf 77' lang='lat' dir='ltr'>vitiosam,</span> <span class='ocrx_word' id='word_1_55' title='bbox 1227 1514 1290 1589; x_wconf 94' lang='lat' dir='ltr'>ubi</span> <span class='ocrx_word' id='word_1_56' title='bbox 1308 1521 1364 1590; x_wconf 91' lang='lat' dir='ltr'>est</span> <span class='ocrx_word' id='word_1_57' title='bbox 1387 1515 1552 1590; x_wconf 79' lang='lat' dir='ltr'>iniamus</span> <span class='ocrx_word' id='word_1_58' title='bbox 1570 1513 1626 1589; x_wconf 90' lang='lat' dir='ltr'>vi·</span> 
     </span>
     <span class='ocr_line' id='line_1_8' title="bbox 454 1632 1624 1731; baseline -0.001 -21"><span class='ocrx_word' id='word_1_59' title='bbox 454 1634 631 1728; x_wconf 84' lang='lat' dir='ltr'>rentium,</span> <span class='ocrx_word' id='word_1_60' title='bbox 659 1633 847 1709; x_wconf 80' lang='lat' dir='ltr'>moraliter</span> <span class='ocrx_word' id='word_1_61' title='bbox 872 1632 1068 1728; x_wconf 87' lang='lat' dir='ltr'>loquendo,</span> <span class='ocrx_word' id='word_1_62' title='bbox 1085 1633 1180 1708; x_wconf 86' lang='lat' dir='ltr'>sicut</span> <span class='ocrx_word' id='word_1_63' title='bbox 1197 1634 1339 1730; x_wconf 90' lang='lat' dir='ltr'>plenius</span> <span class='ocrx_word' id='word_1_64' title='bbox 1356 1635 1509 1731; x_wconf 81' lang='lat' dir='ltr'>exposui</span> <span class='ocrx_word' id='word_1_65' title='bbox 1527 1655 1624 1731; x_wconf 87' lang='lat' dir='ltr'>prae·</span> 
     </span>
     <span class='ocr_line' id='line_1_9' title="bbox 453 1754 1622 1851; baseline 0 -21"><span class='ocrx_word' id='word_1_66' title='bbox 453 1754 550 1830; x_wconf 88' lang='lat' dir='ltr'>dicto</span> <span class='ocrx_word' id='word_1_67' title='bbox 575 1755 735 1851; x_wconf 86' lang='lat' dir='ltr'>capitulo</span> <span class='ocrx_word' id='word_1_68' title='bbox 759 1754 931 1831; x_wconf 87' lang='lat' dir='ltr'>secundo.</span> <span class='ocrx_word' id='word_1_69' title='bbox 945 1757 1056 1828; x_wconf 88' lang='lat' dir='ltr'>-Di</span> <span class='ocrx_word' id='word_1_70' title='bbox 1080 1762 1181 1829; x_wconf 75' lang='lat' dir='ltr'>mate.</span> <span class='ocrx_word' id='word_1_71' title='bbox 1201 1755 1268 1830; x_wconf 85' lang='lat' dir='ltr'>llic</span> <span class='ocrx_word' id='word_1_72' title='bbox 1287 1761 1397 1830; x_wconf 87' lang='lat' dir='ltr'>autor</span> <span class='ocrx_word' id='word_1_73' title='bbox 1413 1755 1496 1831; x_wconf 91' lang='lat' dir='ltr'>iacit</span> <span class='ocrx_word' id='word_1_74' title='bbox 1516 1777 1622 1832; x_wconf 91' lang='lat' dir='ltr'>suam</span> 
     </span>
     <span class='ocr_line' id='line_1_10' title="bbox 452 1874 1621 1972; baseline -0.002 -20"><span class='ocrx_word' id='word_1_75' title='bbox 452 1876 714 1970; x_wconf 82' lang='lat' dir='ltr'>narrationem,</span> <span class='ocrx_word' id='word_1_76' title='bbox 744 1882 782 1950; x_wconf 88' lang='lat' dir='ltr'>et</span> <span class='ocrx_word' id='word_1_77' title='bbox 811 1874 1004 1971; x_wconf 83' lang='lat' dir='ltr'>profitetur</span> <span class='ocrx_word' id='word_1_78' title='bbox 1033 1895 1139 1951; x_wconf 92' lang='lat' dir='ltr'>suam</span> <span class='ocrx_word' id='word_1_79' title='bbox 1176 1875 1449 1972; x_wconf 79' lang='lat' dir='ltr'>gratitudinem.</span> <span class='ocrx_word' id='word_1_80' title='bbox 1485 1875 1621 1950; x_wconf 87' lang='lat' dir='ltr'>Ordina</span> 
     </span>
     <span class='ocr_line' id='line_1_11' title="bbox 452 1996 1625 2094; baseline -0.002 -22"><span class='ocrx_word' id='word_1_81' title='bbox 452 2017 544 2094; x_wconf 91' lang='lat' dir='ltr'>ergo</span> <span class='ocrx_word' id='word_1_82' title='bbox 560 1996 614 2071; x_wconf 91' lang='lat' dir='ltr'>sic</span> <span class='ocrx_word' id='word_1_83' title='bbox 630 1997 793 2071; x_wconf 86' lang='lat' dir='ltr'>literam:</span> <span class='ocrx_word' id='word_1_84' title='bbox 812 2000 853 2070; x_wconf 88' lang='lat' dir='ltr'>lo</span> <span class='ocrx_word' id='word_1_85' title='bbox 868 1999 1051 2070; x_wconf 71' lang='lat' dir='ltr'>ricooosoo</span> <span class='ocrx_word' id='word_1_86' title='bbox 1064 2000 1101 2071; x_wconf 87' lang='lat' dir='ltr'>la</span> <span class='ocrx_word' id='word_1_87' title='bbox 1112 1999 1242 2088; x_wconf 79' lang='lat' dir='ltr'>pruzia</span> <span class='ocrx_word' id='word_1_88' title='bbox 1256 2018 1274 2068; x_wconf 82' lang='lat' dir='ltr'>e</span> <span class='ocrx_word' id='word_1_89' title='bbox 1291 1998 1327 2069; x_wconf 86' lang='lat' dir='ltr'>lo</span> <span class='ocrx_word' id='word_1_90' title='bbox 1344 1999 1467 2071; x_wconf 81' lang='lat' dir='ltr'>virtvte</span> <span class='ocrx_word' id='word_1_91' title='bbox 1479 1999 1517 2070; x_wconf 87' lang='lat' dir='ltr'>di</span> <span class='ocrx_word' id='word_1_92' title='bbox 1533 2003 1625 2070; x_wconf 83' lang='lat' dir='ltr'>tonte</span> 
     </span>
     <span class='ocr_line' id='line_1_12' title="bbox 452 2115 1627 2214; baseline -0.002 -22"><span class='ocrx_word' id='word_1_93' title='bbox 452 2139 530 2193; x_wconf 77' lang='lat' dir='ltr'>cose</span> <span class='ocrx_word' id='word_1_94' title='bbox 546 2121 666 2210; x_wconf 80' lang='lat' dir='ltr'>quont&#39;</span> <span class='ocrx_word' id='word_1_95' title='bbox 678 2121 714 2192; x_wconf 84' lang='lat' dir='ltr'>io</span> <span class='ocrx_word' id='word_1_96' title='bbox 737 2120 783 2191; x_wconf 87' lang='lat' dir='ltr'>bo</span> <span class='ocrx_word' id='word_1_97' title='bbox 810 2119 940 2209; x_wconf 71' lang='lat' dir='ltr'>codun,</span> <span class='ocrx_word' id='word_1_98' title='bbox 960 2115 1107 2211; x_wconf 86' lang='lat' dir='ltr'>scilicet,</span> <span class='ocrx_word' id='word_1_99' title='bbox 1125 2117 1162 2190; x_wconf 93' lang='lat' dir='ltr'>in</span> <span class='ocrx_word' id='word_1_100' title='bbox 1180 2116 1334 2210; x_wconf 91' lang='lat' dir='ltr'>inierno,</span> <span class='ocrx_word' id='word_1_101' title='bbox 1352 2117 1565 2214; x_wconf 86' lang='lat' dir='ltr'>purgatorio</span> <span class='ocrx_word' id='word_1_102' title='bbox 1589 2123 1627 2192; x_wconf 90' lang='lat' dir='ltr'>et</span> 
     </span>
     <span class='ocr_line' id='line_1_13' title="bbox 452 2237 1623 2335; baseline 0 -22"><span class='ocrx_word' id='word_1_103' title='bbox 452 2238 641 2334; x_wconf 81' lang='lat' dir='ltr'>paradis03</span> <span class='ocrx_word' id='word_1_104' title='bbox 660 2237 746 2333; x_wconf 88' lang='lat' dir='ltr'>quia</span> <span class='ocrx_word' id='word_1_105' title='bbox 764 2237 884 2333; x_wconf 93' lang='lat' dir='ltr'>primo</span> <span class='ocrx_word' id='word_1_106' title='bbox 900 2243 942 2310; x_wconf 93' lang='lat' dir='ltr'>tu</span> <span class='ocrx_word' id='word_1_107' title='bbox 960 2237 1171 2313; x_wconf 88' lang='lat' dir='ltr'>commisisti</span> <span class='ocrx_word' id='word_1_108' title='bbox 1199 2258 1260 2312; x_wconf 93' lang='lat' dir='ltr'>me</span> <span class='ocrx_word' id='word_1_109' title='bbox 1285 2258 1387 2312; x_wconf 87' lang='lat' dir='ltr'>curae</span> <span class='ocrx_word' id='word_1_110' title='bbox 1405 2238 1541 2335; x_wconf 77' lang='lat' dir='ltr'>Virgilii</span> <span class='ocrx_word' id='word_1_111' title='bbox 1559 2240 1623 2334; x_wconf 89' lang='lat' dir='ltr'>qui</span> 
     </span>
     <span class='ocr_line' id='line_1_14' title="bbox 452 2357 1624 2456; baseline 0.002 -22"><span class='ocrx_word' id='word_1_112' title='bbox 452 2357 557 2434; x_wconf 80' lang='lat' dir='ltr'>duxit</span> <span class='ocrx_word' id='word_1_113' title='bbox 584 2379 645 2434; x_wconf 86' lang='lat' dir='ltr'>me</span> <span class='ocrx_word' id='word_1_114' title='bbox 669 2379 736 2455; x_wconf 91' lang='lat' dir='ltr'>per</span> <span class='ocrx_word' id='word_1_115' title='bbox 760 2359 946 2434; x_wconf 82' lang='lat' dir='ltr'>internum</span> <span class='ocrx_word' id='word_1_116' title='bbox 975 2363 1013 2433; x_wconf 95' lang='lat' dir='ltr'>et</span> <span class='ocrx_word' id='word_1_117' title='bbox 1039 2358 1317 2456; x_wconf 81' lang='lat' dir='ltr'>purgatorium3</span> <span class='ocrx_word' id='word_1_118' title='bbox 1343 2357 1473 2435; x_wconf 88' lang='lat' dir='ltr'>deinde</span> <span class='ocrx_word' id='word_1_119' title='bbox 1498 2359 1535 2434; x_wconf 96' lang='lat' dir='ltr'>in</span> <span class='ocrx_word' id='word_1_120' title='bbox 1562 2379 1624 2436; x_wconf 88' lang='lat' dir='ltr'>re-</span> 
     </span>
     <span class='ocr_line' id='line_1_15' title="bbox 454 2477 1621 2575; baseline -0.003 -19"><span class='ocrx_word' id='word_1_121' title='bbox 454 2500 560 2556; x_wconf 78' lang='lat' dir='ltr'>cessu</span> <span class='ocrx_word' id='word_1_122' title='bbox 585 2479 682 2552; x_wconf 91' lang='lat' dir='ltr'>illins</span> <span class='ocrx_word' id='word_1_123' title='bbox 707 2486 747 2552; x_wconf 89' lang='lat' dir='ltr'>tu</span> <span class='ocrx_word' id='word_1_124' title='bbox 773 2477 999 2574; x_wconf 88' lang='lat' dir='ltr'>assumpsisti</span> <span class='ocrx_word' id='word_1_125' title='bbox 1017 2498 1079 2554; x_wconf 93' lang='lat' dir='ltr'>me</span> <span class='ocrx_word' id='word_1_126' title='bbox 1103 2485 1141 2554; x_wconf 87' lang='lat' dir='ltr'>et</span> <span class='ocrx_word' id='word_1_127' title='bbox 1163 2479 1298 2554; x_wconf 84' lang='lat' dir='ltr'>duxisti</span> <span class='ocrx_word' id='word_1_128' title='bbox 1316 2499 1382 2575; x_wconf 90' lang='lat' dir='ltr'>per</span> <span class='ocrx_word' id='word_1_129' title='bbox 1398 2479 1621 2575; x_wconf 88' lang='lat' dir='ltr'>paradisum.</span> 
     </span>
     <span class='ocr_line' id='line_1_16' title="bbox 453 2598 1618 2694; baseline -0.001 -20"><span class='ocrx_word' id='word_1_130' title='bbox 453 2601 498 2674; x_wconf 86' lang='lat' dir='ltr'>lit</span> <span class='ocrx_word' id='word_1_131' title='bbox 514 2599 615 2673; x_wconf 88' lang='lat' dir='ltr'>dicit:</span> <span class='ocrx_word' id='word_1_132' title='bbox 633 2601 698 2673; x_wconf 87' lang='lat' dir='ltr'>dol</span> <span class='ocrx_word' id='word_1_133' title='bbox 712 2606 770 2674; x_wconf 82' lang='lat' dir='ltr'>tuo</span> <span class='ocrx_word' id='word_1_134' title='bbox 783 2601 917 2692; x_wconf 86' lang='lat' dir='ltr'>podere</span> <span class='ocrx_word' id='word_1_135' title='bbox 922 2625 938 2694; x_wconf 90' lang='lat'><em>;</em></span> <span class='ocrx_word' id='word_1_136' title='bbox 955 2598 1054 2674; x_wconf 92' lang='lat' dir='ltr'>nulla</span> <span class='ocrx_word' id='word_1_137' title='bbox 1067 2598 1165 2674; x_wconf 89' lang='lat' dir='ltr'>enim</span> <span class='ocrx_word' id='word_1_138' title='bbox 1184 2599 1334 2674; x_wconf 89' lang='lat' dir='ltr'>scientia</span> <span class='ocrx_word' id='word_1_139' title='bbox 1353 2599 1461 2675; x_wconf 88' lang='lat' dir='ltr'>babet</span> <span class='ocrx_word' id='word_1_140' title='bbox 1479 2605 1618 2675; x_wconf 86' lang='lat' dir='ltr'>tautam</span> 
     </span>
     <span class='ocr_line' id='line_1_17' title="bbox 454 2719 1621 2818; baseline 0 -22"><span class='ocrx_word' id='word_1_141' title='bbox 454 2727 669 2818; x_wconf 89' lang='lat' dir='ltr'>potestatem</span> <span class='ocrx_word' id='word_1_142' title='bbox 696 2719 790 2794; x_wconf 89' lang='lat' dir='ltr'>sicut</span> <span class='ocrx_word' id='word_1_143' title='bbox 806 2739 910 2795; x_wconf 91' lang='lat' dir='ltr'>sacra</span> <span class='ocrx_word' id='word_1_144' title='bbox 928 2719 1123 2816; x_wconf 77' lang='lat' dir='ltr'>theologia,</span> <span class='ocrx_word' id='word_1_145' title='bbox 1139 2739 1225 2814; x_wconf 83' lang='lat' dir='ltr'>quae</span> <span class='ocrx_word' id='word_1_146' title='bbox 1245 2719 1465 2795; x_wconf 81' lang='lat' dir='ltr'>transcendit</span> <span class='ocrx_word' id='word_1_147' title='bbox 1485 2741 1621 2796; x_wconf 90' lang='lat' dir='ltr'>nonam</span> 
     </span>
     <span class='ocr_line' id='line_1_18' title="bbox 454 2837 1624 2938; baseline -0.003 -22"><span class='ocrx_word' id='word_1_148' title='bbox 454 2861 612 2938; x_wconf 89' lang='lat' dir='ltr'>speram,</span> <span class='ocrx_word' id='word_1_149' title='bbox 638 2839 738 2936; x_wconf 85' lang='lat' dir='ltr'>quod</span> <span class='ocrx_word' id='word_1_150' title='bbox 762 2839 844 2915; x_wconf 82' lang='lat' dir='ltr'>alim</span> <span class='ocrx_word' id='word_1_151' title='bbox 868 2839 990 2914; x_wconf 89' lang='lat' dir='ltr'>lacere</span> <span class='ocrx_word' id='word_1_152' title='bbox 1015 2860 1088 2913; x_wconf 94' lang='lat' dir='ltr'>non</span> <span class='ocrx_word' id='word_1_153' title='bbox 1113 2846 1277 2935; x_wconf 86' lang='lat' dir='ltr'>possunt,</span> <span class='ocrx_word' id='word_1_154' title='bbox 1295 2845 1333 2914; x_wconf 90' lang='lat' dir='ltr'>et</span> <span class='ocrx_word' id='word_1_155' title='bbox 1349 2837 1505 2914; x_wconf 91' lang='lat' dir='ltr'>ostendit</span> <span class='ocrx_word' id='word_1_156' title='bbox 1531 2838 1624 2913; x_wconf 91' lang='lat' dir='ltr'>invi·</span> 
     </span>
     <span class='ocr_line' id='line_1_19' title="bbox 454 2958 1622 3055; baseline -0.001 -20"><span class='ocrx_word' id='word_1_157' title='bbox 454 2961 569 3037; x_wconf 89' lang='lat' dir='ltr'>sibilia</span> <span class='ocrx_word' id='word_1_158' title='bbox 594 2961 683 3055; x_wconf 81' lang='lat' dir='ltr'>llei3</span> <span class='ocrx_word' id='word_1_159' title='bbox 708 2981 728 3033; x_wconf 87' lang='lat' dir='ltr'>e</span> <span class='ocrx_word' id='word_1_160' title='bbox 750 2961 849 3034; x_wconf 81' lang='lat' dir='ltr'>dotto</span> <span class='ocrx_word' id='word_1_161' title='bbox 880 2967 940 3032; x_wconf 78' lang='lat' dir='ltr'>bro</span> <span class='ocrx_word' id='word_1_162' title='bbox 968 2959 1119 3049; x_wconf 55' lang='lat' dir='ltr'>bonlido</span> <span class='ocrx_word' id='word_1_163' title='bbox 1144 2959 1230 3053; x_wconf 90' lang='lat' dir='ltr'>quia</span> <span class='ocrx_word' id='word_1_164' title='bbox 1262 2960 1341 3034; x_wconf 86' lang='lat' dir='ltr'>baec</span> <span class='ocrx_word' id='word_1_165' title='bbox 1373 2966 1427 3034; x_wconf 91' lang='lat' dir='ltr'>est</span> <span class='ocrx_word' id='word_1_166' title='bbox 1460 2958 1520 3035; x_wconf 95' lang='lat' dir='ltr'>illa</span> <span class='ocrx_word' id='word_1_167' title='bbox 1546 2959 1622 3034; x_wconf 91' lang='lat' dir='ltr'>sola</span> 
     </span>
     <span class='ocr_line' id='line_1_20' title="bbox 453 3077 1623 3177; baseline -0.004 -20"><span class='ocrx_word' id='word_1_168' title='bbox 453 3081 710 3177; x_wconf 79' lang='lat' dir='ltr'>scientiaque</span> <span class='ocrx_word' id='word_1_169' title='bbox 736 3081 843 3156; x_wconf 87' lang='lat' dir='ltr'>docet</span> <span class='ocrx_word' id='word_1_170' title='bbox 867 3101 1057 3156; x_wconf 90' lang='lat' dir='ltr'>summurn</span> <span class='ocrx_word' id='word_1_171' title='bbox 1083 3086 1120 3154; x_wconf 88' lang='lat' dir='ltr'>et</span> <span class='ocrx_word' id='word_1_172' title='bbox 1145 3077 1445 3156; x_wconf 86' lang='lat' dir='ltr'>incommutabile</span> <span class='ocrx_word' id='word_1_173' title='bbox 1471 3079 1623 3155; x_wconf 90' lang='lat' dir='ltr'>bonum.</span> 
     </span>
     <span class='ocr_line' id='line_1_21' title="bbox 452 3198 1621 3297; baseline -0.002 -20"><span class='ocrx_word' id='word_1_174' title='bbox 452 3204 497 3277; x_wconf 83' lang='lat' dir='ltr'>lit</span> <span class='ocrx_word' id='word_1_175' title='bbox 521 3202 643 3279; x_wconf 87' lang='lat' dir='ltr'>subdit</span> <span class='ocrx_word' id='word_1_176' title='bbox 669 3203 872 3278; x_wconf 81' lang='lat' dir='ltr'>marimum</span> <span class='ocrx_word' id='word_1_177' title='bbox 897 3201 1035 3276; x_wconf 89' lang='lat' dir='ltr'>bonum</span> <span class='ocrx_word' id='word_1_178' title='bbox 1061 3207 1099 3275; x_wconf 86' lang='lat' dir='ltr'>et</span> <span class='ocrx_word' id='word_1_179' title='bbox 1124 3199 1456 3297; x_wconf 86' lang='lat' dir='ltr'>singularissimum</span> <span class='ocrx_word' id='word_1_180' title='bbox 1482 3198 1621 3275; x_wconf 91' lang='lat' dir='ltr'>donum</span> 
     </span>
     <span class='ocr_line' id='line_1_22' title="bbox 451 3321 1622 3417; baseline -0.003 -19"><span class='ocrx_word' id='word_1_181' title='bbox 451 3323 624 3399; x_wconf 87' lang='lat' dir='ltr'>collatum</span> <span class='ocrx_word' id='word_1_182' title='bbox 650 3323 716 3397; x_wconf 90' lang='lat' dir='ltr'>sibi</span> <span class='ocrx_word' id='word_1_183' title='bbox 746 3322 795 3397; x_wconf 91' lang='lat' dir='ltr'>ab</span> <span class='ocrx_word' id='word_1_184' title='bbox 824 3341 881 3416; x_wconf 88' lang='lat' dir='ltr'>ea,</span> <span class='ocrx_word' id='word_1_185' title='bbox 906 3321 1050 3398; x_wconf 88' lang='lat' dir='ltr'>diceus:</span> <span class='ocrx_word' id='word_1_186' title='bbox 1081 3328 1118 3397; x_wconf 79' lang='lat' dir='ltr'>tn</span> <span class='ocrx_word' id='word_1_187' title='bbox 1147 3325 1265 3395; x_wconf 83' lang='lat' dir='ltr'>m&#39;ltoi</span> <span class='ocrx_word' id='word_1_188' title='bbox 1298 3329 1404 3397; x_wconf 83' lang='lat' dir='ltr'>tratto</span> <span class='ocrx_word' id='word_1_189' title='bbox 1433 3323 1471 3395; x_wconf 88' lang='lat' dir='ltr'>di</span> <span class='ocrx_word' id='word_1_190' title='bbox 1504 3343 1622 3417; x_wconf 83' lang='lat' dir='ltr'>seruo,</span> 
     </span>
     <span class='ocr_line' id='line_1_23' title="bbox 451 3435 1621 3539; baseline -0.002 -21"><span class='ocrx_word' id='word_1_191' title='bbox 451 3443 554 3539; x_wconf 83' lang='lat' dir='ltr'>idest,</span> <span class='ocrx_word' id='word_1_192' title='bbox 579 3444 626 3518; x_wconf 91' lang='lat' dir='ltr'>de</span> <span class='ocrx_word' id='word_1_193' title='bbox 650 3435 925 3533; x_wconf 80' lang='lat' dir='ltr'>servitudiuel¹)</span> <span class='ocrx_word' id='word_1_194' title='bbox 949 3442 1165 3539; x_wconf 79' lang='lat' dir='ltr'>ignorantie</span> <span class='ocrx_word' id='word_1_195' title='bbox 1191 3449 1229 3518; x_wconf 90' lang='lat' dir='ltr'>et</span> <span class='ocrx_word' id='word_1_196' title='bbox 1256 3441 1442 3536; x_wconf 89' lang='lat' dir='ltr'>vitiorum,</span> <span class='ocrx_word' id='word_1_197' title='bbox 1468 3463 1493 3516; x_wconf 91' lang='lat' dir='ltr'>o</span> <span class='ocrx_word' id='word_1_198' title='bbox 1517 3443 1621 3517; x_wconf 69' lang='lat' dir='ltr'>teber-</span> 
     </span>
     <span class='ocr_line' id='line_1_24' title="bbox 451 3560 1623 3658; baseline -0.003 -18"><span class='ocrx_word' id='word_1_199' title='bbox 451 3571 532 3656; x_wconf 84' lang='lat' dir='ltr'>tnle,</span> <span class='ocrx_word' id='word_1_200' title='bbox 557 3563 704 3657; x_wconf 89' lang='lat' dir='ltr'>scilicet,</span> <span class='ocrx_word' id='word_1_201' title='bbox 728 3562 889 3638; x_wconf 80' lang='lat' dir='ltr'>scientie</span> <span class='ocrx_word' id='word_1_202' title='bbox 918 3569 958 3638; x_wconf 87' lang='lat' dir='ltr'>et</span> <span class='ocrx_word' id='word_1_203' title='bbox 984 3561 1164 3637; x_wconf 90' lang='lat' dir='ltr'>virtutum</span> <span class='ocrx_word' id='word_1_204' title='bbox 1188 3563 1298 3658; x_wconf 84' lang='lat' dir='ltr'>juxta</span> <span class='ocrx_word' id='word_1_205' title='bbox 1331 3560 1439 3635; x_wconf 90' lang='lat' dir='ltr'>illud:</span> <span class='ocrx_word' id='word_1_206' title='bbox 1467 3561 1623 3637; x_wconf 84' lang='lat' dir='ltr'>virtutes</span> 
     </span>
     <span class='ocr_line' id='line_1_25' title="bbox 451 3681 1623 3776; baseline -0.008 -15"><span class='ocrx_word' id='word_1_207' title='bbox 451 3692 490 3761; x_wconf 88' lang='lat' dir='ltr'>ct</span> <span class='ocrx_word' id='word_1_208' title='bbox 513 3684 671 3761; x_wconf 80' lang='lat' dir='ltr'>scientie</span> <span class='ocrx_word' id='word_1_209' title='bbox 696 3683 946 3758; x_wconf 87' lang='lat' dir='ltr'>liberaverunt</span> <span class='ocrx_word' id='word_1_210' title='bbox 973 3681 1135 3758; x_wconf 88' lang='lat' dir='ltr'>animam</span> <span class='ocrx_word' id='word_1_211' title='bbox 1165 3703 1188 3756; x_wconf 94' lang='lat' dir='ltr'>a</span> <span class='ocrx_word' id='word_1_212' title='bbox 1219 3681 1427 3776; x_wconf 85' lang='lat' dir='ltr'>captivitate</span> <span class='ocrx_word' id='word_1_213' title='bbox 1458 3686 1623 3756; x_wconf 82' lang='lat' dir='ltr'>naturae:</span> 
     </span>
     <span class='ocr_line' id='line_1_26' title="bbox 451 3801 1624 3898; baseline -0.005 -16"><span class='ocrx_word' id='word_1_214' title='bbox 451 3813 489 3882; x_wconf 88' lang='lat' dir='ltr'>et</span> <span class='ocrx_word' id='word_1_215' title='bbox 508 3805 612 3881; x_wconf 87' lang='lat' dir='ltr'>dicit:</span> <span class='ocrx_word' id='word_1_216' title='bbox 633 3825 702 3898; x_wconf 81' lang='lat' dir='ltr'>per</span> <span class='ocrx_word' id='word_1_217' title='bbox 719 3811 798 3878; x_wconf 77' lang='lat' dir='ltr'>totto</span> <span class='ocrx_word' id='word_1_218' title='bbox 814 3805 924 3896; x_wconf 74' lang='lat' dir='ltr'>pudic</span> <span class='ocrx_word' id='word_1_219' title='bbox 940 3807 1005 3894; x_wconf 81' lang='lat' dir='ltr'>oie,</span> <span class='ocrx_word' id='word_1_220' title='bbox 1021 3824 1089 3896; x_wconf 84' lang='lat' dir='ltr'>per</span> <span class='ocrx_word' id='word_1_221' title='bbox 1104 3805 1178 3877; x_wconf 67' lang='grc' dir='ltr'>Μ’</span> <span class='ocrx_word' id='word_1_222' title='bbox 1188 3807 1203 3875; x_wconf 84' lang='lat' dir='ltr'>t</span> <span class='ocrx_word' id='word_1_223' title='bbox 1223 3805 1330 3896; x_wconf 86' lang='lat' dir='ltr'>modi,</span> <span class='ocrx_word' id='word_1_224' title='bbox 1351 3801 1500 3896; x_wconf 87' lang='lat' dir='ltr'>scilicet,</span> <span class='ocrx_word' id='word_1_225' title='bbox 1522 3809 1624 3878; x_wconf 91' lang='lat' dir='ltr'>metu</span> 
     </span>
     <span class='ocr_line' id='line_1_27' title="bbox 452 3923 1626 4022; baseline -0.003 -22"><span class='ocrx_word' id='word_1_226' title='bbox 452 3945 649 4022; x_wconf 72' lang='lat' dir='ltr'>plenarum</span> <span class='ocrx_word' id='word_1_227' title='bbox 679 3931 718 3999; x_wconf 90' lang='lat' dir='ltr'>et</span> <span class='ocrx_word' id='word_1_228' title='bbox 746 3923 1002 3998; x_wconf 80' lang='lat' dir='ltr'>exhortatione</span> <span class='ocrx_word' id='word_1_229' title='bbox 1025 3923 1278 4017; x_wconf 80' lang='lat' dir='ltr'>praemiorum,</span> <span class='ocrx_word' id='word_1_230' title='bbox 1304 3925 1365 3996; x_wconf 83' lang='lat' dir='ltr'>cle</span> <span class='ocrx_word' id='word_1_231' title='bbox 1389 3942 1504 3997; x_wconf 81' lang='lat' dir='ltr'>aneon</span> <span class='ocrx_word' id='word_1_232' title='bbox 1526 3930 1626 4016; x_wconf 84' lang='lat' dir='ltr'>pote-</span> 
     </span>
    </p>
   </div>
   <div class='ocr_carea' id='block_1_3' title="bbox 445 4035 1702 4745">
    <p class='ocr_par' dir='ltr' id='par_1_3' title="bbox 445 4035 1702 4745">
     <span class='ocr_line' id='line_1_28' title="bbox 451 4035 1702 4140; baseline -0.004 -20"><span class='ocrx_word' id='word_1_233' title='bbox 451 4051 538 4120; x_wconf 78' lang='lat' dir='ltr'>atate</span> <span class='ocrx_word' id='word_1_234' title='bbox 561 4048 600 4120; x_wconf 88' lang='lat' dir='ltr'>di</span> <span class='ocrx_word' id='word_1_235' title='bbox 620 4047 685 4140; x_wconf 81' lang='lat' dir='ltr'>sor</span> <span class='ocrx_word' id='word_1_236' title='bbox 713 4035 781 4135; x_wconf 88' lang='lat' dir='ltr'>oid,</span> <span class='ocrx_word' id='word_1_237' title='bbox 810 4041 913 4136; x_wconf 89' lang='lat' dir='ltr'>idest,</span> <span class='ocrx_word' id='word_1_238' title='bbox 940 4063 1025 4138; x_wconf 79' lang='lat' dir='ltr'>que</span> <span class='ocrx_word' id='word_1_239' title='bbox 1054 4041 1124 4117; x_wconf 81' lang='lat' dir='ltr'>vioe</span> <span class='ocrx_word' id='word_1_240' title='bbox 1155 4050 1194 4118; x_wconf 90' lang='lat' dir='ltr'>et</span> <span class='ocrx_word' id='word_1_241' title='bbox 1229 4043 1292 4138; x_wconf 86' lang='lat' dir='ltr'>qui</span> <span class='ocrx_word' id='word_1_242' title='bbox 1326 4042 1423 4118; x_wconf 91' lang='lat' dir='ltr'>modi</span> <span class='ocrx_word' id='word_1_243' title='bbox 1456 4049 1625 4138; x_wconf 85' lang='lat' dir='ltr'>poterant</span> <span class='ocrx_word' id='word_1_244' title='bbox 1700 4063 1702 4068; x_wconf 91' lang='lat'>·</span> 
     </span>
     <span class='ocr_line' id='line_1_29' title="bbox 451 4163 1623 4243; baseline -0.003 -2"><span class='ocrx_word' id='word_1_245' title='bbox 451 4167 611 4243; x_wconf 91' lang='lat' dir='ltr'>liberare</span> <span class='ocrx_word' id='word_1_246' title='bbox 636 4186 698 4240; x_wconf 89' lang='lat' dir='ltr'>me</span> <span class='ocrx_word' id='word_1_247' title='bbox 720 4185 744 4240; x_wconf 94' lang='lat' dir='ltr'>a</span> <span class='ocrx_word' id='word_1_248' title='bbox 769 4163 957 4239; x_wconf 88' lang='lat' dir='ltr'>servitute.</span> <span class='ocrx_word' id='word_1_249' title='bbox 972 4167 1085 4236; x_wconf 84' lang='lat' dir='ltr'>-Lo</span> <span class='ocrx_word' id='word_1_250' title='bbox 1108 4169 1179 4238; x_wconf 78' lang='lat' dir='ltr'>bro.</span> <span class='ocrx_word' id='word_1_251' title='bbox 1198 4164 1262 4240; x_wconf 86' lang='lat' dir='ltr'>llic</span> <span class='ocrx_word' id='word_1_252' title='bbox 1280 4172 1391 4239; x_wconf 91' lang='lat' dir='ltr'>autor</span> <span class='ocrx_word' id='word_1_253' title='bbox 1411 4163 1495 4239; x_wconf 86' lang='lat' dir='ltr'>iacit</span> <span class='ocrx_word' id='word_1_254' title='bbox 1517 4183 1623 4238; x_wconf 91' lang='lat' dir='ltr'>suam</span> 
     </span>
     <span class='ocr_line' id='line_1_30' title="bbox 451 4284 1624 4384; baseline -0.001 -24"><span class='ocrx_word' id='word_1_255' title='bbox 451 4287 660 4384; x_wconf 89' lang='lat' dir='ltr'>petitionem</span> <span class='ocrx_word' id='word_1_256' title='bbox 685 4285 854 4380; x_wconf 82' lang='lat' dir='ltr'>beatrici,</span> <span class='ocrx_word' id='word_1_257' title='bbox 875 4291 913 4360; x_wconf 93' lang='lat' dir='ltr'>et</span> <span class='ocrx_word' id='word_1_258' title='bbox 929 4284 1019 4380; x_wconf 87' lang='lat' dir='ltr'>petit</span> <span class='ocrx_word' id='word_1_259' title='bbox 1044 4290 1085 4360; x_wconf 90' lang='lat' dir='ltr'>ut</span> <span class='ocrx_word' id='word_1_260' title='bbox 1108 4293 1303 4361; x_wconf 85' lang='lat' dir='ltr'>conservet</span> <span class='ocrx_word' id='word_1_261' title='bbox 1322 4285 1390 4360; x_wconf 87' lang='lat' dir='ltr'>sibi</span> <span class='ocrx_word' id='word_1_262' title='bbox 1410 4284 1497 4360; x_wconf 95' lang='lat' dir='ltr'>illud</span> <span class='ocrx_word' id='word_1_263' title='bbox 1526 4285 1624 4381; x_wconf 87' lang='lat' dir='ltr'>quod</span> 
     </span>
     <span class='ocr_line' id='line_1_31' title="bbox 445 4403 1624 4504; baseline -0.005 -20"><span class='ocrx_word' id='word_1_264' title='bbox 445 4410 524 4504; x_wconf 90' lang='lat' dir='ltr'>jam</span> <span class='ocrx_word' id='word_1_265' title='bbox 550 4406 617 4482; x_wconf 93' lang='lat' dir='ltr'>sibi</span> <span class='ocrx_word' id='word_1_266' title='bbox 644 4405 837 4504; x_wconf 82' lang='lat' dir='ltr'>magnilica</span> <span class='ocrx_word' id='word_1_267' title='bbox 862 4403 1091 4501; x_wconf 88' lang='lat' dir='ltr'>condonavit,</span> <span class='ocrx_word' id='word_1_268' title='bbox 1118 4405 1254 4482; x_wconf 88' lang='lat' dir='ltr'>scilicet</span> <span class='ocrx_word' id='word_1_269' title='bbox 1284 4407 1385 4482; x_wconf 91' lang='lat' dir='ltr'>illam</span> <span class='ocrx_word' id='word_1_270' title='bbox 1415 4405 1624 4482; x_wconf 87' lang='lat' dir='ltr'>libertatem</span> 
     </span>
     <span class='ocr_line' id='line_1_32' title="bbox 452 4510 1627 4621; baseline -0.002 -19"><span class='ocrx_word' id='word_1_271' title='bbox 452 4510 598 4602; x_wconf 77' lang='lat' dir='ltr'>animae.</span> <span class='ocrx_word' id='word_1_272' title='bbox 613 4527 717 4603; x_wconf 88' lang='lat' dir='ltr'>Unde</span> <span class='ocrx_word' id='word_1_273' title='bbox 728 4525 835 4601; x_wconf 90' lang='lat' dir='ltr'>dicit:</span> <span class='ocrx_word' id='word_1_274' title='bbox 859 4531 909 4600; x_wconf 82' lang='lat' dir='ltr'>lb</span> <span class='ocrx_word' id='word_1_275' title='bbox 924 4528 1070 4619; x_wconf 80' lang='lat' dir='ltr'>custodi,</span> <span class='ocrx_word' id='word_1_276' title='bbox 1090 4525 1193 4621; x_wconf 83' lang='lat' dir='ltr'>idest,</span> <span class='ocrx_word' id='word_1_277' title='bbox 1211 4545 1400 4621; x_wconf 89' lang='lat' dir='ltr'>conserva,</span> <span class='ocrx_word' id='word_1_278' title='bbox 1418 4530 1454 4602; x_wconf 87' lang='lat' dir='ltr'>lu</span> <span class='ocrx_word' id='word_1_279' title='bbox 1473 4534 1533 4601; x_wconf 85' lang='lat' dir='ltr'>tuo</span> <span class='ocrx_word' id='word_1_280' title='bbox 1550 4547 1627 4600; x_wconf 82' lang='lat' dir='ltr'>nvo·</span> 
     </span>
     <span class='ocr_line' id='line_1_33' title="bbox 449 4646 1625 4745; baseline 0 -25"><span class='ocrx_word' id='word_1_281' title='bbox 449 4651 644 4742; x_wconf 72' lang='lat' dir='ltr'>pnificenzo</span> <span class='ocrx_word' id='word_1_282' title='bbox 668 4651 706 4720; x_wconf 84' lang='lat' dir='ltr'>in</span> <span class='ocrx_word' id='word_1_283' title='bbox 730 4668 797 4740; x_wconf 85' lang='lat' dir='ltr'>me,</span> <span class='ocrx_word' id='word_1_284' title='bbox 826 4652 863 4721; x_wconf 89' lang='lat' dir='ltr'>et</span> <span class='ocrx_word' id='word_1_285' title='bbox 889 4646 1053 4740; x_wconf 83' lang='lat' dir='ltr'>loquitur</span> <span class='ocrx_word' id='word_1_286' title='bbox 1077 4647 1224 4743; x_wconf 90' lang='lat' dir='ltr'>proprie</span> <span class='ocrx_word' id='word_1_287' title='bbox 1253 4647 1428 4742; x_wconf 86' lang='lat' dir='ltr'>quoniam</span> <span class='ocrx_word' id='word_1_288' title='bbox 1457 4647 1625 4745; x_wconf 89' lang='lat' dir='ltr'>magnili-</span> 
     </span>
    </p>
   </div>
   <div class='ocr_carea' id='block_1_4' title="bbox 514 4911 738 4974">
    <p class='ocr_par' dir='ltr' id='par_1_4' title="bbox 514 4911 738 4974">
     <span class='ocr_line' id='line_1_34' title="bbox 514 4911 738 4974; baseline -0.004 -11"><span class='ocrx_word' id='word_1_289' title='bbox 514 4913 542 4974; x_wconf 85' lang='lat'>(¹)</span> <span class='ocrx_word' id='word_1_290' title='bbox 557 4911 588 4962; x_wconf 82' lang='lat' dir='ltr'>B.</span> <span class='ocrx_word' id='word_1_291' title='bbox 604 4911 738 4963; x_wconf 77' lang='lat' dir='ltr'>servitute.</span> 
     </span>
    </p>
   </div>
   <div class='ocr_carea' id='block_1_5' title="bbox 0 0 2428 6642">
    <p class='ocr_par' dir='ltr' id='par_1_5' title="bbox 0 0 2428 6642">
     <span class='ocr_line' id='line_1_35' title="bbox 0 0 2428 6642; baseline 0 0"><span class='ocrx_word' id='word_1_292' title='bbox 0 0 2428 6642; x_wconf 95' lang='lat' dir='ltr'> </span> 
     </span>
    </p>
   </div>
  </div>
 </body>
</html>
