4842 6642
812 849 883 916 296
1201 859 1405 916 conanruu
1432 861 1597 916 rnnuntsr

811 1027 852 1081 se
877 1007 1031 1082 invicem
1059 1007 1304 1080 informabant
1329 1013 1365 1082 et
1397 1005 1624 1081 edificabant
1655 1007 1758 1080 bunis
1790 1005 1978 1100 exeruplis,

812 1127 946 1201 sanctis
969 1126 1142 1223 operibus
1159 1132 1196 1200 et
1212 1127 1308 1200 sanis
1325 1126 1493 1220 consiliis,
1511 1125 1604 1200 sicut
1624 1131 1723 1220 patet
1739 1126 1776 1200 in
1793 1125 1875 1200 vitis
1892 1145 1978 1198 san-

810 1253 958 1321 ctorum
983 1251 1258 1342 patrum-lo
1286 1255 1397 1321 staua.
1433 1247 1497 1321 llic
1529 1253 1639 1322 autor
1671 1245 1840 1322 describit
1873 1265 1979 1320 suam

809 1367 1078 1463 dispositionem
1104 1374 1141 1442 et
1166 1367 1425 1444 exaltationem
1453 1367 1562 1441 unius
1587 1367 1721 1442 aniruae
1743 1368 1898 1442 excelse
1915 1386 1980 1462 pa·

811 1490 923 1563 rantis
947 1508 988 1562 se
1012 1487 1058 1562 ad
1084 1487 1321 1582 loquendum.
1349 1487 1473 1562 Primo
1498 1506 1588 1584 ergo
1615 1489 1730 1584 tangil
1754 1509 1860 1563 suam
1883 1487 1980 1561 timi-

810 1609 959 1716 ditatem
974 1629 1039 1705 per
1051 1609 1364 1704 comparationem
1383 1627 1620 1684 communem
1640 1613 1678 1682 el
1693 1609 1844 1702 claram,
1864 1629 1975 1704 quam

811 1729 1063 1823 unusquisque
1088 1747 1185 1824 sepe
1209 1728 1398 1823 experitur
1416 1727 1452 1802 iu
1470 1747 1510 1802 se
1536 1726 1626 1822 ipso,
1642 1728 1784 1804 dicens:
1813 1733 1852 1802 lo
1876 1735 1979 1801 sturm

809 1871 906 1922 come
929 1852 1008 1940 quei
1030 1851 1090 1922 clle
1105 1851 1141 1920 'n
1164 1845 1204 1922 se*
1226 1869 1384 1942 reprcme
1409 1851 1445 1921 la
1465 1855 1578 1940 punto
1595 1851 1652 1922 del
1671 1850 1773 1940 disto,
1795 1847 1896 1940 idest,
1916 1847 1978 1942 qui

812 1970 965 2046 retrahit
982 1975 1019 2044 et
1036 1969 1221 2064 restringit
1241 1989 1400 2044 acumen
1417 1967 1584 2044 desiderii
1610 1968 1667 2042 sui
1693 1989 1818 2044 coram
1847 1967 1977 2043 maiori

809 2098 847 2165 el
871 2089 1091 2186 sapientiori,
1116 2090 1203 2183 quia
1223 2091 1326 2163 timet
1347 2089 1502 2164 reddere
1519 2109 1559 2164 se
1577 2089 1773 2165 molestum
1792 2090 1836 2164 ei.
1859 2091 1902 2164 Et
1922 2089 1979 2164 hic
2110 2187 2114 2198 .

811 2218 896 2284 nota
922 2209 1020 2304 quod
1046 2230 1113 2304 per
1138 2211 1208 2284 lroc
1233 2217 1343 2284 autur
1375 2209 1438 2284 dat
1470 2208 1631 2306 intelligi,
1657 2209 1756 2304 quod
1780 2209 1899 2285 omnis
1925 2209 1979 2284 di·

810 2335 951 2404 scretus
977 2329 1080 2403 timet
1094 2322 1132 2420 (¹)
1149 2329 1421 2425 interrumpere
1440 2329 1669 2426 negotiosum
1688 2329 1805 2404 otium
1823 2330 1977 2404 istorum

809 2449 1189 2544 contemplativorum,
1223 2449 1286 2543 qul
1326 2450 1484 2524 multum
1518 2457 1666 2524 servant
1700 2449 1908 2544 silentium3
1942 2453 1979 2524 et

813 2577 937 2645 tamen
967 2570 1033 2666 ipsi
1067 2570 1225 2644 humiles
1256 2569 1417 2645 offerunt
1446 2589 1486 2644 se
1515 2574 1643 2665 sponte
1678 2568 1823 2663 quaudo
1856 2567 1976 2643 vident

807 2689 1029 2764 desiderium
1056 2689 1222 2784 petentis,
1247 2689 1341 2764 sicut
1371 2689 1491 2764 statim
1510 2689 1661 2784 patene
1685 2688 1731 2764 de
1762 2687 1977 2764 Benedicto:

810 2809 909 2885 unde
931 2810 1033 2884 dicit:
1059 2831 1080 2882 c
1103 2830 1174 2884 non
1199 2813 1365 2884 sottcntu
1382 2811 1440 2884 del
1455 2811 1646 2882 dimundur
1669 2802 1700 2882 si
1724 2812 1782 2884 del
1799 2817 1925 2902 troppo
1945 2812 1976 2882 si

809 2937 918 3024 teme5
943 2931 1048 3006 limet
1072 2931 1169 3004 enim
1196 2930 1283 3024 quia
1309 2930 1375 3006 scit
1396 2931 1494 3024 quod
1511 2950 1623 3004 omne
1641 2930 1794 3004 nimium
1822 2930 1979 3004 vertitur

808 3050 846 3123 in
864 3049 1056 3124 fastidium.
1072 3051 1114 3122 ut
1127 3049 1250 3124 subdit
1261 3050 1507 3124 accessionem
1522 3057 1560 3124 el
1573 3049 1831 3124 exaltationem
1846 3049 1979 3123 animm

809 3169 1001 3266 praediclae,
1018 3171 1158 3244 dicens:
1176 3192 1195 3242 e
1213 3173 1248 3242 lo
1266 3173 1449 3260 mopplorc
1466 3192 1484 3242 e
1500 3173 1537 3242 lo
1549 3166 1612 3262 piri
1632 3173 1801 3244 luculento
1818 3172 1856 3244 di
1872 3171 1980 3262 puelle

808 3295 1015 3383 murporite,
1037 3291 1139 3384 idest,
1159 3291 1282 3365 animu
1309 3291 1427 3366 maior
1453 3291 1489 3366 iu
1516 3292 1705 3366 sanctitate
1730 3299 1768 3365 et
1792 3289 1925 3366 clarior
1943 3288 1979 3362 in

810 3411 994 3486 luciditate
1019 3410 1098 3484 aliis
1122 3409 1327 3504 animabus,
1360 3431 1454 3504 quas
1479 3417 1588 3485 autor
1615 3418 1721 3485 vocat
1747 3409 1979 3506 margaritas‘

809 3533 912 3625 idest,
937 3530 1114 3627 pretiosas
1133 3537 1307 3605 ornantes
1326 3530 1509 3626 planetam
1534 3530 1692 3605 Saturni.
1710 3530 1772 3606 lati
1793 3529 1891 3606 enim
1910 3528 1978 3602 viri

809 3650 1081 3746 contemplativi
1119 3671 1249 3725 omnes
1283 3649 1434 3724 luerunt
1470 3649 1627 3725 inclinati
1666 3651 1711 3724 ad
1747 3648 1977 3725 solitudinem

809 3791 875 3868 per
898 3769 1124 3845 influentiam
1150 3769 1309 3844 Saturni.
1337 3771 1407 3844 lste
1432 3775 1557 3844 autem
1590 3771 1657 3844 luit
1689 3769 1836 3865 spiritus
1861 3769 1980 3842 Bene-

806 3890 903 3984 dicti,
920 3889 967 3964 de
983 3909 1058 3983 quo
1074 3889 1219 3964 dicetur
1236 3890 1342 3984 plene
1359 3891 1482 3985 paullo
1500 3890 1604 3984 inlra,
1623 3893 1709 3984 sessi
1730 3891 1890 3978 innanzi,
1908 3887 1978 3962 sci-

808 4012 902 4105 licet,
928 4031 1058 4086 versus
1085 4031 1156 4103 me,
1178 4032 1246 4104 per
1277 4013 1341 4104 sor
1373 4013 1409 4084 ln
1439 4013 1511 4084 mio
1542 4013 1660 4102 nuptio
1684 4015 1842 4102 contentu
1867 4010 1905 4082 di
1929 4004 1978 4098 se‘,

809 4139 850 4206 ut
875 4133 1021 4224 seilicet,
1047 4131 1264 4206 certioraret
1287 4151 1346 4206 me
1364 4130 1516 4205 dubium
1543 4130 1589 4205 de
1615 4151 1667 4223 se,
1693 4127 1915 4226 propalando
1939 4149 1978 4201 su

810 4253 906 4326 milri.
920 4291 970 4306 -
983 4255 1050 4325 Poi
1073 4254 1208 4326 doure.
1237 4251 1300 4325 llic
1325 4258 1436 4326 autor
1453 4251 1552 4347 ponit
1570 4251 1775 4326 orationem
1794 4247 1976 4328 Benedicti

807 4374 853 4448 ad
879 4394 930 4466 se,
955 4374 991 4446 in
1018 4393 1090 4466 qua
1119 4372 1237 4467 primo
1270 4372 1353 4446 lacit
1379 4371 1572 4448 exordium
1600 4370 1823 4467 persuadens
1856 4368 1977 4444 autori

808 4492 905 4587 quod
932 4513 1006 4566 non
1042 4491 1188 4567 timeret
1221 4498 1349 4587 petere
1382 4492 1412 4567 si
1446 4500 1684 4588 cognosceret
1718 4491 1890 4567 ardorem
1915 4509 1978 4563 ca·

809 4612 922 4687 ritalis
948 4613 983 4685 in
1014 4611 1082 4685 illis
1120 4611 1245 4686 beatis.
1272 4611 1364 4685 Dicit
1396 4631 1487 4708 ergo
1517 4617 1645 4686 autor:
1674 4614 1741 4684 Pol
1772 4611 1979 4684 udi'dentro

805 4753 832 4805 o
862 4735 919 4823 lei,
951 4733 1054 4826 idest,
1089 4733 1183 4806 intra
1210 4733 1315 4808 illam
1351 4732 1591 4828 margaritam
1626 4731 1849 4807 luculentam
1884 4729 1978 4802 hanc

870 4993 898 5057 (¹)
914 4993 944 5045 li.
962 4995 1036 5045 limet
1051 5011 1078 5046 se
1095 4997 1286 5060 interrumpere
1302 4997 1394 5047 otium.
