4842 6642
794 849 933 905 caurus
957 851 1114 905 uncinus
1139 850 1269 905 nonus.
1547 834 1619 905 233

447 1002 623 1091 parantur
649 995 803 1089 rubinis3
825 1005 862 1071 et
886 997 979 1071 sicut
998 996 1122 1070 radius
1142 996 1228 1070 solis
1246 995 1412 1071 accendit
1432 994 1619 1089 rubinum‚

446 1120 493 1193 ita
520 1117 644 1191 radius
668 1116 795 1215 glorie
825 1116 909 1191 solis
935 1117 1085 1212 justitiae
1116 1117 1321 1191 inllammat
1351 1117 1438 1191 istos
1473 1116 1621 1211 spiritus

441 1241 559 1334 justos
583 1239 620 1311 in
647 1240 790 1334 planeta
817 1237 915 1313 lovis
945 1246 1077 1313 autore
1094 1231 1131 1331 (¹)
1153 1238 1317 1333 justitiae.
1332 1244 1427 1311 -Ε
1448 1241 1535 1331 quei.
1556 1235 1620 1310 llic

446 1366 554 1435 antor
591 1360 841 1455 descripturus
879 1358 1083 1434 inauditum
1124 1359 1276 1433 modum
1316 1358 1488 1455 loquendi
1525 1357 1620 1431 illius

446 1480 588 1575 aquilae,
615 1481 753 1556 extollit
778 1480 1012 1554 subtilitatem
1040 1500 1117 1553 suae
1133 1472 1169 1572 (²)
1193 1480 1403 1575 pbantasiae‚
1428 1498 1621 1554 commen·

446 1600 534 1675 dans
551 1621 658 1675 suam
676 1599 900 1675 artificialem
920 1599 1102 1674 fictionem
1113 1623 1123 1694 ;
1142 1606 1180 1675 et
1195 1598 1281 1673 dicit
1302 1600 1400 1695 quod
1427 1619 1618 1693 nunquam

447 1720 514 1795 luit
538 1720 675 1795 dictum
701 1721 760 1794 vel
786 1720 1032 1816 excogitatum
1060 1720 1148 1794 illud
1174 1719 1273 1814 quod
1297 1739 1394 1793 nunc
1417 1719 1528 1794 babet
1552 1718 1619 1793 de·

447 1841 618 1934 scribere,
651 1840 748 1934 quod
765 1831 802 1933 (³)
837 1841 936 1915 mille
961 1841 1095 1937 linguae
1127 1842 1368 1935 loquerentur
1393 1860 1459 1935 per
1492 1860 1618 1913 unam.

339 1962 341 1965 ’
446 1962 548 2037 Unde
572 1962 676 2037 dicit:
703 1967 736 2034 Ε
758 1982 841 2036 uoce
871 1982 944 2035 non
964 1954 1070 2054 porto
1102 1965 1187 2053 mai,
1214 1960 1316 2055 idest,
1339 1982 1529 2057 nunquam
1552 1960 1620 2035 luit

447 2103 618 2158 sermone
635 2082 869 2177 explicatum,
886 2080 933 2157 nri
946 2085 1134 2156 inclitostro
1150 2085 1290 2173 rotasse,
1307 2081 1410 2175 idest,
1429 2102 1619 2177 nunquam

447 2202 513 2277 luit
537 2222 602 2298 per
628 2201 772 2277 literam
799 2202 1034 2297 descriptum,
1060 2206 1139 2295 quel
1162 2205 1223 2275 cire
1247 2205 1296 2275 mi
1319 2204 1464 2275 conoien
1488 2205 1618 2295 nitran,

447 2322 536 2396 idest
570 2322 712 2417 poetice
745 2330 1010 2417 representare
1043 2329 1079 2396 et
1112 2322 1317 2418 propalare,
1351 2328 1484 2412 testeso,
1517 2322 1620 2415 tuest

447 2464 543 2517 nunc
568 2443 614 2517 de
641 2443 822 2537 praesenti.
857 2443 902 2515 Et
932 2442 1071 2517 subdit:
1105 2439 1151 2517 na*
1170 2448 1211 2537 su
1239 2445 1411 2534 qiummui
1439 2461 1620 2535 compreso

442 2584 509 2656 per
536 2566 708 2657 fontano,
736 2563 839 2658 quasi
872 2564 986 2637 dicat:
1019 2563 1144 2637 similis
1174 2562 1271 2639 fictio
1302 2585 1492 2658 nunquam
1524 2564 1618 2638 lacta

448 2684 514 2757 luit
538 2703 604 2779 per
629 2684 788 2778 aliquem
818 2690 974 2777 poetam.
1002 2684 1044 2755 Et
1070 2690 1170 2757 certe
1190 2682 1285 2756 istud
1306 2680 1424 2777 po‘test
1443 2682 1511 2757 dici
1530 2702 1619 2757 vere

447 2803 493 2878 de
512 2804 675 2900 generali
694 2804 838 2881 fictione
856 2805 965 2878 totins
983 2804 1084 2878 istius
1101 2804 1353 2899 operis—tlt
1365 2808 1401 2877 io
1418 2807 1500 2892 olli,
1519 2825 1618 2880 nunc

447 2932 556 2999 autor
590 2924 762 3020 exprimit
796 2925 909 3019 ipsam
946 2924 1146 3017 fictionem,
1180 2924 1320 3019 licens,
1348 2928 1453 2999 Gt’io
1488 2928 1560 2999 uidi
1589 2933 1621 2998 et

447 3066 536 3119 anco
561 3048 631 3119 udi'
643 3048 775 3138 purior
801 3048 835 3117 to
860 3051 992 3138 rostro,
1016 3044 1162 3137 scillcet,
1179 3066 1222 3119 os
1247 3045 1342 3119 illius
1358 3044 1504 3138 aquilae,
1521 3067 1541 3118 e
1560 3066 1620 3119 so·

446 3186 517 3239 nor
541 3169 633 3240 nella
659 3187 741 3238 noce
765 3170 806 3238 10
831 3187 850 3238 e
875 3168 961 3255 Min,
979 3165 1081 3257 idest,
1100 3164 1199 3259 loqui
1218 3164 1255 3237 in
1271 3164 1459 3261 singulari,
1478 3168 1620 3257 quondo

448 3288 516 3359 Not
539 3308 559 3360 e
584 3290 726 3380 Nostro,
756 3286 902 3378 scilicet,
929 3285 1075 3379 loquela
1101 3285 1349 3379 pluraltqera
1373 3288 1619 3377 recrearem,

446 3405 591 3499 scilicet,
618 3406 654 3478 in
680 3406 918 3501 conceptione
943 3404 1091 3479 mentali
1118 3404 1303 3479 interiore.
1321 3405 1366 3477 Et
1385 3426 1453 3500 per
1476 3407 1546 3479 boe
1562 3405 1619 3479 in-

446 3526 526 3598 nuit
550 3531 659 3599 autor
685 3525 783 3619 quod
812 3546 927 3598 unum
955 3532 1046 3618 erat,
1073 3524 1136 3599 sed
1162 3525 1384 3619 loquebatur
1406 3526 1442 3597 in
1462 3546 1617 3619 persona

445 3646 611 3719 omnium
637 3646 859 3740 animarum,
886 3666 969 3742 quae
996 3652 1102 3719 erant
1127 3645 1163 3719 in
1195 3646 1256 3719 illo
1284 3646 1387 3741 signo
1412 3647 1618 3741 aquilae.-

447 3772 479 3839 E
500 3758 677 3839 nominoio
706 3767 770 3840 llic
794 3772 903 3841 autor
928 3765 1098 3840 describit
1124 3765 1237 3861 ipsam
1266 3766 1449 3860 loquelam
1471 3767 1617 3862 aquile,
1664 3820 1672 3830 „
1771 3856 1775 3865 Ι

447 3904 530 3981 quae
550 3885 671 3980 primo
688 3886 848 3982 assignat
864 3907 1014 3960 causum
1033 3907 1110 3959 suce
1127 3884 1402 3961 beatificationis
1418 3875 1454 3979 (⁴)
1473 3887 1616 3961 dicens:

447 4012 484 4079 et
508 4005 596 4080 illud
618 4013 791 4101 rostrum,
809 3997 989 4097 romilleio,
1005 4006 1133 4100 supple
1149 4006 1290 4080 dicere:
1310 4009 1346 4078 io
1362 4028 1428 4079 son
1444 4010 1503 4099 qui
1524 4011 1616 4081 esul-

447 4132 518 4199 toto
549 4146 573 4197 α
605 4128 719 4217 quello
751 4129 882 4220 plurib,
916 4126 952 4200 in
984 4127 1068 4200 aula
1097 4125 1288 4221 justissimi
1319 4125 1551 4221 imperatoris
1579 4136 1618 4202 et

449 4246 543 4343 regis
568 4247 717 4341 aeterni3
743 4255 780 4322 et
805 4246 909 4321 dicit:
935 4249 994 4318 elie
1018 4267 1090 4319 non
1113 4250 1146 4319 si
1170 4249 1437 4320 inconcinnam
1461 4268 1485 4319 o
1509 4250 1612 4343 msto,

446 4366 547 4459 idest,
574 4388 659 4462 quae
684 4375 740 4442 est
765 4366 883 4441 maior
899 4386 1014 4460 quam
1031 4365 1230 4441 desiderari
1247 4366 1369 4461 possit,
1387 4366 1473 4460 quia
1495 4368 1617 4441 nullus

444 4494 564 4579 posset
590 4507 755 4581 unquam
786 4485 996 4561 desiderare
1027 4485 1203 4560 maiorem
1235 4486 1391 4583 gloriam
1419 4486 1499 4561 illa:
1525 4507 1617 4584 ergo

443 4604 538 4681 bene
563 4606 674 4681 vincit
699 4626 810 4681 omne
834 4606 1055 4681 desiderium
1082 4606 1301 4701 humanum,
1320 4614 1396 4682 eta
1418 4608 1519 4682 nullo
1536 4607 1617 4681 vin·

444 4726 550 4800 citur.
576 4728 622 4801 Et
645 4727 805 4823 assignat
826 4747 979 4807 ,causam
1005 4726 1147 4800 dicens:
1169 4748 1240 4819 per
1263 4748 1357 4801 esser
1380 4730 1494 4818 piusto
1509 4750 1529 4801 e
1540 4732 1616 4821 pio,

507 4912 536 4973 ζ’)
551 4914 583 4964 Ε.
598 4916 706 4965 autoris.
1048 4910 1077 4975 (¹)
1097 4912 1123 4963 S.
1140 4912 1210 4964 illins
1226 4914 1375 4977 pbanlasio.

508 4988 536 5049 (Ἴ
552 4990 583 5040 ll.
600 4990 671 5055 qnod
686 4990 786 5043 seilloet
801 4991 882 5043 mille.
911 5016 915 5023 ·
1050 4989 1078 5051 ι’)
1094 4989 1125 5039 Ε.
1142 4990 1314 5041 beatitudinis.
