4842 6642
793 859 932 916 murus
957 861 1150 917 vlumus
1172 861 1336 916 ffll'lUS.
1576 851 1647 920 m

479 1025 597 1098 mum,
615 1004 682 1100 qui
705 1003 755 1080 (le
781 1007 853 1080 lroc
880 1005 965 1080 latuit
992 1005 1195 1080 marimum
1227 1005 1435 1080 viridittaru.
1465 1008 1510 1080 ut
1539 1006 1648 1084 dieit:

477 1128 632 1219 undele
662 1115 778 1216 pusi
805 1127 916 1229 turpe
945 1128 1123 1216 fidenae,
1147 1125 1251 1221 illest,
1281 1147 1393 1220 quam
1420 1127 1646 1222 apertionem

477 1251 676 1320 stratarum
694 1245 996 1321 desideravemat
1012 1247 1098 1320 olim
1113 1247 1227 1321 saneti
1245 1254 1366 1342 putres
1382 1267 1449 1342 per
1466 1253 1520 1322 tet
1537 1247 1647 1324 millia

475 1385 673 1458 auronum,
698 1367 793 1441 sicut
818 1373 918 1462 patet
943 1387 1009 1462 per
1034 1367 1163 1442 isaiam
1187 1373 1228 1443 et
1253 1367 1366 1442 David
1384 1369 1446 1463 qui
1470 1370 1648 1445 recubant

480 1486 599 1582 ipsun
617 1493 863 1583 expectatum.
877 1527 927 1542 -·
941 1491 1055 1561 come.
1074 1488 1139 1562 llic
1156 1493 1267 1562 auter
1284 1487 1454 1573 deerrarit
1474 1467 1645 1568 effectum

479 1606 575 1681 illiue
600 1607 758 1702 visionis,
785 1613 823 1682 et
845 1607 943 1702 ditat,
968 1608 1068 1702 quud
1094 1629 1199 1684 meas
1224 1629 1291 1682 suu
1316 1609 1551 1706 grandificata
1581 1618 1647 1704 est,

481 1727 560 1803 sire
583 1728 755 1824 ampliata
775 1749 887 1824 euper
908 1736 1092 1824 naturam,
1110 1730 1204 1805 adeo
1222 1731 1321 1824 queri
1337 1730 1452 1805 exirit
1470 1731 1647 1806 terminos

481 1869 582 1943 euos,
605 1869 674 1944 per
698 1850 1010 1944 comparutionem
1035 1848 1129 1946 ignis
1153 1850 1330 1945 fulminei,
1348 1851 1410 1946 qui
1428 1857 1556 1926 contra
1581 1871 1646 1926 na·

485 1977 607 2046 turam
633 1991 752 2063 mum,
778 1991 863 2064 quoe
889 1978 945 2045 est
968 1977 1052 2066 apta
1083 1969 1138 2045 ire
1171 1990 1334 2064 sursum,
1360 1969 1544 2046 descendit
1568 1971 1647 2046 viu·

484 2089 601 2164 tenter
624 2089 811 2165 deorsum.
837 2091 942 2165 Nuuc
966 2091 1013 2165 ad
1035 2089 1181 2166 literam
1205 2089 1293 2165 dicit
1316 2097 1442 2166 auter:
1470 2096 1522 2164 Le
1539 2099 1649 2165 mente

479 2213 553 2284 mla
574 2213 667 2304 satta
687 2205 750 2304 piri
773 2213 925 2302 mande,
947 2210 1096 2305 edicet,
1122 2210 1240 2302 solito,
1265 2203 1360 2284 urcio
1386 2214 1426 2286 at
1454 2208 1492 2286 re*
1523 2221 1645 2305 stura,

481 2331 586 2424 quasi
610 2329 726 2406 dieat:
745 2351 851 2406 versa
877 2315 933 2404 e'st
954 2330 994 2404 in
1017 2330 1173 2405 alteram
1191 2330 1417 2425 qualitatem,
1436 2332 1486 2406 ita
1504 2339 1545 2406 ut
1563 2353 1648 2427 poe·

480 2456 537 2524 eet
551 2444 588 2542 (¹)
606 2451 790 2526 sustinere
809 2450 846 2526 id
863 2451 962 2546 quod
992 2451 1095 2546 prius
1122 2451 1305 2526 sustinere
1335 2470 1407 2524 nen
1437 2457 1590 2548 peterat,
1609 2459 1650 2526 ut

482 2571 602 2645 statiua
638 2569 790 2646 dicetur.
818 2572 862 2646 ut
885 2572 995 2647 uiuite
1020 2593 1040 2645 e
1067 2573 1281 2646 rimemtrar
1310 2593 1380 2646 rrorr
1412 2593 1497 2665 rape
1527 2575 1588 2646 cie
1616 2577 1649 2648 rt

477 2695 580 2786 seara,
592 2691 697 2785 idest,
710 2698 749 2767 et
763 2692 973 2767 meminisse
988 2711 1062 2767 uon
1080 2699 1209 2787 petest,
1227 2690 1315 2786 quid
1332 2691 1459 2767 ellectu
1475 2683 1511 2785 (²)
1525 2693 1646 2788 luerit,

478 2811 564 2905 quia
590 2831 663 2886 non
688 2819 770 2886 erat
785 2812 943 2906 amplius
960 2832 1067 2887 meas
1084 2813 1268 2907 humana3
1284 2819 1325 2887 et
1342 2811 1444 2887 uiuit:
1461 2821 1520 2886 tra
1539 2815 1647 2906 puelle

480 2935 585 3024 dape,
601 2931 704 3026 idest,
730 2931 827 3006 inter
851 2932 931 3007 illas
952 2931 1101 3008 delicias
1123 2953 1146 3006 a
1172 2932 1291 3025 simili,
1317 2925 1389 3006 ouri
1412 2953 1508 3006 eone
1528 2937 1647 3028 mooe,

478 3051 583 3145 idest,
594 3051 689 3148 ignis
700 3051 951 3128 circumdatus
967 3052 1077 3144 nube,
1091 3056 1124 3126 si
1138 3055 1297 3127 &eterra
1319 3056 1357 3127 dt
1372 3053 1461 3127 nube
1476 3075 1544 3146 per
1556 3055 1647 3127 cillu-

477 3175 567 3246 tarsi
582 3164 613 3245 ri
628 3175 689 3246 cle
708 3193 782 3246 non
800 3175 836 3246 et
855 3194 954 3267 cape,
969 3173 1056 3267 quia
1074 3173 1211 3249 scilicet
1229 3172 1346 3248 nubes
1365 3193 1439 3248 non
1455 3180 1513 3248 eat
1530 3193 1645 3269 capax

478 3294 570 3388 eine
582 3315 601 3366 e
612 3297 781 3368 {auena
793 3298 831 3369 in
842 3290 914 3388 pti,
925 3294 1223 3389 ideet,deseen‹lit
1240 3295 1286 3370 ad
1303 3301 1443 3369 terram
1456 3291 1645 3389 deorsum,

475 3420 562 3510 pror
585 3419 624 3490 di
645 3435 712 3489 rua
734 3423 881 3508 uma,
897 3415 985 3510 quia
1004 3436 1050 3491 ex
1077 3416 1135 3490 sui
1157 3422 1289 3491 natura
1308 3415 1399 3511 ignis
1417 3414 1506 3491 levis
1523 3420 1590 3508 est,
1607 3420 1646 3489 et

474 3536 626 3612 deberet
651 3537 802 3614 tendere
825 3557 987 3610 sursum.
1015 3535 1058 3609 Et
1082 3537 1141 3611 hic
1173 3543 1260 3610 neta
1294 3533 1393 3629 quod
1421 3534 1646 3630 comparatio

476 3677 636 3754 presens
661 3657 790 3754 pulcre
812 3663 853 3730 et
877 3657 1023 3752 proprie
1043 3655 1355 3752 explicat-aetum
1377 3654 1533 3749 autoris;
1553 3653 1646 3728 sieut

476 3778 574 3854 euim
599 3777 693 3876 ignis
717 3782 857 3851 tractus
875 3776 911 3849 in
927 3795 1060 3851 aerem
1075 3795 1119 3851 ex
1143 3792 1282 3870 vapore
1299 3772 1464 3849 terrestri
1481 3795 1504 3848 a
1522 3774 1645 3849 calore

476 3897 561 3974 solie
585 3897 747 3971 inclusus
765 3896 803 3970 in
824 3900 953 3972 ventre
969 3895 1077 3970 nubis
1095 3895 1272 3970 violenter
1289 3893 1451 3989 erumpit
1467 3900 1505 3969 et
1522 3894 1643 3990 splen·

476 4018 549 4113 det,
566 4025 602 4124 et
618 4023 745 4093 contra
770 4038 877 4092 suam
903 4024 1075 4092 naturam
1101 4014 1305 4109 deseendit,
1324 4014 1372 4088 itu
1391 4013 1524 4090 ardens
1543 4013 1645 4112 inge-

478 4139 579 4212 nium
604 4137 745 4214 autoris
769 4145 929 4213 tractum
955 4159 978 4212 a
1003 4143 1104 4212 terra
1129 4137 1175 4213 ad
1200 4136 1337 4211 eoelum
1364 4135 1536 4212 etaim
1560 4133 1645 4210 sotir

477 4257 615 4352 eterni,
640 4258 821 4334 sciliceta
847 4256 950 4332 radio
973 4257 1106 4334 uivinae
1129 4256 1260 4354 gratiae
1284 4261 1322 4331 el
1346 4255 1531 4330 inclusum
1549 4255 1643 4330 intra

476 4380 613 4455 mrtem
638 4379 770 4474 carnis,
795 4381 998 4455 exaltatum
1028 4385 1084 4454 est
1112 4398 1224 4474 supra
1260 4382 1430 4451 naturam
1463 4397 1583 4472 suam,
1609 4384 1646 4454 et

476 4500 651 4575 continuo
674 4499 802 4593 eluxit,
819 4501 1014 4575 ‹et-iactum
1041 4505 1097 4575 eat
1122 4504 1250 4594 potens
1268 4504 1305 4573 et
1321 4495 1506 4572 sufficiens
1525 4497 1573 4572 ad
1592 4497 1647 4572 ri·

475 4620 635 4697 dentium
662 4621 778 4695 risum
804 4620 989 4695 Beatricis.
1002 4661 1052 4676 -
1065 4622 1164 4714 Apri.
1183 4620 1248 4694 llic
1268 4617 1414 4694 Beatrix
1434 4617 1561 4693 invitat
1576 4638 1646 4693 au·

474 4749 594 4817 terem
612 4741 664 4816 sic
681 4741 888 4838 vigoratum
907 4741 953 4816 ad
972 4739 1239 4835 respiciendum
1260 4739 1374 4814 risum
1392 4737 1483 4832 eius,
1502 4737 1645 4812 dicem

539 5006 567 5067 i'l
582 5004 613 5056 E·
630 5009 716 5068 ponet
730 5019 800 5056 nune
815 5005 952 5056 sustinere.
1155 5003 1184 5066 (⁸)
1198 5005 1225 5056 S.
1243 5005 1310 5056 iactu
1326 5003 1415 5054 luerit.
