4842 6642
779 843 919 900 crurus
945 843 1102 899 orciuos
1125 841 1293 908 ournrus.
1551 828 1623 902 tau

446 992 618 1077 discurrit
634 998 876 1090 properanter
893 1011 959 1086 per
976 1010 1117 1083 acrem,
1130 989 1176 1066 de
1189 1008 1264 1082 quo
1277 988 1362 1068 dicit
1375 988 1508 1086 vulgus
1521 987 1623 1083 quon

447 1121 503 1190 est
526 1115 631 1191 stella
655 1113 799 1200 cadens
826 1112 933 1188 Nunc
959 1111 1041 1190 ride
1066 1109 1222 1202 literam,
1249 1115 1287 1184 et
1311 1109 1441 1188 ordina
1465 1109 1541 1189 sic:
1569 1115 1628 1188 dn

448 1241 561 1326 usne,
585 1235 690 1328 idest,
712 1254 786 1311 uua
812 1232 926 1326 stella,
944 1238 982 1308 et
998 1232 1077 1306 haec
1097 1235 1179 1306 erat
1202 1228 1329 1307 anima
1342 1229 1535 1309 cuiusdam
1554 1230 1624 1309 mi·

454 1354 535 1449 litis,
557 1354 617 1428 cul
640 1373 774 1433 nomeu
797 1359 877 1429 erat
898 1354 1143 1443 Oumicprrida,
1161 1349 1225 1444 qui
1251 1349 1319 1424 tuit
1334 1349 1509 1445 murum
1529 1370 1625 1446 prte÷

451 1475 622 1556 decessor
645 1473 798 1568 autoris,
825 1480 968 1553 steret
992 1473 1029 1547 in
1056 1471 1176 1548 torma
1208 1471 1321 1546 stelle
1350 1470 1399 1548 ibi
1432 1491 1520 1546 cum
1546 1471 1633 1558 eliis·

454 1594 700 1688 martialibus3
720 1593 818 1670 uude
835 1593 939 1670 dicit:
958 1594 1051 1671 delia
1066 1594 1290 1668 resultuzion
1312 1593 1373 1664 cte
1392 1583 1416 1664 tt
1437 1594 1627 1684 rirphrrdr,

453 1713 555 1810 idest,
581 1714 627 1792 de
652 1712 915 1811 aggregatione
933 1712 1078 1793 illarum
1097 1711 1409 1805 animarumque
1426 1712 1628 1795 coustitue-

455 1835 542 1915 tam
565 1833 614 1910 uu
639 1833 784 1932 signum
807 1832 938 1926 crucis,
957 1831 1052 1906 sicut
1073 1832 1199 1906 multae
1215 1831 1329 1910 stellae
1345 1838 1558 1929 aggregate
1579 1831 1637 1909 si-.

455 1953 531 2036 mul
566 1951 704 2028 iaciunt
739 1972 852 2028 unam
886 1951 1211 2044 constellationem,
1247 1961 1290 2027 ut
1320 1951 1458 2028 dictum
1493 1957 1550 2028 est
1581 1950 1636 2032 (b.

452 2073 606 2170 galassia
632 2073 791 2169 capitulo
817 2071 1048 2168 precedenti,
1064 2093 1164 2148 curse
1184 2075 1223 2146 cl
1233 2068 1294 2165 pte*
1315 2075 1354 2146 dt
1377 2075 1492 2166 puelia
1512 2093 1629 2163 mora,

455 2193 516 2270 uhi
542 2214 612 2291 ego
638 2213 754 2288 eram,
780 2195 844 2268 dut
866 2213 977 2268 cerco
1002 2195 1062 2266 cie
1085 2195 1123 2266 in
1148 2194 1267 2269 destro
1296 2196 1329 2267 ri
1359 2195 1492 2285 surm,
1526 2192 1631 2288 uest,

455 2335 477 2389 a
502 2314 656 2398 dextero
682 2315 797 2390 latere
822 2313 954 2406 crucis,
973 2316 1024 2386 tul
1039 2316 1124 2404 quat
1137 2313 1249 2388 raddo
1262 2316 1381 2406 suoru
1399 2313 1493 2390 idest
1517 2335 1632 2410 uapor

455 2434 590 2532 ignitus
615 2433 736 2508 subito
768 2439 901 2527 motus,
928 2436 1088 2508 dr'rcorrc
1112 2436 1162 2508 ud
1185 2453 1255 2508 ore
1287 2436 1338 2510 cd
1368 2455 1414 2510 or
1434 2455 1504 2528 per
1528 2438 1555 2510 c·
1577 2456 1632 2510 sr-

458 2557 536 2634 rcni
561 2557 742 2648 conquiri
765 2576 784 2628 c
804 2557 901 2648 puri,
924 2554 1028 2648 idest,
1045 2573 1111 2649 per
1135 2573 1263 2633 aerem
1289 2554 1438 2649 quuudo
1463 2563 1632 2650 tempore

458 2695 602 2772 magne
619 2675 824 2751 serenitatis
841 2675 878 2750 iu
895 2681 1022 2750 estate
1037 2682 1171 2750 aerest
1188 2675 1284 2752 bene
1296 2676 1444 2770 quietus
1461 2683 1500 2752 ct
1515 2698 1640 2772 purus.

458 2796 615 2877 aventis
633 2803 671 2870 et
687 2795 847 2870 uultibus
856 2819 866 2889 3
885 2803 923 2870 et
939 2795 1041 2871 dicit:
1060 2797 1231 2872 movmdo
1246 2799 1298 2888 pc·
1313 2798 1408 2870 occtri
1423 2799 1484 2872 cle
1506 2805 1633 2872 steven

459 2920 585 3008 sarum,
612 2916 703 3012 quia.
724 2916 861 2992 scilicet
886 2915 1077 2994 subitaneo
1103 2923 1206 2992 motu
1234 2923 1272 2991 et
1297 2917 1490 3012 splendore
1514 2925 1635 2994 terre·

459 3038 545 3117 lacit
569 3037 751 3130 videntem
779 3045 816 3114 et
846 3036 977 3130 subdit,
1003 3058 1135 3130 epure
1158 3040 1259 3114 stella
1286 3041 1347 3112 cte
1374 3042 1519 3114 tremuli
1542 3042 1635 3128 loco,

460 3178 547 3245 oum
573 3164 700 3268 tarum
726 3178 799 3232 nou
824 3157 870 3231 sit
894 3158 1014 3251 stella;
1041 3157 1140 3232 uude
1163 3157 1266 3232 dicit:
1292 3178 1330 3231 re
1354 3177 1427 3232 aon
1450 3161 1512 3232 rte
1534 3161 1635 3235 rudo

461 3300 522 3360 seu
544 3273 654 3371 perde
677 3281 776 3352 dallo
798 3284 902 3370 purte
927 3280 1017 3354 ouda
1041 3279 1245 3369 succende,
1265 3277 1354 3372 quia
1379 3298 1453 3354 uon
1471 3279 1632 3354 vanescit

460 3397 629 3494 splendor
654 3397 704 3474 ibi
730 3397 792 3471 ubi
824 3395 959 3492 incipit,
991 3404 1026 3470 at
1056 3417 1146 3487 erro,
1176 3397 1325 3491 scilicet,
1356 3397 1499 3474 subitus
1530 3400 1636 3496 iguis,

460 3521 554 3594 dura
577 3537 682 3612 poco,
707 3517 801 3592 sicut
826 3523 926 3612 patet
949 3515 997 3591 ad
1022 3536 1182 3595 sensum.
1211 3517 1255 3590 Et
1272 3517 1330 3592 hic
1346 3525 1433 3593 nota
1450 3519 1549 3612 quod
1568 3520 1639 3595 iste

461 3638 605 3712 subitus
630 3637 724 3734 ignis
749 3643 951 3714 vocatura
977 3636 1190 3732 philosopho
1215 3638 1551 3730 merumvastem
1575 3661 1638 3716 cu-

462 3758 552 3836 dens
577 3764 646 3834 eur.
660 3797 711 3812 -
725 3753 778 3832 Ne*
799 3761 831 3832 ri
852 3749 959 3850 parti.
991 3757 1057 3832 llic
1087 3763 1198 3832 autor
1230 3758 1379 3852 exponit
1408 3766 1446 3834 et
1476 3760 1639 3836 declarat

466 3900 583 3954 uuum
609 3878 747 3956 dictum
781 3899 909 3954 suum:
942 3877 1030 3973 quia
1064 3877 1164 3956 euim
1198 3877 1356 3971 dixerat,
1387 3881 1486 3973 quod
1520 3903 1640 3956 unum

465 4007 607 4081 astrum
626 4005 848 4077 cucurrerat
864 3999 911 4073 ad
929 3999 1059 4094 pedem
1078 3999 1210 4094 crucis,
1227 4000 1380 4096 corrigit
1395 4001 1484 4076 illud
1500 4001 1638 4078 dictum

466 4127 502 4194 et
525 4119 610 4202 dicit
636 4119 735 4212 quod
762 4139 834 4194 ueu
860 4119 1038 4213 cucurrit,
1062 4119 1129 4198 sed
1153 4119 1274 4194 visum
1297 4129 1354 4196 est
1371 4142 1575 4198 cucurrere
1589 4118 1641 4216 (¹),

468 4241 555 4334 quia
580 4239 703 4320 radius
728 4239 928 4335 splendoris
954 4239 1034 4316 eius
1050 4239 1237 4318 descendit
1252 4240 1301 4316 ad
1318 4261 1406 4317 eum
1424 4263 1489 4338 per
1506 4243 1639 4320 lineam

469 4367 619 4436 rectam.
646 4359 739 4438 uicit
764 4380 878 4456 ergo:
906 4357 959 4436 Ne*
982 4363 1024 4446 lu
1043 4381 1194 4452 poema,
1220 4359 1324 4455 idest,
1340 4362 1444 4436 stella
1473 4363 1546 4457 illa,
1571 4365 1642 4442 sci·

469 4479 562 4574 licet,
587 4479 711 4558 anima
742 4480 913 4576 pretiosa,
945 4473 1099 4573 apert
1127 4483 1191 4555 dcl
1218 4501 1283 4556 suo
1312 4489 1450 4572 amtro,
1483 4483 1585 4579 idest,
1619 4506 1643 4560 a

470 4600 550 4676 loeo
574 4600 653 4676 sive
677 4621 794 4675 coruu
811 4600 965 4676 dextero
982 4600 1103 4677 crucis
1125 4600 1163 4674 iu
1184 4621 1261 4695 quo
1280 4608 1373 4695 erat,
1390 4623 1450 4676 mc
1467 4610 1644 4680 trmcorrr

466 4741 535 4813 per
568 4723 604 4795 lu
638 4723 717 4794 llrtc
747 4723 881 4811 radiet,
915 4719 1007 4795 idest
1040 4741 1105 4815 per
1135 4720 1269 4794 lineam
1301 4721 1550 4816 splendentem
1585 4727 1643 4800 sui

535 4980 563 5044 (¹)
578 4979 604 5030 S.
621 4993 737 5032 currere.
746 5008 777 5020 -
788 4981 818 5034 ll.
835 4995 1003 5038 mucurrarc.
