4842 6642
770 847 908 902 cunnus
934 849 1126 904 rrersruus
1150 848 1345 906 sucuunus.
1569 839 1636 906 301

470 1002 574 1088 parte
597 1015 763 1088 superam,
789 995 891 1089 idest,
917 996 1166 1071 summitatem
1193 995 1284 1090 eius,
1309 998 1348 1069 in
1370 999 1422 1089 pin
1439 992 1546 1090 tassii,
1572 997 1642 1072 sci-

474 1116 567 1210 licet,
593 1115 639 1190 ad
664 1116 780 1210 ipsam
813 1137 957 1211 speram
990 1117 1179 1211 ultimam3
1211 1123 1248 1191 et
1281 1115 1388 1191 dicit:
1420 1121 1561 1210 quando
1591 1121 1642 1210 pli

473 1257 631 1330 apparare
654 1229 685 1310 si
707 1239 816 1310 curce
841 1241 876 1311 d'
889 1241 1015 1328 capeti.
1041 1237 1096 1313 Ad
1121 1238 1218 1332 quod
1249 1243 1304 1312 est
1334 1237 1494 1314 breviter
1523 1238 1641 1314 scien·

472 1356 574 1453 dum,
596 1357 706 1452 quod,
727 1358 820 1432 sicut
844 1358 1016 1433 scribitur
1033 1359 1069 1432 in
1086 1358 1229 1450 Genesi,
1248 1359 1361 1433 Jacob
1378 1359 1521 1456 lugiens
1546 1360 1640 1434 iram

473 1477 594 1551 fratris
620 1477 675 1551 sui
701 1478 809 1573 Esau,
835 1497 948 1572 quem
975 1478 1210 1554 fraudaverat
1236 1479 1436 1554 hereditate
1466 1487 1504 1554 et
1529 1481 1641 1556 bene-

472 1598 629 1673 dictione
654 1605 805 1694 paterna
835 1604 1043 1674 etc-lla
1069 1621 1147 1692 per.
1178 1599 1244 1674 llic
1273 1599 1489 1676 Benedictus
1518 1599 1640 1697 arguit

474 1717 674 1793 incidenter
699 1721 899 1794 monachos
925 1720 1138 1795 claustrales
1163 1719 1350 1814 praesentis
1368 1720 1555 1816 ternpuris,
1576 1719 1638 1813 qui

443 1875 446 1880 .
473 1859 547 1914 neu
571 1839 775 1915 ascendunt
797 1839 901 1915 istam
923 1847 1085 1915 sanctam
1108 1839 1257 1932 scalam,
1279 1839 1394 1914 immo
1413 1841 1532 1914 solum
1554 1846 1640 1913 sunt

473 1959 584 2036 mersi
608 1959 861 2036 allectionibus
886 1967 1139 2054 terrenorum3
1166 1959 1264 2034 unde
1289 1959 1393 2034 dicit:
1425 1979 1484 2032 ma
1513 1979 1640 2032 nerana

471 2083 609 2174 dtpnrtc
633 2102 690 2155 mo
715 2084 843 2175 ipiedi
870 2085 919 2155 da
951 2090 1063 2174 terra,
1079 2081 1198 2173 idest,
1228 2079 1449 2175 affectiones,
1479 2101 1547 2174 per
1578 2101 1640 2152 aa·

471 2205 567 2293 lirin,
602 2201 704 2296 idest,
739 2223 853 2277 causa
888 2201 1106 2278 ascendendi
1143 2202 1257 2297 ipsam
1289 2203 1437 2295 scalam,
1468 2201 1554 2295 quia
1585 2200 1640 2275 vi·

469 2320 579 2396 detur
603 2320 655 2396 eis
681 2321 789 2395 ninris
816 2323 900 2396 alta.
927 2321 998 2396 Sed
1019 2328 1105 2396 nota
1122 2321 1221 2415 quod
1238 2328 1347 2395 atrior
1365 2321 1509 2396 videtur
1531 2320 1640 2395 nimis

470 2442 574 2538 large
590 2440 689 2535 loqui
711 2440 781 2534 bic,
800 2441 885 2535 quia
903 2441 1024 2515 adbuc
1040 2446 1125 2514 snut
1148 2441 1253 2514 multi
1282 2441 1447 2516 monachi
1475 2441 1545 2515 sub
1565 2431 1637 2514 'ba-

470 2561 548 2636 bitu
574 2569 611 2636 et
636 2562 765 2657 regula
792 2561 976 2636 Benedicti
1002 2560 1087 2635 satis
1112 2567 1238 2635 sancte
1259 2561 1434 2653 virentes,
1455 2566 1635 2656 quantum

468 2687 631 2777 apparet,
657 2681 752 2756 sicut
776 2700 846 2778 ego
872 2681 942 2757 vidi
969 2681 1006 2754 in
1031 2680 1214 2775 aliquibus
1239 2679 1337 2774 locis,
1364 2681 1458 2755 sicut
1490 2680 1527 2753 in
1562 2679 1638 2754 lra-

469 2801 587 2876 tribus
617 2800 751 2875 montis
784 2800 925 2876 Oliveti.
957 2799 1158 2875 Dicendum
1193 2799 1354 2876 breviter
1387 2800 1486 2894 quud
1520 2801 1638 2874 Bene·

470 2921 588 2996 dictus
613 2921 776 3014 loquitur
800 2942 868 3017 per
893 2927 1100 3017 respectum
1127 2920 1173 2995 ad
1199 2921 1277 2994 illos
1303 2920 1439 3016 primos
1472 2928 1637 2994 contem-

469 3041 639 3137 plativ0s3
665 3043 724 3120 vel
749 3043 806 3119 dic
836 3049 873 3117 et
898 3042 1040 3137 melius,
1067 3041 1165 3136 quod
1190 3040 1287 3115 istud
1312 3040 1449 3116 dictum
1476 3033 1636 3133 debetl¹l

470 3161 637 3258 restringi
655 3169 694 3237 et
713 3162 841 3238 referri
858 3163 978 3238 solum
999 3161 1045 3235 ad
1062 3162 1184 3236 lucum
1203 3159 1355 3255 Cassini,
1368 3160 1414 3236 de
1432 3181 1507 3255 qun
1527 3168 1637 3236 autor

467 3281 672 3376 specialiter
695 3281 755 3357 bic
779 3281 955 3377 loquitur,
980 3281 1105 3375 etqui
1130 3281 1177 3356 de
1202 3280 1256 3354 rei
1282 3279 1436 3356 veritate
1461 3290 1516 3357 est
1532 3280 1638 3356 valde

469 3402 636 3476 desertus
661 3409 699 3478 et
722 3402 919 3495 desolatus,
945 3408 989 3475 ut
1013 3401 1132 3475 statim
1154 3400 1306 3476 dicetur.
1326 3400 1417 3476 Dicit
1434 3423 1543 3498 ergo:
1563 3426 1581 3476 e
1601 3405 1638 3476 la

468 3527 591 3616 repnte
608 3527 681 3597 mia
697 3528 834 3597 mmnsn
859 3520 880 3598 e*
901 3517 962 3615 pru
973 3544 1042 3615 per
1061 3525 1182 3596 danne
1198 3523 1285 3596 delle
1307 3529 1415 3613 carte,
1435 3522 1583 3613 scilicet,
1600 3522 1637 3595 in

468 3645 650 3740 scriptura
678 3664 751 3718 non
772 3643 808 3718 in
826 3663 952 3738 opere,
968 3641 1055 3736 quia
1073 3642 1207 3715 frustra
1227 3646 1381 3736 occupat
1398 3641 1541 3715 chartas
1559 3641 1637 3716 sine

468 3763 592 3840 fructu
618 3785 704 3839 cnm
731 3785 805 3839 nen
831 3771 1010 3839 servetur.
1038 3763 1082 3836 Et
1106 3763 1190 3836 volo
1218 3760 1351 3836 hinad
1370 3760 1563 3836 clariorem
1582 3761 1637 3834 in·

469 3885 703 3980 belligentiam
739 3884 850 3960 buius
883 3884 997 3959 literae
1032 3881 1173 3957 relerre
1206 3881 1294 3956 illud
1329 3880 1427 3974 quod
1463 3881 1636 3956 narrabat

469 4004 556 4078 mibi
577 4005 704 4101 jocose
730 4004 947 4082 venerabilis
972 4009 1174 4100 praeceptor
1200 4021 1307 4076 meus
1336 4000 1555 4076 Boccaccius
1589 4001 1635 4077 de

466 4123 647 4200 Certaldn.
670 4125 819 4200 Dicebat
836 4125 933 4200 enim
953 4121 1051 4218 quod
1067 4123 1156 4197 dum
1175 4129 1272 4196 esset
1292 4121 1327 4194 in
1348 4121 1489 4217 Apulia,
1508 4127 1636 4217 captus

468 4244 564 4319 lama
585 4245 668 4340 loci,
684 4246 837 4320 accessit
851 4245 898 4320 ad
915 4243 1037 4319 nobile
1053 4242 1318 4317 monasterium
1337 4241 1469 4316 montis
1486 4241 1635 4337 Cassini,

470 4345 520 4441 de*
542 4386 617 4459 quo
642 4363 780 4442 dictum
806 4374 872 4441 ast.
898 4367 942 4440 Et
970 4364 1100 4439 avidus
1125 4362 1266 4438 ridendi
1299 4362 1497 4453 librariam,
1523 4373 1660 4458 quarn

466 4485 659 4561 audiverat
679 4485 727 4560 ibi
745 4505 826 4562 esse
852 4483 1124 4577 nobilissimam,
1150 4481 1339 4577 petivit-ab
1358 4503 1431 4557 nnn
1454 4483 1636 4558 monacho

468 4605 665 4701 humiliter,
679 4605 782 4680 velut
806 4605 867 4680 ille
891 4605 954 4699 qui
980 4602 1219 4678 suavissimus
1244 4609 1335 4696 erat,
1361 4601 1459 4696 quod
1485 4601 1636 4678 deberet

466 4745 513 4801 ex
538 4725 659 4822 gratia
678 4725 824 4821 aperire
840 4724 907 4799 sibi
924 4723 1191 4798 bibliothecam.
1209 4720 1332 4796 Atille
1347 4719 1464 4817 ¹rigide
1485 4741 1637 4816 respun-

528 4986 554 5047 (¹)
572 4987 602 5038 a
618 4987 695 5039 aanor
709 4987 818 5052 anauga
833 4993 860 5038 er
876 4986 980 5038 rerem
