4842 6642
809 853 946 911 cunnus
971 859 1163 913 vronsrnus
1188 859 1349 912 rnnrrus.
1591 845 1662 916 32'5

488 999 589 1090 nale,
615 999 717 1094 idest,
740 1021 806 1096 per
833 1003 999 1078 nubilum
1026 1006 1186 1080 iocatum
1212 1005 1260 1080 ab
1285 1003 1363 1101 ipso
1389 1006 1519 1081 eodem
1547 1007 1659 1080 radio.

486 1121 530 1194 Et
555 1121 614 1196 hic
647 1129 731 1196 nota
763 1124 949 1217 quomodo
974 1126 1201 1221 comparatio
1233 1133 1289 1200 est
1321 1128 1467 1223 propria
1497 1128 1543 1203 ad
1573 1149 1661 1225 pro-

488 1243 658 1339 positum.
686 1243 901 1319 sicutenim
920 1245 957 1319 in
975 1267 1061 1320 casu
1082 1247 1199 1341 posito
1219 1247 1265 1322 de
1282 1255 1387 1342 prato
1404 1249 1532 1324 llorido
1552 1259 1662 1325 antor
1777 1349 1782 1356 .

487 1364 632 1440 videbat
663 1363 784 1439 radios
815 1365 901 1439 solis
931 1366 1178 1442 illuminantes
1209 1368 1330 1463 liores,
1362 1376 1399 1444 et
1431 1367 1555 1445 tamen
1588 1393 1661 1446 non

487 1485 632 1559 videbat
658 1485 777 1580 ipsum
804 1486 967 1560 solemn
993 1507 1069 1580 qno
1102 1486 1168 1582 ipsi
1200 1487 1291 1562 radii
1319 1489 1585 1584 procedebant;
1612 1491 1661 1565 ita

487 1627 586 1680 nune
612 1605 757 1680 videbat
783 1606 905 1680 radios
931 1607 1118 1682 venientes
1152 1628 1264 1703 snper
1294 1610 1487 1703 apostolos,
1514 1630 1581 1684 nec
1606 1611 1661 1683 vi-

485 1726 595 1800 debat
620 1727 740 1821 ipsum
757 1717 794 1818 (⁴)
820 1727 1004 1801 Christum
1031 1747 1053 1801 a
1080 1748 1157 1822 quo
1183 1729 1397 1804 veniebant:
1425 1737 1461 1804 et
1487 1730 1581 1804 sicut
1607 1731 1661 1804 vi·
1781 1805 1785 1811 ,
1867 1732 1869 1736 ’

485 1845 595 1922 debat
619 1845 698 1920 illos
725 1844 846 1920 radios
863 1847 1052 1922 venientes
1077 1867 1189 1942 super
1211 1849 1318 1924 liores
1337 1849 1521 1925 mediante
1541 1851 1660 1946 nube3

485 1965 534 2039 ita
561 1985 659 2041 nunc
685 1965 755 2040 sub
781 1966 881 2041 nube
902 1966 1048 2041 videbat
1072 1973 1110 2041 et
1136 1987 1210 2072 non
1229 1989 1321 2063 pure
1338 1969 1458 2043 radios
1475 1971 1603 2044 aeterni
1621 1961 1657 2063 (Ἴ

484 2083 570 2158 solis
595 2085 784 2160 venientes
807 2086 854 2160 ad
881 2086 968 2160 istos
993 2086 1131 2161 beatos.
1145 2093 1244 2162 -0
1269 2091 1428 2181 deniquo.
1456 2090 1520 2165 Hic
1545 2098 1656 2166 autor
1772 2113 1775 2120 ·

483 2205 720 2280 commendat
743 2205 901 2302 gratiam
927 2207 1126 2281 salvatoris
1151 2207 1294 2303 Christi,
1321 2211 1382 2304 qui
1410 2210 1585 2286 exaltarit
1618 2231 1658 2286 se

481 2345 644 2418 sursum,
673 2334 713 2400 ut
740 2327 965 2421 relinqueret
993 2330 1114 2403 autori
1140 2329 1262 2403 locum
1282 2337 1319 2404 et
1339 2330 1575 2405 commodum
1603 2331 1657 2406 vi-

482 2443 589 2520 dendi
615 2445 803 2542 Virginem
819 2437 855 2538 (³)
883 2454 921 2522 et
947 2449 1084 2523 beatos.
1120 2449 1213 2523 Dicit
1246 2470 1347 2547 ergo,
1383 2451 1487 2545 quasi
1517 2452 1656 2548 gratili-

484 2571 631 2640 canter:
655 2567 851 2658 Odenipno
869 2563 974 2658 virli,
989 2569 1091 2663 idest,
1108 2589 1132 2644 o
1151 2570 1357 2665 clementia,
1375 2592 1398 2645 o
1415 2571 1654 2647 beneficentia

483 2685 692 2779 Salvatoris‚
705 2679 806 2759 circei
822 2690 870 2779 pl'
881 2692 1056 2782 immenti,
1073 2689 1175 2783 idest,
1194 2689 1244 2764 ita
1262 2690 1395 2786 sigillas
1413 2690 1556 2789 fulgore
1577 2700 1655 2787 tuo,

482 2812 523 2879 nt
543 2806 622 2902 jam
650 2806 789 2882 dictum
817 2815 884 2902 est,
908 2829 950 2882 m
976 2813 999 2883 t’
1011 2812 1180 2901 multasti,
1214 2810 1316 2905 idest,
1349 2832 1497 2885 sursum
1532 2819 1568 2888 te
1602 2814 1656 2890 le-

481 2927 584 3019 vasti,
607 2949 675 3020 per
699 2931 866 3020 lorpirmi
889 2933 978 3022 loco,
1000 2930 1103 3026 idest,
1129 2938 1172 3005 ut
1197 2931 1408 3007 donareset
1434 2933 1654 3009 concederes

481 3047 568 3122 milri
594 3049 765 3144 spatium,
792 3052 866 3142 opii
891 3053 987 3124 occdi
1011 3044 1220 3160 dpseilicet,
1249 3054 1350 3147 meis,
1376 3057 1436 3128 elue
1464 3075 1536 3129 non
1565 3076 1655 3129 eron

474 3171 652 3262 possenti5
677 3177 715 3243 et
741 3169 799 3244 hic
824 3177 911 3245 nota
946 3172 1046 3266 qnod
1078 3179 1188 3246 autor
1219 3173 1311 3248 ideo.
1335 3174 1404 3248 hoc
1437 3174 1539 3272 lingit
1568 3175 1654 3269 quia

477 3289 598 3365 maius
627 3291 753 3364 lumen
779 3291 948 3366 obfuscat
973 3293 1116 3386 minus3
1142 3294 1190 3366 ita
1218 3294 1316 3388 quod
1342 3295 1547 3391 praesentia,
1574 3296 1652 3372 sive

477 3410 728 3505 propinquitas
745 3410 876 3484 Christi
893 3412 1087 3487 arrierebat
1104 3413 1170 3488 sibi
1189 3413 1387 3509 potentiam
1408 3414 1548 3490 videndi
1567 3417 1654 3492 bea·
1749 3457 1754 3474 ι

475 3537 550 3605 tam
563 3518 601 3622 (⁴)
620 3530 806 3626 Virginem
825 3539 863 3606 et
879 3533 1073 3627 apostolos.
1092 3533 1211 3627 Aliqui
1231 3539 1353 3609 umen
1374 3535 1539 3610 referunt
1557 3537 1652 3612 istud

474 3651 611 3726 dictum
639 3651 685 3725 ad
711 3651 926 3747 natricem,
953 3653 1017 3727 sed
1042 3673 1116 3727 non
1134 3653 1241 3728 video
1257 3654 1445 3747 quomodo
1463 3654 1568 3730 litera
1587 3678 1653 3751 pa-

476 3771 589 3845 tiatur
614 3771 725 3844 talem
752 3771 989 3847 intellectum.
1003 3775 1099 3846 -Il
1120 3794 1232 3847 nome.
1261 3773 1325 3847 liic
1344 3782 1454 3848 autor
1472 3775 1565 3849 lacta
1583 3798 1649 3872 ge·

476 3891 590 3965 nerali
615 3891 857 3987 descriptione
888 3893 935 3968 de
963 3892 1191 3988 apparitione
1217 3893 1353 3967 militiae
1378 3901 1523 3988 sanctae,
1551 3916 1649 3970 nunc

474 4011 645 4086 describit
669 4013 789 4107 primo
814 4019 852 4087 et
877 4013 1123 4108 principaliter
1139 4013 1327 4103 dominam
1354 4021 1391 4090 et
1417 4015 1580 4112 reginam
1606 4017 1649 4091 il·

475 4131 544 4204 lins
569 4131 667 4228 regis
691 4139 729 4206 et
753 4132 889 4206 domini
915 4133 1054 4227 aeterni,
1082 4133 1120 4207 in
1145 4133 1252 4208 cuius
1277 4135 1408 4230 gratia,
1435 4135 1504 4208 sub
1540 4137 1649 4211 cuius

473 4252 637 4326 custodia
663 4259 701 4328 et
724 4252 772 4328 ad
797 4253 904 4329 euius
928 4253 1119 4329 servitium
1141 4261 1247 4330 erant
1264 4275 1394 4330 omnes
1411 4256 1582 4351 praedicti.
1602 4258 1647 4332 Et

471 4369 648 4446 breviter.
665 4371 762 4466 dicit,
787 4372 888 4467 qnod
912 4372 1064 4468 singulis
1088 4372 1348 4467 denominatio,
1368 4395 1480 4468 quarn
1509 4375 1647 4451 iecerat

468 4511 580 4587 supra
598 4491 756 4586 Beatrir,
777 4493 824 4568 de
849 4493 915 4566 ista
941 4491 1088 4567 domina
1118 4494 1263 4569 excelsa
1290 4493 1373 4568 lecit
1399 4515 1643 4589 conquaerere

528 4677 556 4737 (¹)
573 4677 604 4727 Β.
620 4678 705 4740 tpmm
717 4677 798 4728 solem
810 4679 977 4729 irradiantem
988 4692 1068 4742 super
1078 4679 1146 4740 illos,
1160 4681 1259 4731 scilicet
1270 4681 1412 4732 [lominum
1424 4689 1545 4732 nostrum
1555 4683 1646 4734 iesum

468 4752 610 4892 Chni’llmllil.
622 4832 713 4882 aeterni
728 4831 835 4882 luminis
850 4833 904 4884 sire
920 4833 992 4884 solis.

531 4905 559 4967 (⁸)
575 4906 606 4956 tt.
624 4907 757 4970 Virginem
773 4909 987 4972 gloriosissimam
1005 4908 1120 4972 raginam
1137 4915 1254 4962 nostrum
1270 4915 1297 4960 et
1313 4911 1410 4964 henim.

532 4984 560 5045 (⁸)
577 4983 608 5034 tt.
624 4984 797 5036 beatissimam
816 4987 948 5050 Virginem
964 4985 1085 5046 Mariam,
1102 4991 1137 5038 et.
