4842 6642
780 779 851 870 ono
986 788 1192 844 colluuntur
1214 785 1592 844 amour-currus
1616 785 1741 839 uxur.

779 933 879 1031 quod
903 931 1079 1029 perdebat
1103 952 1256 1029 operum
1281 937 1319 1008 et
1344 931 1480 1007 trustra
1498 929 1672 1029 fatigabat
1689 929 1878 1028 ingenium
1896 929 1954 1004 di·-

778 1077 885 1132 cens:
911 1075 972 1129 mo
996 1056 1028 1128 lc
1052 1058 1203 1149 proprie
1230 1075 1355 1149 perne,
1383 1054 1530 1148 scilicet,
1558 1051 1651 1129 ratio
1681 1059 1720 1130 et
1747 1053 1955 1129 intellectus
2015 1097 2021 1110 -

780 1195 864 1270 quae
895 1175 1026 1250 tollunt
1056 1174 1224 1250 animum
1255 1174 1302 1251 ad
1331 1173 1660 1251 considerationem
1695 1172 1851 1248 alicuius
1884 1172 1952 1268 rei,

778 1317 852 1370 nott
876 1317 966 1370 eron
989 1299 1038 1370 da
1062 1288 1131 1387 οἱὸ,
1148 1295 1252 1390 idest,
1272 1315 1347 1371 nou
1372 1300 1479 1370 erant
1501 1294 1723 1370 sufficientes
1740 1293 1787 1370 ad
1806 1295 1898 1390 hoc;
1915 1299 1953 1370 et

779 1414 863 1522 idco
888 1415 983 1491 bene
1006 1414 1109 1514 lingit
1134 1414 1234 1510 quod
1259 1434 1307 1490 ne
1336 1414 1541 1491 attenderet
1572 1415 1654 1510 plut
1685 1411 1732 1490 ad
1761 1414 1969 1490 solution.

780 1536 870 1611 dum
887 1555 939 1631 se,
965 1557 1040 1611 uua
1065 1537 1130 1610 lux
1151 1535 1331 1632 percussit
1347 1535 1566 1612 memoriam
1584 1555 1710 1630 suam,
1728 1534 1827 1610 uude
1846 1535 1953 1610 dicit:
2059 1525 2063 1532 ’

779 1681 818 1734 sc
839 1680 913 1734 noo
937 1661 997 1733 cle
1020 1661 1057 1730 lo
1081 1660 1155 1732 mio
1178 1663 1288 1732 monte
1304 1661 1528 1752 superaucto
1546 1659 1596 1732 do
1611 1677 1660 1730 oo
1675 1657 1829 1750 pttlporc,
1848 1656 1952 1751 idest,

780 1800 803 1854 a
828 1777 1021 1874 splendore
1044 1777 1270 1852 erccllcotiae
1300 1776 1380 1852 talis
1411 1775 1832 1872 considerationisque
1863 1793 1955 1852 oon-

780 1897 872 1973 ludit
896 1897 1036 1991 visum3
1062 1896 1163 1971 uodo
1185 1895 1291 1970 dicit:
1317 1899 1356 1970 iu
1376 1897 1436 1972 cte
1459 1915 1526 1970 coo
1550 1899 1668 1988 voplto
1694 1897 1969 1972 oenoe.—Al·'

781 2022 901 2093 totta.
927 2017 994 2092 llic
1017 2023 1128 2092 autor
1152 2017 1305 2094 feliciter
1336 2017 1422 2092 lacit
1453 2017 1564 2094 linem
1594 2037 1673 2091 suae
1703 2011 1955 2113 speculationi,
2046 2093 2053 2114 χ

782 2146 821 2215 ct
836 2137 1021 2234 aptissime
1040 2135 1223 2212 concludit
1240 2143 1359 2211 lotum
1379 2155 1523 2232 poeum,
1540 2135 1683 2212 dcent:
1703 2139 1854 2211 attollo
1867 2139 1956 2232 suo·

783 2263 875 2334 totio
907 2261 966 2350 qui
998 2250 1125 2332 mame
1153 2269 1276 2351 porca,
1302 2257 1389 2352 quia
1421 2257 1557 2333 scilicet
1589 2257 1698 2333 altius
1727 2275 1802 2332 nou
1837 2264 1957 2352 potest

783 2378 993 2473 asceudme,
1011 2386 1048 2454 et
1068 2385 1218 2475 propter
1235 2379 1306 2454 hoc
1322 2370 1371 2472 (⁴),
1394 2386 1436 2453 ut
1451 2378 1546 2454 bene
1566 2385 1669 2474 potes
1689 2377 1863 2475 colligere
1879 2377 1956 2452 lor·

784 2519 884 2574 mam
911 2499 1175 2594 compilationis
1201 2499 1311 2574 huius
1335 2498 1468 2595 operis,
1489 2497 1624 2574 scilicet
1646 2497 1823 2574 virtutem
1840 2499 1957 2594 phao-

784 2617 905 2714 tasiae3
930 2625 969 2694 ct
994 2619 1081 2712 quio
1107 2619 1193 2714 plus·
1215 2639 1287 2694 non
1313 2623 1443 2713 potest,
1460 2617 1543 2693 ideo
1566 2616 1650 2713 plus
1673 2637 1746 2693 non
1764 2618 1843 2692 rult
1859 2615 1956 2693 deoi-

784 2737 929 2813 derium
942 2743 1034 2812 'suoe
1059 2737 1266 2814 voluntatis.
1293 2739 1386 2814 uicit
1411 2757 1533 2835 ergoz-
1546 2757 1606 2812 mo
1622 2741 1788 2831 tumore,
1807 2737 1957 2832 scilicet,

784 2859 940 2954 (liunus,
960 2861 1020 2933 cte
1039 2879 1162 2932 muooc
1185 2862 1213 2933 tl
1234 2861 1307 2934 sole
1331 2881 1350 2932 c
1373 2861 1396 2934 1²
1403 2863 1495 2934 altre
1515 2863 1622 2952 ctcltc,
1640 2879 1725 2955 quae
1744 2856 1957 2934 illuminau-

785 2987 848 3055 tur
871 2979 920 3054 alt
943 2979 1006 3055 illo
1029 2979 1118 3074 sole,
1142 2970 1204 3071 ptd
1228 2983 1376 3072 volpem
1398 2983 1428 3055 tt
1449 2983 1519 3055 mio
1540 2983 1629 3056 dioto
1645 2982 1709 3054 etl
1731 2983 1828 3071 netu,
1853 2977 1958 3074 idest,

785 3099 1006 3174 desiderium
1023 3100 1232 3194 voluntatis,
1249 3099 1337 3194 quia
1354 3100 1491 3176 scilicet
1506 3101 1644 3178 lecerat
1660 3099 1821 3197 perfecte
1838 3105 1957 3173 totum

786 3219 967 3294 circulum
984 3220 1043 3294 sui
1060 3240 1204 3313 cursus,
1218 3242 1240 3295 a
1254 3220 1372 3315 simili,
1389 3213 1420 3294 oi
1436 3241 1532 3296 come
1552 3227 1658 3296 tuoto
1673 3220 1735 3295 cle
1749 3223 1960 3312 iffltolmeote

786 3336 960 3432 rimosam
986 3339 1073 3434 quia
1098 3339 1235 3416 scilicet
1260 3339 1450 3415 coniunxit
1474 3340 1650 3438 principio
1677 3339 1807 3436 finem,
1826 3357 1957 3415 numa

786 3459 961 3556 principio
990 3459 1184 3554 usquead
1220 3459 1331 3536 linem
1362 3468 1472 3536 autor
1506 3461 1659 3538 intendit
1687 3461 1882 3558 pervenire
1913 3460 1961 3536 ad

787 3580 953 3655 omnium
981 3601 1107 3656 rerum
1125 3580 1254 3674 llncm3
1272 3580 1319 3656 ad
1340 3581 1446 3676 cuius
1464 3580 1545 3656 fluis
1566 3579 1770 3658 beatificam
1786 3573 1824 3675 (²)
1851 3581 1961 3668 visio·

788 3721 873 3776 uem
899 3701 961 3776 illc
987 3721 1054 3776 uos
1079 3700 1255 3796 perducat
1279 3702 1315 3775 iu
1342 3701 1472 3796 patria,
1490 3699 1553 3795 qui
1578 3707 1750 3778 autorem
1777 3701 1887 3776 istum
1906 3702 1970 3777 lc·-

788 3822 999 3897 licissimum
1025 3821 1072 3896 ad
1096 3822 1201 3897 illum
1228 3821 1431 3917 perducere
1455 3821 1627 3919 dignatus
1651 3829 1706 3898 est
1731 3817 1768 3896 lu
1793 3823 1872 3917 νίας
1898 3823 1959 3898 cui

789 3948 845 4018 est
869 3943 998 4037 honor,
1023 3943 1218 4038 gloria-et
1249 3941 1473 4038 perpetuitas
1504 3941 1543 4020 iu
1573 3942 1708 4017 eoeoula
1737 3943 1959 4018 saeculorum

788 4081 909 4136 amen.
937 4062 1188 4159 deogratias,
1214 4082 1336 4155 amen,
1361 4081 1484 4156 amen,
1509 4081 1631 4136 amen.

679 4230 683 4241 ¹
797 4235 804 4244 ’
863 4247 1056 4343 Expletum
1083 4247 1142 4324 die
1168 4247 1297 4324 ultimo
1323 4247 1409 4324 maii
1439 4253 1544 4324 1t10.

852 4515 880 4577 (¹)
895 4514 927 4566 lt.
943 4514 994 4566 hoo
1009 4514 1119 4566 verboru
1135 4518 1209 4578 potor
1224 4513 1357 4577 colligere.
1567 4511 1595 4577 (¹)
1611 4513 1642 4564 R.
1658 4513 1807 4566 tetradeum.
1907 4587 1910 4594 ,

944 4795 1038 4855 murs
1062 4794 1240 4868 rualorsr,
1266 4793 1313 4846 nr
1338 4792 1428 4847 nolu
1453 4791 1577 4859 omum
1602 4792 1649 4845 nr
1675 4790 1811 4846 utrum
