4842 6642
758 847 899 904 cmlros
924 849 1139 905 rmorrsuros
1162 849 1325 905 maros.
1548 837 1617 904 aot

450 993 669 1089 orationem,
694 1001 819 1069 tameo
843 993 891 1070 de
915 993 970 1070 rei
996 993 1152 1070 veritate
1179 993 1248 1070 ista
1280 993 1349 1068 luit
1380 993 1500 1069 oratio
1534 993 1623 1068 Ber-

449 1113 555 1189 nardi
584 1120 786 1209 antequam
818 1119 930 1188 autor
959 1119 1056 1188 esset
1087 1113 1126 1188 io
1157 1133 1285 1188 rerum
1321 1120 1466 1189 natura.
1499 1111 1623 1188 Oratio

451 1253 542 1330 ergo
562 1234 751 1328 Beroardi,
768 1233 816 1309 de
832 1254 907 1329 qua
924 1240 1035 1309 autor
1051 1235 1242 1333 exscripsit
1255 1229 1292 1328 (¹)
1311 1235 1435 1331 aliqua
1451 1235 1547 1309 dicta
1565 1233 1623 1308 liic

450 1353 587 1430 inserta
604 1362 661 1430 eet
677 1354 758 1430 talis
782 1360 851 1430 ete.
878 1356 984 1430 Nunc
1005 1355 1052 1432 ad
1070 1354 1215 1432 literam
1237 1355 1318 1432 dioo
1339 1356 1438 1452 quod
1462 1356 1622 1431 Bernar-

450 1473 520 1549 dus
545 1475 707 1551 breviter
731 1475 981 1572 perstringens
998 1476 1259 1572 praerogativas
1291 1483 1426 1552 nostre
1451 1475 1620 1568 dominre,

451 1595 605 1672 intendit
616 1595 812 1672 ostendere
822 1616 906 1672 eam
925 1595 1169 1674 sufficientem
1183 1596 1229 1672 ad
1243 1597 1445 1673 taciendam
1463 1595 1620 1692 gratiam

452 1713 520 1790 stoi
537 1715 752 1811 petendam3
769 1720 807 1790 et
827 1714 949 1813 primo
967 1716 1104 1814 colligit
1123 1717 1234 1792 simul
1251 1723 1325 1794 trer
1345 1716 1620 1814 praerogativas,

452 1837 588 1931 quibus
620 1836 728 1912 beata
762 1836 874 1933 Virgo
907 1837 1163 1933 superexcedit
1187 1844 1359 1914 naturam
1395 1839 1619 1930 humanam3
1750 1881 1755 1889 ·

453 1957 552 2033 uode
581 1955 728 2034 ridetur
761 1956 950 2053 tripliciter
981 1957 1170 2053 implicare
1198 1957 1523 2036 contradictionem
1556 1976 1621 2051 per

452 2077 550 2152 viam
577 2083 733 2171 nature,
759 2076 843 2152 licet
867 2097 941 2153 non
966 2078 1012 2151 sit
1036 2077 1243 2172 implicatio.
1263 2077 1355 2152 llicit
1375 2097 1465 2175 ergo
1483 2075 1620 2172 primo:

460 2200 606 2290 Verpirre
629 2199 765 2272 madre.
791 2196 1016 2293 Impossibile
1048 2217 1212 2294 namque
1241 2198 1387 2274 videtur
1419 2197 1621 2272 secundum

452 2323 625 2392 naturam
657 2317 755 2412 quod
789 2317 900 2414 Virgo
932 2317 1111 2413 concipiat
1136 2325 1175 2392 et
1200 2317 1328 2413 pariat,
1355 2324 1392 2394 et
1417 2317 1515 2412 quod
1541 2316 1623 2413 plus

450 2443 508 2514 ert
545 2437 644 2533 quod
677 2437 827 2512 immina
861 2437 1042 2533 concipiat
1078 2444 1115 2512 et
1152 2437 1272 2533 pariat
1303 2439 1432 2513 lleum.
1466 2437 1502 2511 Si
1534 2456 1624 2535 ergo

452 2556 569 2654 potuit
600 2557 754 2654 gignere
785 2557 914 2632 eterni
949 2557 1047 2654 regis
1080 2556 1209 2652 illium,
1242 2557 1337 2633 bene
1371 2559 1504 2653 poterit
1537 2576 1624 2653 per·

452 2678 591 2754 ducere
616 2682 789 2755 autorem
814 2677 860 2753 ad
887 2676 1084 2754 videndum
1116 2678 1247 2775 ipsum.
1275 2679 1318 2752 Et
1352 2679 1467 2777 tangit
1491 2697 1623 2754 secun-

453 2799 539 2874 dam
565 2779 862 2896 praerogativam,
879 2817 965 2892 qum
982 2819 1188 2894 numquam
1215 2799 1284 2874 luit
1308 2800 1346 2874 in
1370 2799 1493 2894 aliqua
1519 2817 1623 2873 crea-

452 2926 548 3014 tura,
584 2919 673 2995 dum
704 2918 808 2999 dicit:
839 2921 942 3012 (iptio
974 2922 1031 2993 del
1061 2927 1120 2994 tuo
1144 2922 1284 3016 dipli05
1315 2920 1384 2994 luit
1418 2904 1517 2996 enim
1551 2917 1622 2992 fllia

454 3039 712 3136 omnipotentis
728 3038 853 3135 patris,
873 3039 937 3133 qui
954 3047 1011 3114 est
1035 3039 1130 3115 idem
1158 3060 1245 3114 cum
1273 3039 1347 3114 lilio
1372 3047 1552 3134 quantum
1577 3037 1623 3112 ad

451 3159 678 3237 divinitatem
704 3180 815 3256 quem
841 3159 918 3255 ipsa
943 3160 1082 3256 genuit.
1110 3161 1153 3235 lit
1179 3160 1294 3258 tangit
1319 3159 1464 3236 tertiam
1485 3177 1625 3255 praero·

450 3281 626 3377 gaovam,
646 3301 733 3357 oum
751 3279 856 3356 dicit:
881 3284 986 3356 ornile
1009 3289 1043 3355 et
1060 3283 1149 3374 olto,
1169 3301 1254 3375 qoae
1272 3280 1346 3355 duo
1364 3301 1437 3355 non
1455 3279 1626 3354 videntur

451 3420 559 3496 posse
583 3408 683 3476 stare
706 3401 827 3476 simul.
853 3400 938 3476 Fuit
962 3421 1054 3498 ergo
1081 3402 1187 3477 beata
1208 3401 1321 3497 Virgo
1339 3400 1487 3475 humilis
1512 3399 1626 3474 mori·

451 3520 522 3596 bus
546 3520 632 3596 ritae
656 3527 695 3596 et
719 3513 906 3616 verbis(¹)‚
932 3521 1039 3616 quia:
1065 3523 1160 3596 Eece
1190 3521 1322 3595 ancilla
1347 3519 1515 3613 Domini3
1539 3519 1624 3611 alta,

451 3641 540 3736 quia
565 3648 686 3717 mater
711 3641 788 3735 Dei,
814 3641 941 3738 regina
961 3641 1057 3736 ooeli,
1073 3641 1234 3716 exaltata
1255 3659 1366 3735 super
1391 3658 1624 3714 omnes-sau-

453 3768 542 3836 otos.
557 3760 593 3836 Si
612 3781 703 3857 ergo
720 3762 800 3838 hmo
815 3761 963 3837 domina
980 3760 1098 3856 potuit
1114 3760 1193 3834 haec
1210 3759 1334 3834 omnia
1351 3779 1436 3854 quae
1457 3765 1543 3833 sunt
1559 3777 1625 3832 su·

452 3902 519 3978 per
537 3888 709 3958 naturam
725 3883 938 3976 humanam,
956 3881 1051 3956 bene
1066 3880 1201 3977 poterit
1218 3879 1412 3955 ostendere
1432 3899 1623 3954 summum

452 4002 572 4078 Deum
600 4001 740 4077 homini
765 4002 887 4077 adlruo
910 4001 948 4076 in
973 4000 1267 4104 carneriventi3
1293 3999 1393 4094 quod
1426 4005 1482 4074 est
1513 4017 1624 4092 super

453 4128 638 4198 naturam.
664 4105 710 4197 m
733 4122 833 4198 addit
857 4129 1028 4218 quartam
1064 4121 1360 4218 prerogativam,
1386 4119 1528 4194 dicens:
1555 4125 1625 4193 ter-

452 4246 546 4337 mine
566 4246 652 4336 fisso
681 4247 848 4318 d'eterrro
871 4245 1053 4337 oonsiptio,
1079 4240 1183 4336 idest,
1207 4240 1255 4316 ad
1278 4239 1529 4316 denotandum
1559 4259 1625 4316 ox·

452 4363 661 4440 cellentiam
691 4363 834 4441 consilii
864 4362 958 4440 sicut
983 4370 1020 4438 et
1045 4362 1190 4457 auxilii3
1217 4367 1255 4438 et
1278 4361 1384 4436 dicit:
1416 4369 1549 4453 eterrro,
1578 4360 1625 4437 ad
1774 4459 1777 4470 Ι

343 4559 346 4564 .
452 4484 697 4562 differentiam
724 4487 975 4559 humanorum
1001 4483 1236 4558 consiliorum
1260 4503 1344 4576 quae
1361 4487 1449 4556 sunt
1466 4481 1514 4557 ad
1531 4487 1625 4556 tem-

453 4625 535 4702 pus,
566 4612 604 4680 et
639 4625 713 4680 non
748 4605 841 4679 dunt
869 4604 916 4679 do
945 4603 1103 4696 eternis,
1136 4602 1231 4677 sicut
1260 4601 1346 4677 dicit
1380 4601 1624 4697 philosophus,

526 4836 533 4865 ἱ
1181 4866 1185 4874 .

514 4839 545 4977 {¹3
560 4837 593 4964 ἓ
608 4838 787 4966 εξῗδῖηῇωῑ
802 4912 873 4964 calm
888 4913 942 4977 ipo·
957 4912 990 4963 do
1006 4924 1046 4962 ror
1063 4911 1127 4962 lou
1139 4913 1235 4963 ancillo
1245 4911 1350 4962 Domtu
1361 4916 1412 4962 cto.
1422 4905 1554 4973 rultaltd
1565 4913 1628 4977 quio

454 4991 605 5044 materfuit
622 4991 678 5054 oei,
694 4996 721 5044 el
738 4992 833 5057 regint-
