4842 6642
829 840 901 910 378
1220 853 1425 910 coumruu
1448 855 1615 909 riarum

828 998 963 1075 beatis:
989 1002 1112 1090 Suum,
1136 1007 1253 1092 sano,
1277 1007 1395 1092 santo,
1425 1003 1597 1073 moruus
1623 1004 1719 1074 oens
1751 1001 1904 1075 Subuotb
1928 1007 1998 1075 etc.

825 1125 922 1192 -Ε
943 1140 1048 1193 conse.
1075 1120 1140 1195 llic
1165 1126 1275 1194 autor
1300 1119 1432 1194 ultimo
1456 1120 1613 1194 ostendit
1637 1120 1824 1215 quomodo
1849 1121 1998 1195 Beatrir

827 1239 985 1315 restituit
998 1240 1064 1314 sibi
1078 1238 1256 1314 visionem
1275 1239 1442 1314 territam
1459 1241 1667 1334 oculorum,
1681 1240 1884 1317 secundum
1898 1241 1998 1335 quod

785 1394 787 1397 ·
827 1359 1047 1455 predixerat
1072 1359 1138 1434 sibi
1172 1361 1354 1437 lohannes
1384 1360 1422 1436 in
1455 1360 1631 1457 principio
1659 1360 1828 1458 capituli,
1860 1368 1897 1437 et
1928 1364 1998 1437 boc

827 1500 892 1576 per
919 1500 1032 1556 unam
1057 1480 1369 1575 comparationem
1397 1482 1618 1576 naturalem,
1644 1484 1810 1578 pulcram
1842 1489 1881 1557 et
1910 1502 1998 1578 pro·

828 1600 958 1697 priam,
983 1600 1089 1675 cuius
1114 1599 1245 1695 positio
1262 1600 1307 1675 sit
1327 1601 1415 1677 ista:
1433 1621 1614 1697 ponamus
1633 1602 1732 1697 quod
1751 1623 1851 1677 unus
1873 1603 1920 1677 sit
1937 1623 1998 1678 so-

827 1721 924 1816 pitus
948 1721 985 1794 in
1015 1741 1163 1797 camera
1194 1722 1366 1817 obscura,
1400 1722 1562 1798 elalius
1592 1742 1679 1796 cum
1711 1722 1998 1817 splendidissimo

827 1841 967 1917 lumine
992 1842 1103 1916 intrat
1128 1863 1329 1937 cameram,
1347 1843 1407 1918 ille
1423 1844 1545 1917 subito
1569 1843 1745 1941 evigilans
1765 1843 1911 1938 respicit
1930 1844 1997 1919 sibi

799 1960 940 2057 ‚ciroa,
962 1968 999 2038 et
1023 1962 1149 2038 videus
1174 1963 1310 2057 aliquid
1327 1963 1572 2038 illuminatum
1594 1962 1721 2039 abillo
1742 1964 1882 2038 lumine
1900 1971 1998 2039 totus

826 2089 999 2177 terretur,
1026 2084 1138 2159 etsie
1163 2090 1235 2158 stat
1259 2084 1377 2159 donec
1402 2083 1628 2159 reformetur
1647 2103 1787 2178 sensus,
1814 2090 1851 2160 et
1877 2084 1994 2159 virtus

825 2203 1038 2278 extimativa
1063 2204 1302 2298 apprehendit
1326 2224 1458 2279 verum
1491 2204 1545 2279 rei
1571 2204 1675 2299 visae3
1701 2212 1739 2280 et
1763 2211 1853 2280 tunc
1876 2212 1996 2294 cessat

825 2324 885 2398 illa
910 2323 1138 2420 perturbatio
1164 2330 1203 2399 et
1228 2318 1491 2420 ignoratioque
1507 2324 1554 2398 ad
1570 2324 1909 2421 propositumque
1924 2344 1996 2401 au·

825 2451 893 2539 tor,
912 2443 1011 2539 quod
1029 2444 1159 2520 accidit
1175 2444 1254 2539 sibi,
1272 2445 1357 2550 quia
1376 2444 1421 2519 ad
1440 2445 1746 2541 fulgentissimum
1763 2446 1995 2541 splendorem

824 2566 1057 2663 evangeliste
1084 2565 1200 2641 iactus
1226 2566 1350 2642 luerat
1366 2572 1465 2640 totus
1483 2565 1669 2662 attonitus,
1693 2573 1730 2642 et
1752 2568 1856 2661 quasi
1874 2588 1995 2643 cacus

823 2693 974 2762 steterat
999 2686 1184 2781 loquendo
1211 2708 1297 2761 cum
1330 2686 1409 2782 ipso
1438 2688 1623 2781 lobaunc3
1647 2686 1712 2761 sed
1736 2687 1882 2763 Beatrir
1909 2707 1993 2763 suc·

824 2807 939 2882 currit
968 2806 1035 2881 sibi
1070 2807 1210 2882 lumine
1245 2827 1313 2881 suo
1344 2806 1505 2903 fugando
1537 2827 1686 2882 omnem
1719 2809 1910 2883 tenebram
1946 2809 1994 2883 ab

824 2928 939 3003 oculis
964 2927 1063 3021 eius;
1090 2936 1127 3003 et
1156 2927 1206 3002 sic
1239 2926 1323 3001 vide
1353 2932 1534 3021 quantum
1569 2926 1794 3023 comparatio
1825 2927 1871 3001 sit
1904 2948 1994 3002 ron·

824 3047 1080 3143 grueutissima
1106 3049 1213 3123 lacto.
1238 3048 1344 3122 Nunc
1374 3046 1461 3123 nde
1490 3048 1646 3142 literam,
1675 3068 1790 3141 quam
1819 3056 1994 3123 construe

824 3174 862 3243 et
898 3167 1026 3243 ordina
1063 3168 1134 3243 sic:
1170 3174 1202 3241 Ε
1232 3170 1391 3241 Beatrtce
1421 3159 1509 3261 ppt
1541 3172 1626 3259 oqui
1657 3171 1856 3260 quisquilia,
1889 3168 1992 3263 idest,

822 3307 970 3363 omnem
998 3288 1312 3385 superfluitatem
1338 3287 1544 3381 quisquiliae
1573 3288 1671 3363 enim
1702 3286 1875 3363 dicuntur
1907 3288 1994 3365 reli·

822 3408 918 3502 quiae
943 3408 1030 3482 imni
1061 3430 1144 3503 quae
1175 3416 1370 3484 remanent
1402 3416 1489 3483 aute
1514 3408 1698 3504 animalia,
1723 3417 1761 3485 et
1791 3409 1994 3505 vulgariter

821 3526 954 3603 dicitur
977 3532 1151 3623 rosiqlio;
1168 3532 1262 3620 deqti
1277 3531 1373 3603 occlti
1389 3532 1480 3621 mut,
1508 3528 1655 3623 scilicet
1676 3529 1991 3623 intellectualibus,

819 3652 877 3723 cot
907 3653 1036 3742 raqqio
1067 3652 1120 3723 det
1133 3653 1223 3739 suoi,
1256 3648 1402 3744 scilicet,
1427 3650 1623 3725 oculorum
1656 3650 1994 3746 splendentissim03

820 3770 919 3863 unde
947 3770 1055 3845 dicit:
1086 3772 1146 3845 cte
1178 3774 1350 3865 risutqea,
1389 3770 1499 3864 idest,
1528 3770 1755 3865 splendebat,
1787 3773 1836 3845 do
1862 3767 1925 3863 pit
1954 3774 1994 3845 o·

821 3894 911 3967 move
935 3894 1069 3984 mtqlia,
1096 3890 1201 3987 quasi
1222 3891 1330 3984 dicat,
1356 3891 1712 3987 superexcellenter,
1737 3898 1775 3967 et
1800 3890 1896 3967 bene
1920 3892 1991 3967 boc

818 4011 922 4109 lingit
947 4012 1032 4107 quia
1058 4012 1207 4087 Beatrix
1225 4032 1312 4087 cum
1335 4010 1475 4085 lumine
1491 4018 1703 4085 sanctarum
1723 4011 1990 4108 scripturarum

821 4131 978 4207 restituit
1010 4132 1185 4208 visionem
1221 4131 1504 4207 intellectualem
1537 4130 1671 4225 autori,
1696 4132 1892 4206 ostendens
1922 4132 1989 4207 sibi

820 4250 979 4347 qualiter
1003 4253 1186 4327 Jobaunes
1207 4259 1288 4327 erat
1308 4250 1595 4347 fulgentissimus
1619 4250 1716 4326 inter
1735 4252 1929 4347 apostolos,
1953 4260 1993 4327 et

819 4393 893 4448 non
918 4381 999 4448 erat
1023 4392 1110 4447 cum
1136 4392 1294 4468 corpore
1316 4371 1355 4446 in
1380 4372 1485 4447 coelo.
1512 4372 1555 4445 ut
1582 4374 1650 4447 boc
1674 4373 1770 4466 tecit,
1795 4365 1868 4447 cori
1895 4394 1992 4447 come

817 4496 1060 4585 stdissonuc,
1093 4492 1196 4587 idest,
1228 4492 1425 4589 evigilatur
1455 4492 1668 4588 abaliquo,
1700 4497 1740 4567 ol
1762 4496 1853 4568 lume
1876 4501 1992 4586 nmo,

819 4613 922 4707 idest,
947 4614 994 4689 ad
1019 4614 1250 4708 splendorem
1277 4612 1377 4687 acuti
1403 4613 1561 4708 luminis,
1582 4636 1650 4707 per·
1681 4616 1717 4688 to
1745 4617 1857 4708 episto
1881 4618 1990 4690 muro

763 4732 766 4737 ’
819 4736 878 4807 clre
902 4737 1040 4808 mamre
1063 4736 1136 4809 olto
1159 4737 1359 4828 splendore,
1380 4733 1475 4809 illius
1500 4734 1659 4828 luminis,
1676 4736 1737 4809 cte
1752 4755 1799 4807 oa
1815 4738 1854 4809 dt
1868 4756 1991 4828 qonno

818 4857 857 4929 in
880 4874 1014 4948 qonnn,
1040 4854 1142 4950 idest,
1161 4854 1224 4950 qui
1250 4852 1382 4929 transit
1404 4858 1443 4929 et
1468 4861 1635 4949 penetrat
1658 4854 1706 4931 de
1731 4854 1854 4930 tunica
1874 4856 1912 4930 iu
1930 4863 1992 4931 tu-

788 5040 790 5045 ,
821 4975 951 5051 nicam.
977 4976 1031 5050 Ad
1056 4976 1162 5051 cuius
1186 4974 1464 5072 intelligentiam
1482 4982 1539 5051 est
1556 4976 1755 5051 notandum
1777 4975 1875 5070 quod
1896 4976 1993 5052 sicut
