4842 6642
784 815 857 884 2⁹8
1173 827 1379 884 consuatur
1403 826 1569 882 nannum

783 973 913 1044 monade
942 973 1095 1062 sedasse,
1127 972 1214 1066 quia
1248 962 1408 1048 mundris
1442 973 1643 1070 perlonga
1674 972 1807 1046 mula
1842 969 1955 1045 coluit

784 1092 887 1167 idola.
914 1091 985 1166 Sed
1010 1091 1210 1167 notandum
1238 1093 1337 1187 quod
1361 1092 1545 1169 difficilius
1575 1099 1613 1169 et
1646 1091 1863 1168 laudabilius
1888 1091 1956 1166 iuit

783 1213 976 1289 Benedictc
1002 1231 1179 1288 revocare
1204 1213 1292 1289 istos
1316 1235 1339 1290 a
1365 1215 1467 1289 cultu
1494 1213 1678 1310 Apollinis,
1711 1213 1798 1307 quia
1829 1211 1955 1306 llpnllo

785 1333 967 1427 potissime
991 1330 1182 1405 colebatur
1212 1333 1310 1428 apud
1341 1333 1507 1430 gentiles,
1538 1333 1625 1428 quia
1657 1332 1824 1408 homines
1854 1330 1955 1406 vide-

784 1452 873 1527 b'ant
887 1451 935 1524 ad
954 1469 1105 1524 sensum
1132 1451 1311 1527 maiorem
1338 1453 1513 1528 virtutem
1532 1461 1569 1530 et
1589 1451 1790 1528 efficaciam
1809 1449 1845 1524 in
1866 1448 1954 1542 sole,

784 1593 896 1666 quam
926 1571 964 1644 in
989 1570 1113 1664 aliquo
1143 1571 1299 1666 planeta,
1328 1573 1424 1648 sicut
1457 1579 1647 1648 ostensum
1679 1577 1733 1647 cst
1763 1571 1803 1644 iu
1835 1567 1954 1664 primo

673 1787 676 1793 1
783 1691 941 1787 capitulo
967 1689 1139 1784 paradisi,
1164 1699 1202 1767 et
1226 1692 1312 1766 alibi
1337 1713 1460 1788 saepe,
1481 1694 1524 1768 Bt
1549 1693 1644 1768 bene
1669 1691 1785 1788 patuit
1817 1691 1855 1764 ln
1880 1689 1955 1764 istis

783 1812 847 1907 qui
881 1811 1113 1907 pertinaciter
1146 1819 1324 1888 steterant
1353 1813 1389 1888 ln
1425 1815 1524 1890 cultu
1559 1813 1730 1908 Apollinis
1759 1832 1878 1907 usque
1908 1811 1954 1886 ad

785 1939 930 2028 tempus
954 1932 1147 2027 Benedicti,
1165 1953 1252 2008 cum
1274 1935 1351 2030 jam
1379 1955 1515 2010 nomeu
1532 1927 1568 2027 (¹)
1595 1933 1725 2010 Christi
1751 1940 1848 2010 esset
1873 1931 1955 2006 ulli·

785 2073 858 2148 que
881 2052 1054 2127 diliusum
1081 2061 1119 2129 et
1142 2053 1370 2130 celebratum
1391 2055 1470 2151 J'am
1489 2075 1555 2150 per
1578 2061 1630 2130 tot
1651 2054 1862 2130 centenaria
1887 2074 1956 2128 an·

785 2193 931 2247 norum.
946 2213 995 2226 -
1011 2176 1135 2262 (luced
1161 2174 1227 2250 llic
1263 2174 1481 2250 Benedictus
1518 2175 1690 2250 describit
1722 2175 1757 2247 in
1792 2171 1954 2270 generali

784 2292 873 2368 alios
898 2292 1044 2387 spiritus
1069 2313 1147 2368 suae
1179 2294 1372 2388 societatis,
1397 2294 1542 2370 dicens:
1573 2297 1687 2384 (lussit
1715 2297 1800 2368 olei
1821 2293 1952 2388 amnt,

785 2413 886 2507 idest,
913 2414 1059 2508 spiritus
1079 2415 1251 2490 ardentes
1268 2415 1305 2488 in
1325 2415 1488 2509 caritate,
1512 2420 1597 2510 furo
1617 2417 1692 2490 tutti
1716 2416 1848 2490 nonme
1871 2433 1957 2486 con·

785 2537 974 2628 tenrplomi,
1000 2541 1038 2609 et
1063 2555 1129 2630 per
1153 2555 1382 2630 consequeus
1412 2557 1559 2612 summe
1585 2535 1702 2628 beatl3
1729 2533 1828 2608 unde
1851 2532 1955 2607 dicit:

786 2657 898 2728 moesi
921 2657 959 2727 di
982 2657 1062 2746 quel
1083 2657 1200 2745 coldo,
1219 2655 1364 2749 scilicet,
1382 2655 1504 2730 calore
1521 2655 1680 2751 Spiritus
1700 2653 1825 2747 sancti,
1842 2655 1902 2726 cie
1915 2655 1957 2746 sc

785 2796 913 2848 nascer
938 2779 964 2850 li
984 2779 1071 2869 flori
1093 2798 1112 2850 e
1135 2781 1149 2850 i
1170 2780 1275 2870 fruti
1296 2779 1400 2870 cond,
1427 2777 1513 2870 quia
1539 2775 1674 2852 scilicet
1692 2775 1846 2870 Spiritus
1872 2793 1956 2847 san-

786 2906 869 2971 ctus
892 2897 955 2971 dal
980 2896 1135 2994 gratiam
1161 2905 1375 2993 operantem
1402 2906 1439 2972 et
1464 2905 1735 2992 cooperantem,
1757 2904 1795 2970 et
1819 2895 1870 2968 sic
1895 2892 1957 2968 dat

787 3019 925 3092 liorem
941 3025 978 3092 et
1003 3017 1164 3091 tractum
1196 3019 1290 3094 bene
1318 3019 1566 3114 operantibus,
1592 3019 1639 3092 de
1671 3017 1805 3112 quillus
1823 3014 1957 3122 ¹gratiis

785 3137 924 3210 dictum
949 3144 1004 3211 est
1029 3137 1191 3212 secundo
1216 3138 1375 3232 capitulo
1410 3138 1618 3213 luterni—
1635 3141 1710 3227 (lui.
1742 3137 1807 3211 llic
1840 3136 1957 3210 Bene·

785 3256 904 3332 dictus
928 3256 1092 3332 nominat
1117 3257 1154 3330 in
1184 3257 1327 3353 speciali
1358 3257 1451 3332 duos
1480 3258 1628 3353 spiritus
1657 3256 1957 3352 contemplativos

785 3383 823 3454 et
847 3398 933 3452 suos
958 3379 1158 3452 monachos
1188 3380 1224 3451 in
1257 3377 1432 3476 generali.
1459 3379 1513 3454 Ad
1544 3379 1652 3454 cuius
1683 3377 1955 3473 intelligentiam

786 3505 842 3574 est
866 3497 1129 3593 praesciendum
1157 3498 1256 3592 quod
1282 3499 1375 3572 sicut
1396 3499 1567 3572 scribitur
1586 3499 1621 3572 in
1644 3497 1726 3572 vitis
1742 3489 1777 3590 (²)
1798 3505 1958 3592 patrum,

786 3639 899 3714 quem
925 3617 1058 3691 dicitur
1083 3617 1211 3692 iecisse
1236 3618 1493 3715 Hieronymus,
1511 3618 1691 3693 Macarius
1715 3616 1783 3692 luit
1807 3615 1959 3691 sanctis·

787 3737 902 3814 simus
927 3739 1105 3814 heremita
1131 3739 1193 3833 qui
1210 3747 1280 3814 etc.
1306 3740 1532 3815 llcmualdus
1557 3753 1647 3815 vero
1672 3738 1740 3814 luit
1760 3744 1828 3813 etc.
1854 3738 1959 3812 Nunc

786 3859 833 3934 ad
851 3860 1005 3953 literam,
1019 3860 1104 3935 dicit
1124 3859 1360 3934 Benedictus:
1379 3863 1456 3954 Qui,
1473 3861 1621 3952 scillcet,
1635 3859 1671 3932 iu
1695 3859 1764 3932 istc
1785 3859 1955 3951 Saturno,

785 3975 990 4053 tuamne
1005 3971 1054 4073 (³),
1081 3983 1141 4072 ptri
1173 3999 1239 4052 son
1270 3983 1296 4052 li
1321 3981 1412 4074 frati
1436 3983 1527 4070 miei,
1559 3979 1706 4074 scilicet,
1733 3979 1847 4054 sancti
1877 3999 1957 4050 mo-

789 4099 894 4174 nachi
919 4099 1202 4196 contemplativi,
1228 4101 1288 4172 cde
1309 4104 1448 4194 [armar
1473 4103 1498 4173 li
1519 4102 1625 4192 piedi,
1659 4099 1763 4193 idest,
1794 4095 1958 4173 allectio·

789 4241 853 4295 ues
870 4241 954 4315 quae
970 4228 1055 4294 sunt
1071 4219 1119 4295 de
1134 4239 1175 4296 se
1191 4239 1306 4317 vage,
1325 4242 1343 4292 e
1364 4228 1507 4294 tenuero
1523 4223 1551 4294 il
1566 4241 1652 4295 cuor
1671 4222 1788 4312 solco,
1809 4217 1958 4309 scilicet,

789 4341 1056 4436 perseverando
1068 4341 1105 4414 iu
1118 4342 1303 4437 proposito
1320 4349 1455 4416 sancte
1469 4341 1794 4436 contemplationis,
1810 4345 1959 4434 propter

787 4461 885 4557 quod
911 4467 996 4536 suut
1021 4461 1168 4536 exaltati
1194 4461 1240 4535 ad
1266 4461 1371 4536 islam
1400 4462 1627 4537 altitudinem
1657 4459 1897 4536 beatitudinis
1916 4459 1960 4534 Bt

787 4583 891 4657 dicit:
917 4585 1041 4655 doutm
1066 4586 1104 4655 oi
1127 4584 1282 4674 clliostri,
1305 4601 1377 4656 non
1395 4581 1563 4678 vagando
1583 4581 1630 4658 ad
1650 4582 1768 4656 aliena
1786 4581 1878 4673 loca,
1901 4579 1959 4652 vel

851 4816 877 4873 Γ)
895 4813 925 4862 li.
943 4827 1037 4863 noman
1052 4815 1114 4865 lesu
1131 4814 1224 4866 Clrrlsti
1242 4814 1348 4879 gloriosi
1365 4820 1441 4863 essct.

851 4887 879 4949 (¹)
895 4889 925 4937 Ε.
943 4889 968 4938 ln
985 4889 1043 4940 ritis
1058 4898 1208 4942 sanctorum
1226 4897 1338 4955 patrum,
1356 4902 1434 4956 quem
1452 4889 1548 4941 librum
1565 4891 1663 4942 dicitur
1678 4888 1777 4940 locine.

852 4964 880 5026 l'l
895 4965 925 5014 B·
943 4966 1067 5026 ttoeorto,
1083 4971 1129 5033 pul
1143 4972 1156 5017 l
1172 4969 1317 5035 ltomooldo,
1334 4975 1360 5020 et
1377 4967 1452 5018 dicit:
1469 4967 1574 5031 quinon
1590 4967 1690 5030 lisroti
1705 4965 1773 5015 maai.
