4842 6642
799 812 870 881 366
1189 826 1393 883 counnruu
1420 826 1587 882 nannum

798 974 978 1047 Construe
1006 972 1057 1047 sic
1089 972 1255 1047 literam:
1287 978 1320 1046 E
1351 976 1470 1047 oid’r'o
1502 975 1537 1045 lo
1567 974 1745 1045 eororam
1776 974 1976 1065 splendore,

690 1133 694 1141 ·
798 1092 944 1185 scilicet,
970 1092 1185 1186 iohannem,
1213 1093 1277 1187 qui
1304 1093 1355 1167 ita
1381 1093 1552 1167 eluxerat
1577 1098 1615 1167 et
1639 1091 1886 1187 splenduerat,
1917 1112 1977 1165 oe-

797 1216 875 1286 m‘re
900 1215 937 1285 oi
960 1214 1038 1305 due,
1068 1212 1216 1306 scilicet,
1241 1213 1290 1287 ad
1315 1214 1469 1288 Petrum
1495 1219 1534 1288 et
1558 1211 1750 1307 Iacobum,
1776 1215 1836 1287 clre
1853 1216 1886 1286 si
1903 1215 1977 1287 oot-

792 1334 913 1424 'oemro
934 1334 1095 1422 cnuto,
1109 1331 1213 1427 idest,
1230 1333 1479 1427 circulariter3
1496 1339 1535 1408 et
1553 1332 1660 1407 dicit:
1678 1336 1763 1424 quot
1777 1335 1978 1406 concenturi

800 1457 839 1527 ct
853 1456 931 1528 loro
945 1456 1090 1527 ardente
1102 1474 1238 1544 amore,
1252 1454 1355 1548 quasi
1376 1454 1490 1529 dicat:
1511 1460 1584 1527 tam
1606 1453 1724 1528 veloci
1743 1459 1860 1547 motu,
1882 1472 1977 1546 qua·

801 1575 871 1649 lem
899 1573 1012 1671 exigit
1037 1574 1148 1647 ardor
1173 1575 1334 1649 caritatis
1360 1596 1504 1651 eorum.
1531 1576 1575 1649 lit
1595 1574 1667 1649 vidi
1685 1575 1888 1650 lobanuem
1908 1576 1976 1649 boc

801 1695 933 1789 lacere,
947 1688 1017 1769 cosi
1029 1716 1125 1783 come
1137 1699 1279 1799 ocrptne
1294 1699 1375 1769 licto
1390 1718 1509 1787 serpo,
1523 1719 1542 1770 c
1557 1717 1616 1788 oa,
1630 1699 1675 1771 ed
1686 1704 1789 1771 endo
1802 1700 1842 1770 tn
1861 1698 1974 1790 bollo,

801 1822 838 1891 et
863 1815 960 1910 dicit,
994 1819 1051 1889 rot
1073 1836 1141 1909 per
1167 1820 1233 1910 scr
1257 1838 1368 1892 onore
1396 1821 1470 1891 cllo
1499 1820 1654 1907 nooizr'o,
1689 1816 1792 1911 idest,
1822 1836 1975 1912 sponsae,

801 1955 886 2031 quae
912 1936 1055 2011 noviter
1081 1944 1136 2011 est
1162 1943 1274 2033 nupta
1300 1938 1392 2031 viro,
1417 1958 1489 2012 non
1518 1959 1585 2030 por
1615 1941 1720 2011 abun
1751 1940 1857 2031 sollo,
1888 1937 1974 2031 quia

800 2056 936 2131 scilicet
963 2076 1036 2131 uon
1060 2078 1190 2132 amore
1213 2050 1425 2150 ‚luxurtaedl
1447 2059 1504 2133 vel
1525 2078 1640 2151 vano;
1657 2064 1696 2131 et
1715 2063 1883 2132 notanter
1905 2058 1975 2131 boc

801 2177 901 2271 dixit,
928 2178 1014 2272 quia
1041 2178 1147 2252 aliter
1172 2177 1398 2273 comparatio
1427 2198 1500 2253 non
1534 2178 1659 2252 luisset
1694 2179 1852 2274 propria,
1890 2196 1976 2271 qure

802 2303 924 2372 tamen
950 2305 1004 2373 est
1030 2298 1292 2394 propriissime.
1311 2299 1508 2393 Comparat
1532 2298 1630 2373 enim
1657 2297 1862 2372 iohannem
1888 2298 1971 2369 Vir·

800 2417 887 2514 gini,
913 2418 976 2512 qui
1006 2425 1044 2493 et
1070 2419 1145 2515 ipse
1179 2419 1284 2517 virgo
1310 2419 1389 2513 luit,
1417 2410 1568 2511 undol¹l
1597 2418 1761 2493 Christus
1787 2418 1972 2516 Virginem

801 2536 937 2634 Virgini
955 2538 1239 2633 commendarit,
1260 2539 1364 2635 idest,
1386 2539 1537 2615 llariam
1555 2538 1721 2632 lobanni,
1738 2538 1833 2613 sicut
1852 2538 1972 2613 statim

801 2657 964 2753 dicetur;
990 2666 1028 2734 et
1052 2659 1146 2733 sicut
1171 2660 1276 2756 virgo
1307 2660 1466 2735 iormosa
1499 2660 1581 2733 laete
1615 2665 1653 2733 et
1683 2660 1835 2733 honeste
1867 2658 1977 2733 intrat

806 2778 1017 2874 tripudium,
1054 2779 1103 2853 ita
1137 2780 1260 2855 anima
1293 2779 1475 2854 luminosa
1501 2768 1794 2875 Evangelistrel³)
1827 2777 1977 2852 intravit

803 2898 1079 2975 circulationem
1099 2900 1361 2995 apostolorum.
1377 2940 1426 2953 -
1439 2902 1567 2973 llr'sest
1581 2900 1647 2973 llic
1672 2905 1783 2999 autor
1807 2896 1978 2972 describit

804 3025 929 3092 actum
960 3019 1132 3093 lobannis
1164 3027 1201 3094 et
1230 3020 1417 3113 Beatricis,
1448 3019 1590 3094 dicens:
1620 3027 1658 3094 et
1691 3017 1751 3093 ille
1782 3017 1978 3111 lohannes,

806 3140 922 3212 miseri
947 3131 972 3211 ti
996 3143 1053 3213 nel
1076 3148 1179 3213 conto
1204 3162 1223 3213 e
1246 3144 1340 3214 nella
1364 3147 1462 3234 notu,
1490 3140 1593 3233 idest,
1619 3140 1729 3235 ooepit
1753 3140 1863 3214 simul
1896 3139 1979 3213 dul·

807 3258 898 3335 citer
923 3280 1057 3335 canere
1082 3281 1168 3335 cum
1195 3262 1384 3357 predictis.
1415 3262 1460 3335 m
1489 3261 1594 3335 dicit:
1626 3283 1646 3333 e
1676 3263 1713 3334 ln
1742 3265 1814 3335 ntia
1841 3262 1977 3351 donna,

805 3378 951 3474 scilicet,
978 3381 1136 3476 Beatrix,
1163 3390 1261 3456 moro
1281 3386 1448 3475 tcrpctto
1471 3385 1510 3455 in
1534 3385 1614 3474 lor;
1638 3387 1676 3455 et
1701 3380 1786 3455 dicit
1809 3403 1832 3456 a
1858 3380 1977 3475 simili,

781 3520 872 3594 ¹pro
898 3522 994 3575 come
1017 3522 1124 3595 sporo
1144 3506 1249 3577 tacito
1265 3512 1299 3578 ct
1311 3507 1469 3594 immoto,
1486 3501 1590 3597 idest,
1608 3522 1692 3596 quae
1710 3523 1782 3576 uon
1800 3502 1976 3597 loquitur,

805 3640 927 3714 neque
945 3630 1137 3718 movetur3
1151 3644 1217 3719 per
1231 3624 1330 3718 quod
1347 3624 1464 3697 innuit
1480 3630 1590 3697 autor
1607 3623 1707 3717 quod
1723 3622 1796 3698 lixe
1811 3631 1979 3699 oontem-
2060 3610 2064 3615 ’

804 3742 975 3838 piabatur
999 3766 1063 3819 eos
1090 3752 1265 3840 tanquam
1294 3751 1369 3820 tres
1395 3744 1586 3840 principes,
1606 3743 1643 3816 in
1665 3744 1799 3838 quibus
1816 3745 1978 3819 maxime

805 3861 919 3959 viguit
937 3863 1067 3959 triplex
1085 3865 1201 3939 virtus
1219 3864 1351 3939 divina.
1365 3904 1414 3917 -
1432 3867 1556 3953 oroertt.
1574 3863 1639 3937 llic
1656 3862 1804 3937 Beatrix
1822 3863 1977 3940 manile-

805 3989 875 4057 stat
895 3982 1000 4057 Danti
1022 3985 1120 4060 bunc
1146 3970 1226 4060 esse
1251 3984 1466 4077 lobaunem,
1485 4002 1598 4077 quem
1617 3982 1788 4058 describit
1812 4005 1879 4080 per
1902 3985 1978 4059 duo

805 4100 929 4198 signa3
955 4104 1074 4199 primo
1096 4104 1181 4199 quia
1200 4103 1372 4179 recubuit
1388 4124 1501 4199 supra
1517 4111 1645 4199 pectus
1661 4103 1816 4199 Domini,
1834 4104 1976 4179 dicens:

811 4227 936 4315 (inerti,
950 4224 1085 4301 scilicet
1098 4226 1303 4301 luminosus
1316 4225 1474 4321 spiritus,
1487 4221 1620 4317 e'colur',
1636 4224 1782 4319 scilicet,
1796 4225 1979 4301 Jobauues

805 4346 1040 4442 evangelista,
1061 4350 1121 4421 cto
1137 4351 1296 4440 pinoque,
1316 4346 1407 4421 idest
1423 4333 1473 4439 (⁸),
1490 4344 1554 4439 qni
1571 4345 1782 4419 obdormuit
1800 4345 1837 4419 iu
1857 4365 1976 4440 ooena,

804 4487 915 4559 roprc
939 4470 965 4541 'l
985 4474 1077 4560 petto
1102 4470 1160 4541 dcl
1186 4476 1309 4542 norbo
1333 4470 1523 4559 Polttcono,
1553 4465 1645 4541 idest
1658 4460 1709 4559 (³),
1741 4464 1883 4560 Christi,
1913 4466 1976 4561 qui

867 4732 893 4791 (¹)
914 4730 941 4781 tt.
959 4732 1055 4783 lascivo
1071 4733 1111 4783 rel
1129 4746 1204 4783 runo.

867 4806 943 4871 (¹113.
959 4809 1028 4860 unde
1045 4810 1171 4862 Dominus
1186 4814 1275 4860 norler
1289 4808 1365 4859 lesus
1380 4812 1492 4858 nauem
1508 4821 1581 4859 ruam
1598 4809 1733 4873 ruginem.
1975 4848 1978 4857 .

866 4882 894 4944 (⁸)
911 4882 942 4934 lt.
957 4883 1064 4937 Jorums
1078 4885 1251 4950 evangelista.
1448 4881 1476 4945 (⁸)
1492 4883 1523 4933 ll.
1539 4883 1613 4945 idest,
1628 4884 1674 4948 qni
1690 4883 1812 4935 dormivit
1826 4882 1854 4933 ic
1868 4894 1951 4939 cmm.

867 4961 893 5022 (Ἴ
910 4960 941 5011 Ε.
957 4961 1065 5023 scillcet,
1082 4962 1144 5014 Jeru
1159 4962 1254 5015 cbrixtl
1270 4961 1374 5011 liomlul
1391 4958 1483 5021 nostri,
1498 4960 1552 5025 qui.
1913 4973 1916 4977 ·
