4842 6642
835 856 973 913 CANTUS
998 854 1155 913 DECIMUS
1179 854 1309 912 donus.
1581 845 1650 911 251

483 1002 673 1097 llaioricae,
698 1024 718 1075 c
741 1000 800 1077 det
813 1004 969 1097 fratello,
988 1003 1134 1096 scilicet,
1152 998 1289 1077 domini
1307 998 1432 1076 iacobi
1452 1002 1548 1097 regis
1565 1005 1655 1075 dra·

479 1123 608 1219 goniae.
635 1120 679 1197 nt
704 1120 829 1197 dicunt
852 1118 976 1217 aliqui,
1003 1122 1101 1217 quod
1128 1121 1270 1219 primus
1291 1122 1513 1197 renuntiavit
1539 1140 1655 1218 regno
1752 1125 1757 1137 '

481 1243 626 1337 Siciliae3
652 1244 745 1317 alter
773 1262 862 1317 vero
888 1244 1051 1338 permisit
1085 1244 1151 1317 sibi
1184 1242 1323 1317 auferri
1355 1262 1464 1317 suam
1496 1241 1652 1317 insulam

479 1382 501 1437 a
528 1362 640 1437 iratre
666 1384 734 1437 suo
760 1364 879 1455 Petro,
907 1364 968 1457 qui
998 1372 1121 1438 tamen
1147 1369 1273 1458 postea
1294 1362 1455 1437 restituit
1471 1382 1556 1437 eam
1574 1360 1652 1436 sibi.

480 1476 580 1555 Unde
609 1480 714 1557 dicit:
740 1484 800 1557 cite
823 1484 896 1555 iton
923 1488 1013 1577 sotto
1038 1484 1158 1575 bozze,
1190 1482 1293 1575 idest,
1322 1482 1521 1577 bastardus,
1554 1490 1654 1556 tuoto

480 1604 621 1695 sorapin
647 1606 812 1695 nacione,
835 1602 937 1698 idest,
955 1620 1172 1700 generosam
1192 1604 1411 1699 prosapiam,
1429 1602 1476 1677 de
1493 1624 1566 1698 qua
1584 1603 1654 1677 luit

480 1722 541 1797 ille
565 1720 696 1796 Petrus
720 1742 911 1796 armorum
938 1719 1224 1818 strenuissimus,
1249 1744 1269 1797 e
1292 1722 1360 1797 due
1386 1744 1530 1814 corona,
1555 1722 1652 1797 scili·

481 1848 550 1937 cat,
576 1844 707 1937 scripta
735 1849 772 1916 et
804 1843 1030 1918 manifestata
1064 1845 1099 1916 in
1133 1852 1418 1939 prememorato
1450 1844 1544 1919 libro
1577 1844 1652 1937 Dei,

481 1964 615 2039 scilicet
641 1984 800 2059 regnum
824 1964 1018 2060 dragoniae
1044 1972 1082 2039 et
1107 1966 1297 2059 Maioricae,
1312 1951 1502 2058 purranuo
1526 1986 1551 2036 ο
1575 1968 1650 2037 οό-

480 2104 597 2159 suum.
611 2124 660 2137 -
673 2090 706 2157 Ε
719 2088 806 2176 quet.
825 2080 890 2157 llic
906 2082 1029 2179 aquila
1047 2085 1182 2181 colligit
1199 2091 1275 2159 tres
1294 2106 1401 2182 reges
1418 2085 1539 2177 simul,
1559 2104 1654 2178 quo-

482 2224 565 2277 rnm
591 2203 684 2277 duos
709 2202 880 2278 describit
900 2204 1121 2301 simpliciter,
1139 2204 1291 2278 tertium
1310 2224 1399 2279 vero
1415 2204 1587 2279 describit
1606 2204 1654 2279 ab

478 2324 602 2399 inlami
631 2322 766 2398 vilitate
791 2324 972 2419 quadam,
992 2324 1089 2399 unde
1111 2325 1216 2399 dicit:
1236 2328 1360 2416 Eque!
1375 2328 1413 2397 di
1431 2328 1652 2415 Portopnito,

480 2445 626 2539 scilicet,
652 2466 738 2539 rex3
765 2451 820 2519 est
845 2445 943 2519 enim
970 2446 1102 2519 Portus
1126 2446 1248 2541 gallus
1275 2466 1391 2517 unum
1416 2446 1463 2519 de
1488 2446 1653 2539 quinque

481 2566 602 2663 regnis
635 2566 825 2661 Hispania,
859 2588 879 2639 ο
909 2570 947 2639 di
978 2568 1168 2659 Noroepio,
1203 2566 1306 2660 idest,
1341 2586 1406 2640 rex
1437 2565 1650 2661 Norvegiae3

479 2692 534 2761 est
559 2687 657 2761 enim
683 2687 865 2784 Norregia
892 2687 995 2783 regio
1024 2686 1059 2759 in
1092 2686 1353 2781 septemtrione
1382 2686 1418 2758 in
1448 2694 1552 2781 parte
1587 2685 1651 2758 iri·

480 2808 663 2905 gidissima
689 2807 806 2881 vicina
834 2810 1086 2900 tramontanae,
1114 2806 1176 2881 ubi
1209 2811 1294 2879 sunt
1318 2806 1396 2879 dies
1425 2806 1650 2899 brevissimi3

478 2927 624 3003 atinde
652 2926 803 3001 veniunt
829 2922 914 3001 boni
945 2924 1114 3021 ialcoues,
1139 2928 1171 2999 si
1194 2946 1457 3000 conosceronno
1482 2918 1520 3017 tt,
1547 2926 1649 3021 idest,

479 3048 515 3120 in
529 3052 814 3142 prememorato
832 3047 925 3121 libro
938 3044 1018 3140 Dei3
1037 3046 1142 3139 quasi
1155 3046 1271 3121 dicat:
1292 3047 1402 3122 etiam
1421 3048 1650 3142 apparebunt

477 3167 594 3240 vilitas
620 3172 657 3241 et
681 3167 835 3240 avaritia
860 3186 1005 3257 eorum,
1033 3166 1091 3237 ibi.
1124 3164 1169 3239 lit
1198 3166 1338 3240 subdit:
1365 3187 1384 3239 e
1407 3169 1487 3257 raet
1513 3169 1552 3239 di
1575 3171 1650 3239 lta·

476 3289 562 3377 rn'o,
588 3286 727 3382 supple,
758 3286 852 3361 bene
886 3294 1129 3383 cognoscetur
1159 3284 1195 3358 in
1224 3286 1286 3360 ilio
1318 3287 1422 3380 libro,
1459 3294 1647 3381 tamquam

476 3401 582 3481 vilior
607 3414 644 3482 et
668 3407 816 3481 avarior
841 3406 1037 3501 praedictis3
1064 3406 1162 3499 quod
1188 3407 1319 3503 probat
1335 3426 1402 3502 per
1425 3406 1650 3481 evidentissi-

329 3552 333 3558 ·
477 3546 578 3602 mum
600 3528 744 3624 signum
763 3534 941 3601 extremae
957 3526 1099 3599 vilitatis
1117 3526 1292 3619 avaritiae,
1310 3525 1452 3601 dicens:
1478 3528 1538 3598 cle
1559 3530 1650 3600 mate

476 3641 674 3739 oppiurtd't
696 3651 796 3721 conio
822 3650 859 3721 dt
892 3650 1043 3737 Viuept'o.
1079 3648 1155 3721 Hoc
1192 3647 1277 3722 dicit
1315 3647 1401 3741 quia
1435 3646 1649 3721 laisilicabat

475 3766 638 3862 ducams,
666 3788 759 3861 quos
783 3763 882 3841 cudit
896 3758 932 3858 (¹)
958 3764 1177 3841 nobilissima
1196 3767 1322 3841 civitas
1340 3766 1649 3841 venetiarum.-

481 3891 511 3961 0
536 3889 647 3961 beato.
674 3889 738 3961 Hic
764 3888 885 3982 aquila
910 3887 1080 3963 describit
1105 3886 1180 3961 duo
1199 3907 1324 3983 regna,
1342 3886 1477 3960 scilicet
1497 3889 1647 3983 ilunga-

477 4004 542 4083 rite
566 4016 603 4083 et
629 4008 813 4102 Navarrae,
840 4028 1001 4102 quorum
1029 4007 1191 4103 primum
1219 4008 1372 4081 vacabat
1397 4026 1462 4102 per
1489 4013 1645 4081 mortem

476 4127 641 4225 Andreae,
660 4124 721 4222 qui
741 4129 808 4203 init
825 4124 920 4203 lilius
937 4128 1054 4203 Caroli
1073 4122 1236 4220 Martelli,
1253 4127 1300 4202 de
1321 4146 1396 4220 quo
1415 4128 1532 4200 multa
1552 4126 1645 4202 dicta

475 4256 560 4323 sunt
592 4270 703 4344 supra
737 4246 897 4344 capitulo
922 4248 970 4321 lil
996 4244 1106 4321 buius
1137 4246 1316 4340 Paradisi3
1351 4246 1433 4320 ideo
1463 4246 1568 4321 dicit:
1601 4254 1644 4340 0,

474 4362 577 4463 ldest,
602 4368 695 4463 dico,
721 4371 822 4443 beato
851 4370 1037 4461 Unpbert'o,
1057 4375 1227 4463 respectu
1248 4369 1407 4442 aliorum
1429 4387 1645 4463 regnorum,

472 4508 509 4561 re
533 4508 605 4561 οοο
634 4492 666 4563 si
691 4492 801 4563 loscio
826 4485 888 4583 piri
919 4492 1147 4582 maturrume,
1182 4488 1377 4582 sciliceta
1412 4506 1502 4584 rege
1536 4507 1646 4581 novo,

473 4607 576 4701 quasi
603 4608 718 4683 dicat:
749 4608 877 4685 sinon
904 4609 1060 4704 peiorat3
1088 4615 1124 4683 et
1149 4608 1254 4682 dicit:
1281 4629 1303 4681 ο
1328 4608 1429 4681 beata
1461 4613 1646 4698 Navarra,

474 4728 559 4821 quia
586 4736 673 4805 tunc
699 4730 847 4803 carebat
866 4748 974 4824 rege3
995 4728 1057 4803 sed
1075 4728 1160 4822 quia
1179 4728 1364 4803 recidebat
1380 4734 1469 4802 tunc
1487 4748 1644 4825 regnum

1275 4896 1435 4905 -——--.

536 4987 565 5051 (¹)
581 4988 607 5037 S.
623 4988 720 5039 condit.
