4842 6642
773 777 915 834 murus
937 779 1156 836 rmursmus
1178 778 1341 834 ruamus.
1570 764 1639 832 sut

471 925 558 1001 dicit
581 926 682 1021 quud
702 925 878 1000 minimus
892 930 1052 1021 punctus
1070 925 1181 1000 buius
1200 925 1338 1000 inducit
1357 923 1424 998 sibi
1442 923 1640 998 maximam

471 1045 693 1123 oblivionem
720 1067 833 1142 quam
860 1045 1017 1142 explicat
1043 1067 1110 1142 per
1134 1067 1250 1122 unam
1271 1045 1441 1121 subtilem
1466 1052 1503 1120 et
1528 1042 1644 1119 artili-

471 1166 609 1242 ciosam
634 1167 959 1264 comparationem.
977 1166 1032 1241 dd
1054 1167 1160 1242 cuius
1180 1165 1453 1263 intelligentiam
1472 1172 1528 1240 est
1548 1185 1643 1260 prae·

474 1285 688 1380 notandum,
706 1287 817 1383 quod,
835 1286 931 1362 sicut
953 1286 1078 1362 scribit
1094 1287 1209 1363 bures
1226 1285 1405 1382 Phrygius
1429 1283 1467 1359 in
1492 1282 1640 1358 historia

474 1405 630 1501 troiana,
643 1406 732 1481 olim
757 1406 796 1481 in
819 1405 961 1482 Graecia
985 1406 1022 1481 in
1047 1405 1233 1502 provincia
1256 1403 1447 1480 Thessaliae
1473 1403 1541 1478 luit
1561 1402 1644 1497 qui-

474 1525 560 1600 dam
583 1545 649 1601 rex
669 1525 817 1602 nomine
833 1533 903 1601 etc.
920 1525 1027 1600 blodo
1043 1527 1091 1601 ad
1110 1525 1336 1622 propositum
1354 1529 1472 1620 poetae
1489 1521 1644 1620 tingunt

476 1645 570 1721 sicut
595 1646 723 1742 pulcre
745 1644 968 1722 Claudianus
993 1646 1030 1721 iu
1055 1647 1201 1741 minori,
1219 1646 1317 1740 quod
1337 1646 1528 1741 Neptunus
1547 1643 1645 1718 Deus

478 1765 600 1859 muris,
618 1764 696 1840 risa
722 1785 765 1840 re
788 1785 980 1860 nunquam
1007 1765 1096 1860 risa,
1113 1767 1220 1841 aliter
1245 1785 1313 1841 nec
1339 1763 1488 1858 credita,
1507 1769 1644 1838 tantam

477 1884 759 1961 admirationem
777 1885 954 1981 concepit,
972 1885 1071 1981 quod
1091 1906 1246 1962 currens
1262 1906 1286 1960 a
1305 1905 1416 1981 prora
1432 1884 1479 1959 ad
1496 1883 1645 1979 puppim

479 2026 553 2082 non
570 2012 716 2103 poterat
739 2006 863 2082 satiari
880 2012 949 2082 etc.
970 2008 1075 2082 Nunc
1099 2006 1146 2082 ad
1171 2007 1315 2081 literam
1336 2004 1421 2082 dicit
1442 2011 1569 2079 autor:
1592 2009 1644 2078 llo

473 2131 583 2218 prosto
599 2129 689 2218 solo,
707 2125 808 2221 idest,
823 2146 897 2201 una
915 2127 1067 2202 minima
1084 2126 1263 2223 particula
1281 2131 1408 2202 re'rum
1427 2125 1646 2218 divinarum,

478 2240 559 2319 nr'e'
580 2248 745 2336 mopprbr
769 2249 919 2340 leturpo,
940 2245 1042 2340 idest,
1069 2246 1187 2321 maior
1213 2244 1405 2322 infirmitas
1434 2244 1646 2338 memorioe3

477 2371 533 2440 est
557 2364 656 2440 enim
683 2365 878 2462 letargum,
901 2371 944 2441 ut
968 2365 1118 2441 tradunt
1133 2366 1342 2462 Hippocras,
1360 2365 1544 2458 Gaiienus,
1561 2363 1648 2438 dvi-

477 2503 594 2560 cenna
620 2489 658 2560 et
682 2485 743 2560 alii
763 2486 911 2582 physici,
926 2487 1112 2583 oppressio
1132 2485 1273 2562 cerebri
1296 2507 1382 2561 cum
1410 2485 1591 2561 oblivione
1612 2491 1650 2560 et

479 2603 654 2679 continuo
678 2624 821 2700 somno,
846 2607 952 2700 quasi
977 2606 1092 2682 dicat:
1114 2607 1198 2702 plus
1223 2627 1285 2682 me
1308 2605 1403 2702 sopit
1427 2613 1464 2682 et
1488 2623 1650 2680 smemo-

479 2730 549 2818 rat,
574 2725 634 2798 cte
659 2727 870 2820 cuntosque
898 2729 1016 2819 secut,
1046 2726 1148 2822 idest,
1180 2726 1495 2824 vigintiquinque
1525 2732 1651 2801 cente-

480 2843 583 2920 naria
607 2865 813 2942 annorum3
831 2854 886 2923 tot
902 2848 1000 2923 enim
1024 2853 1319 2923 transcurrerant
1335 2852 1530 2942 postquam
1557 2845 1650 2921 lacta

480 2973 536 3040 ert
560 2965 621 3039 illa
646 2986 780 3064 magm
805 2967 930 3062 uaris3
956 2971 1017 3044 ott
1029 2973 1183 3062 impr-ero
1207 2970 1269 3042 cte
1287 2971 1325 3062 se
1349 2971 1496 3044 Nettuuo
1525 2969 1652 3041 ommi·

480 3105 549 3158 ror
581 3087 605 3160 t
616 3087 743 3162 cantra
771 3090 925 3182 d'drpo,
956 3081 1058 3184 idest,
1090 3089 1219 3185 primo
1254 3087 1366 3163 navis.
1401 3089 1445 3163 Et
1475 3086 1533 3162 bic
1567 3091 1651 3161 nota

480 3205 667 3300 quomodo
692 3207 759 3282 ista
784 3209 1011 3304 comparatio
1037 3208 1286 3305 propriissime
1307 3206 1478 3303 exprimit
1494 3205 1654 3281 admira-

480 3324 619 3400 tionem
635 3327 883 3404 autoris.llult
900 3329 1000 3404 enim
1013 3328 1137 3404 dicere
1150 3328 1250 3424 quod
1267 3327 1334 3404 luit
1351 3327 1401 3402 ita
1419 3326 1653 3422 stupetactus,

480 3445 559 3521 risa
584 3445 645 3522 illa
669 3448 829 3524 mirabili
854 3449 972 3526 turma
991 3471 1087 3526 nova
1108 3449 1224 3525 oculis
1245 3449 1332 3543 suis,
1352 3447 1446 3523 sicut
1462 3449 1653 3544 Neptunus

347 3569 350 3576 ’
480 3563 568 3639 olim
595 3567 744 3660 quando
770 3567 859 3643 vidit
883 3589 988 3644 mare
1017 3569 1194 3666 navigare
1227 3588 1383 3665 regnum
1416 3588 1539 3662 suum,
1566 3567 1652 3663 quia

482 3704 557 3759 non
582 3692 726 3780 poterat
750 3687 946 3784 imaginari
971 3708 1047 3783 quo
1071 3689 1230 3786 ingenio,
1256 3688 1454 3764 subtilitate
1485 3687 1544 3763 vel
1571 3694 1653 3764 arte

481 3809 579 3880 esset
610 3804 705 3881 lacta
742 3806 822 3882 talis
853 3807 1002 3903 lubrica,
1033 3814 1071 3883 et
1094 3828 1161 3904 per
1190 3829 1296 3884 mare
1323 3807 1516 3883 incolumis
1540 3808 1654 3883 duce-

483 3930 607 3998 retur:
633 3925 693 4000 vel
726 3945 801 4002 non
830 3933 974 4022 poterat
1003 3928 1090 4002 satis
1120 3927 1247 4002 mirari
1278 3932 1315 4002 et
1342 3926 1463 4002 adbuc
1496 3925 1652 4001 miratur

363 4079 367 4086 «
483 4049 564 4138 pust
589 4051 643 4119 tot
668 4046 779 4122 millia
802 4068 999 4144 annorum,
1020 4069 1097 4144 quo
1116 4048 1282 4124 homines
1303 4052 1554 4143 exposuerunt
1572 4047 1652 4123 uni·

484 4183 564 4238 mas
588 4186 675 4240 suas
700 4173 776 4242 tam
803 4168 996 4244 manifesto
1020 4168 1195 4265 periculo,
1220 4167 1314 4244 sicut
1339 4169 1499 4244 clamant
1524 4189 1653 4243 omnes

483 4289 645 4379 autores,
663 4293 701 4361 et
721 4288 849 4382 pulcre
873 4289 1012 4364 Seneca
1029 4288 1123 4364 libro
1140 4288 1418 4386 tragoediarum.
1437 4288 1482 4362 ltt
1498 4287 1654 4384 applicat

482 4411 594 4480 antor
618 4405 752 4482 dictam
778 4409 1088 4504 comparationem
1114 4408 1162 4485 ad
1187 4409 1426 4507 propositum,
1453 4409 1595 4484 dicens:
1618 4411 1654 4483 ta

482 4532 593 4600 moro
616 4529 689 4600 orio
706 4534 791 4602 uuo
806 4549 963 4623 sospeso,
983 4530 1146 4607 novitate
1167 4531 1223 4608 rei
1240 4537 1314 4606 tam
1336 4529 1568 4623 admirabilis,
1586 4533 1664 4606 nu.

481 4666 576 4720 ruoo
595 4648 697 4739 fisso,
709 4650 883 4724 immobile
904 4657 939 4724 et
960 4657 1104 4744 mcum,
1122 4653 1172 4727 ita
1189 4651 1289 4747 quod
1306 4650 1352 4726 ud
1370 4649 1458 4724 nibil
1483 4648 1582 4724 uliud
1599 4649 1655 4724 in-

485 4765 677 4842 tendebat:
703 4774 740 4844 et
763 4770 867 4846 dicit:
885 4791 1057 4865 esempre
1072 4775 1206 4866 soccos
1221 4791 1343 4846 accuso
1365 4772 1403 4846 di
1421 4772 1548 4863 mour,
1569 4770 1654 4865 quia

485 4886 659 4963 continuo
675 4887 941 4967 incendebatur
957 4890 995 4967 in
1011 4890 1231 4966 desiderium
1250 4889 1392 4966 videndi
1418 4895 1455 4965 et
1480 4889 1651 4984 mirandi;
