4842 6642
771 829 911 886 caurus
935 829 1092 886 cacanus
1118 831 1281 884 renatus.
1566 819 1613 886 97

440 973 543 1069 inde;
561 981 600 1049 et
615 973 667 1048 sic
693 981 749 1048 est
773 976 900 1069 pulcra
928 982 964 1050 et
989 975 1136 1071 propria
1157 975 1375 1049 similitudo:
1397 976 1491 1050 sicut
1516 977 1613 1052 enim

439 1095 545 1192 palea
571 1101 653 1188 etc,
680 1098 837 1187 quando,
863 1095 965 1187 idest,
991 1103 1198 1192 postquam,
1219 1099 1242 1169 t'
1254 1117 1327 1169 aaa
1339 1100 1466 1190 paulic
1481 1093 1503 1172 c*
1516 1100 1612 1191 talu,

439 1213 542 1307 idest,
568 1235 643 1288 una
669 1213 836 1308 quaestio,
861 1214 996 1292 scilicet
1022 1215 1140 1311 prima
1175 1222 1232 1291 est
1261 1217 1357 1292 bene
1390 1217 1552 1291 discussa
1578 1225 1615 1291 et

439 1333 693 1427 determinata,
719 1341 754 1407 el
785 1337 926 1426 quando
961 1338 998 1408 lo
1028 1357 1095 1409 sua
1125 1357 1290 1410 semeraza
1321 1332 1342 1411 e*
1372 1328 1434 1429 yid
1464 1341 1614 1429 riposto,

439 1453 543 1548 idest,
568 1460 763 1548 postquam
790 1454 932 1528 lructus
956 1455 1037 1530 eius
1062 1462 1118 1530 est
1142 1455 1227 1530 iude
1251 1455 1404 1550 elicitus,
1430 1456 1518 1550 quia
1544 1455 1614 1530 sci-

439 1574 523 1650 licet
543 1595 589 1650 er
610 1574 671 1648 illo
692 1573 811 1668 primo
831 1573 927 1649 dicto
949 1575 1072 1671 dubio,
1086 1580 1119 1648 rt
1132 1577 1197 1650 den
1215 1579 1450 1670 simonque,
1463 1583 1546 1670 etc,
1559 1583 1614 1651 est

440 1701 627 1770 extractus
645 1701 768 1768 tantus
785 1694 938 1790 lructus,
952 1695 1039 1789 quia
1053 1703 1201 1770 narrata
1216 1704 1273 1769 est
1289 1696 1362 1770 vita
1380 1697 1561 1772 Francisci
1574 1689 1611 1788 (¹)

441 1823 479 1889 et
502 1815 693 1909 llominici,
720 1815 757 1888 iu
783 1815 916 1908 quibus
942 1815 1058 1890 multa
1090 1815 1186 1890 bona
1213 1823 1251 1890 et
1277 1815 1378 1890 utilia
1402 1816 1498 1892 dicta
1528 1826 1615 1892 sunt

442 1935 489 2010 ad
509 1935 825 2010 confirmationem
847 1933 1029 2010 bonorum
1050 1943 1087 2010 et
1103 1936 1396 2011 emendationem
1416 1939 1614 2012 malorum.

440 2095 489 2110 -
507 2061 557 2129 Pu
582 2057 688 2130 medi.
715 2055 780 2130 llic
805 2056 965 2130 Thomas
991 2057 1036 2130 de
1062 2056 1205 2149 Aquino
1231 2055 1383 2132 intendit
1400 2057 1447 2132 ad
1463 2057 1615 2132 solutio·

441 2195 525 2250 nem
552 2175 653 2250 dubii
683 2177 845 2272 secundi,
871 2177 970 2271 quod
996 2177 1158 2252 nascitur
1184 2197 1231 2251 ex
1258 2197 1334 2251 uno
1359 2177 1455 2253 dicto
1480 2179 1611 2254 decimi

439 2295 598 2393 capituli,
626 2297 688 2372 ubi
713 2297 817 2372 dicit:
843 2319 916 2372 non
935 2319 1036 2371 surse
1059 2301 1086 2372 it
1110 2300 1271 2372 secondo.
1295 2298 1394 2394 Ergo
1422 2298 1469 2372 ad
1500 2319 1615 2394 erpo-

440 2415 601 2490 uendum
621 2422 657 2491 et
677 2417 939 2492 declarandum
967 2416 1055 2492 illud
1080 2416 1220 2491 dictum
1244 2416 1476 2513 ambiguum,
1493 2418 1615 2512 primo

429 2535 598 2610 Thomas
624 2537 759 2634 detegit
785 2538 1022 2613 intentionem
1050 2545 1087 2612 et
1112 2537 1320 2632 opinionem
1343 2538 1483 2612 autoris
1500 2559 1612 2632 quam

439 2655 598 2730 habebat
622 2657 668 2732 de
694 2657 755 2731 illo
780 2657 886 2732 dicto.
913 2657 1138 2753 opinabatur
1155 2657 1253 2731 enim
1272 2663 1383 2731 autor
1400 2658 1500 2750 quod
1516 2659 1613 2733 l'ho-

440 2794 521 2849 mas
547 2777 764 2871 loqueretur
788 2777 835 2852 de
860 2777 980 2872 primo
1005 2777 1153 2852 homine
1178 2776 1295 2851 Adam
1309 2769 1360 2881 (ἓ),
1386 2779 1445 2852 vel
1477 2778 1525 2854 de
1554 2801 1613 2855 se-

439 2896 562 2971 cundo
586 2897 722 2972 scilicet
746 2898 889 2973 Christo
904 2889 953 2992 (³),
975 2899 1061 2992 quia
1083 2904 1216 2972 neuter
1241 2897 1395 2972 istorum
1418 2897 1612 2973 ridebatur

441 3016 611 3092 habuisse
629 3039 774 3113 parem;
793 3027 832 3093 et
851 3025 974 3094 tamen
987 3019 1145 3092 Thomas
1162 3017 1208 3092 de
1225 3024 1358 3093 neutro
1375 3019 1611 3116 intelligebat,

439 3135 621 3211 immede
646 3157 734 3234 rege
758 3138 966 3213 Salomone.
992 3140 1090 3235 Ergo
1115 3138 1274 3212 'ihomas
1298 3137 1418 3233 primo
1444 3141 1612 3234 proponit

438 3257 645 3354 opinionem
664 3258 804 3334 autoris
819 3247 870 3351 (⁴).
888 3258 1023 3334 Ordina
1041 3259 1091 3332 sic
1109 3259 1253 3333 literam
1272 3264 1310 3332 et
1325 3265 1511 3354 construe,
1528 3281 1613 3355 quae

439 3384 493 3453 est
518 3378 604 3454 satis
630 3378 820 3454 intricata:
852 3385 901 3453 Tu
928 3383 1026 3454 credi
1049 3382 1109 3454 cte
1133 3387 1355 3472 pacatumue
1377 3383 1417 3454 di
1440 3383 1530 3455 lame
1546 3383 1614 3453 lece

439 3502 511 3573 allo
536 3521 669 3574 amana
697 3507 830 3574 namra
861 3521 979 3592 αυενε,
1005 3500 1106 3594 idest,
1142 3499 1316 3593 quicquid
1350 3501 1499 3574 luminis
1528 3500 1612 3574 licet

442 3619 613 3694 humanm
639 3625 783 3694 naturae
808 3621 957 3714 habere,
978 3620 1084 3713 quasi
1101 3618 1216 3694 dicat:
1235 3618 1408 3713 quicquid
1425 3619 1611 3714 sapientia
1630 3649 1638 3666 ·

439 3737 667 3832 perfectionis
697 3745 753 3814 est
785 3739 953 3836 possibile
987 3738 1173 3813 hominem
1210 3738 1427 3812 naturaliter
1463 3739 1610 3831 habere,

436 3859 530 3951 fosse
554 3865 638 3932 tutto
664 3862 778 3954 influo
803 3863 861 3934 uel
880 3867 986 3953 petto,
1015 3859 1150 3934 scilicet
1175 3859 1291 3932 Adam
1310 3858 1430 3953 primo
1447 3866 1610 3953 parente,

438 3997 551 4072 quem
582 3978 763 4073 specificat
793 3999 859 4075 per
891 3981 1087 4054 mulierem
1117 3979 1274 4074 primam
1307 3999 1392 4073 quae
1420 3978 1515 4053 sacta
1545 3978 1612 4050 luit

439 4118 487 4173 ex
512 4117 575 4192 eo;
602 4098 700 4173 uude
724 4098 827 4174 dicit:
854 4103 956 4194 uode,
986 4100 1086 4192 idest,
1112 4119 1158 4174 en
1185 4118 1261 4193 quo
1285 4105 1436 4193 pectore
1461 4097 1612 4192 idmst

440 4225 553 4292 trusse
569 4221 606 4292 ta
618 4226 728 4308 costa,
741 4220 839 4315 quia,
857 4229 900 4294 ut
915 4221 1051 4318 legitur
1067 4219 1219 4295 Genesis
1235 4220 1366 4314 primo,
1385 4219 1484 4292 Deus
1500 4217 1612 4292 traxit

439 4344 577 4414 costam
604 4338 650 4413 de
675 4343 824 4433 pectore
847 4340 936 4414 Adae
960 4347 997 4415 et
1024 4339 1177 4434 replevit
1197 4350 1281 4414 eam
1299 4359 1424 4432 carne,
1440 4345 1479 4412 et
1497 4357 1544 4412 ex
1566 4356 1610 4412 ea

439 4459 610 4534 formavit
627 4459 842 4553 mulierem3
861 4460 943 4534 ideo
960 4459 1065 4534 dicit:
1080 4479 1148 4552 per
1161 4463 1325 4552 formare
1341 4462 1378 4532 la
1394 4459 1484 4532 dello
1496 4478 1611 4549 patua-

439 4582 508 4670 a'c,
525 4578 660 4654 scilicet
676 4579 830 4673 llevam,
844 4599 929 4673 quae
947 4577 1014 4652 luit
1031 4577 1291 4653 formosissima
1311 4577 1530 4671 mulierum3
1547 4597 1612 4672 per

439 4698 511 4772 hoc
534 4697 624 4772 daus
649 4697 797 4794 intelligi
824 4698 923 4793 quod
950 4719 1045 4774 uxor
1072 4690 1280 4790 debebatl⁶l
1298 4718 1379 4772 esse
1407 4696 1505 4772 socia
1536 4717 1609 4772 non

498 4881 528 4944 (¹)
544 4882 575 4934 E.
592 4883 659 4934 locali
675 4885 805 4936 Franclsci
820 4889 848 4936 el
864 4885 931 4936 beati
948 4885 1085 4936 llomtntct.
1309 4881 1337 4945 (¹)
1353 4883 1384 4935 lt.
1400 4883 1500 4934 scillcet
1515 4883 1609 4934 Adam.

500 4957 527 5024 (¹)
543 4959 574 5010 Ε.
589 4960 652 5010 lesu
667 4959 775 5014 Christo.
838 4961 865 5026 (⁸)
882 4961 913 5012 ll.
929 4962 1028 5012 autoris
1043 4961 1129 5024 ipsius.
1140 4959 1246 5011 Ordine.
1308 4959 1336 5022 ι’)
1351 4959 1378 5011 S.
1393 4959 1486 5011 debent
1500 4971 1565 5010 esce.

571 5069 597 5112 V.
1463 5067 1476 5108 'l
