4842 6642
791 874 938 935 caurus·
955 875 1115 935 uncinos
1136 873 1321 933 samm.
1570 860 1641 933 tot

467 1046 596 1103 masat
611 1030 699 1120 opst
719 1044 931 1117 numopno,
948 1025 1052 1118 idest,
1071 1023 1262 1099 merrdacio
1285 1023 1465 1118 lalsltatis3
1483 1031 1520 1099 ot
1539 1024 1642 1099 dicit:

467 1170 485 1223 o
515 1151 628 1223 lusda
654 1166 727 1241 par
749 1153 891 1239 prottm
919 1147 1000 1219 doo'
1012 1140 1033 1220 a*
1063 1148 1101 1219 to
1131 1164 1264 1236 ropno,
1297 1144 1402 1237 quasi
1433 1143 1552 1219 dicat:
1585 1144 1645 1221 ille

467 1286 585 1363 quem.
607 1267 722 1364 tangit
747 1267 872 1341 doleat
902 1260 968 1340 vel'
995 1266 1190 1341 erubescat
1215 1263 1447 1359 deiolenta,
1475 1284 1561 1359 quae
1585 1274 1643 1341 ed

467 1386 608 1463 scabies
632 1384 854 1484 contagiosa,
880 1385 1066 1480 quianon
1092 1384 1296 1459 lucrabitur
1321 1384 1420 1459 aliud
1445 1406 1561 1479 quam
1583 1386 1644 1461 ille

467 1508 540 1604 qni.
557 1508 689 1605 scalpit.
707 1508 884 1601 scabiem3
903 1505 966 1601 qui
984 1512 1124 1601 quanto
1146 1507 1262 1603 magis
1280 1506 1419 1601 scalpit,
1439 1511 1542 1581 tanto
1562 1524 1642 1581 ma»

467 1628 522 1727 gis
546 1627 745 1705 intenditur
761 1621 796 1720 (¹)
825 1626 1055 1721 incendium3
1078 1626 1160 1701 ideo
1186 1627 1319 1701 melius
1343 1633 1440 1702 esset
1459 1623 1643 1703 dimittere

467 1748 627 1826 scabiem
652 1748 835 1823 intactam.
862 1748 913 1821 Et.
933 1746 1050 1823 reddit
1076 1748 1257 1823 rationem
1284 1748 1339 1822 sui
1371 1747 1467 1843 dicti,
1493 1748 1639 1823 dicens:

468 1868 540 1964 ott,
558 1892 597 1944 se
611 1873 648 1944 lo
666 1890 749 1943 voce
772 1876 832 1943 tun
856 1858 946 1943 sord
972 1870 1115 1942 molesto
1138 1872 1197 1942 nal
1217 1873 1335 1962 primo
1351 1876 1465 1962 pasto,
1492 1868 1641 1960 scilicet,

466 1988 713 2086 prinazlacie,
736 1996 860 2064 tamen
886 1989 923 2062 iu
949 1989 1022 2064 linc
1047 1986 1154 2064 lacict
1179 1988 1320 2063 bonum
1342 1989 1524 2083 sructom3
1543 1988 1642 2063 undo

466 2108 573 2185 dloit':
606 2100 744 2185 tuscerd
773 2112 837 2203 poi
865 2112 951 2183 vitot
976 2112 1199 2201 mommio,
1233 2108 1336 2202 idest,
1370 2109 1640 2184 nutrimentum

466 2229 551 2304 vitm
567 2229 725 2323 moralis
739 2230 827 2325 quia
843 2228 980 2305 seilicet
995 2228 1103 2305 lacict
1122 2230 1292 2304 homines
1309 2228 1520 2305 mendenen
1533 2227 1641 2320 vitiis,

464 2352 606 2443 mendo
630 2340 720 2423 sord
743 2352 891 2442 dipem,
918 2349 1020 2444 idest,
1047 2348 1194 2445 quando
1214 2348 1328 2424 luerit
1347 2349 1448 2424 bene
1467 2349 1641 2441 decussa,

467 2468 677 2544 examinata
714 2476 752 2545 et
784 2470 979 2545 ruminata.
1012 2471 1056 2544 lit
1088 2490 1177 2545 vere
1214 2477 1324 2545 autor
1358 2470 1434 2544 luit·
1460 2470 1643 2566 quodam-

469 2589 579 2665 modo
596 2590 773 2685 propheta
791 2588 874 2682 sibi3
890 2589 976 2684 quia
994 2589 1066 2665 vidi
1079 2590 1126 2665 de
1139 2590 1234 2665 lacto
1250 2590 1385 2665 multos
1404 2610 1558 2687 magnos
1574 2588 1641 2663 do-

468 2710 598 2804 minos,
616 2709 662 2784 de
678 2730 840 2802 quorum
859 2709 1151 2786 antecessoribus
1167 2718 1278 2785 autor
1292 2700 1329 2804 ι’)
1347 2709 1438 2784 dixit
1460 2728 1637 2805 magnum

469 2831 608 2905 malum
635 2830 671 2903 in
698 2829 790 2905 libro
810 2829 891 2923 isto,
909 2830 972 2923 qui
999 2837 1124 2905 tanmn
1149 2852 1297 2906 summe
1321 2830 1475 2927 diligunt
1500 2828 1636 2903 librum

467 2950 578 3026 istum
605 2956 642 3025 et
667 2949 895 3024 delectantur
921 2950 957 3024 in
983 2970 1048 3045 eo;
1067 2957 1105 3025 et
1129 2950 1214 3025 licet
1237 2949 1433 3044 aliquando
1455 2968 1638 3023 verecun-

467 3070 602 3147 dentur
627 3091 673 3145 ex
699 3070 755 3144 his
780 3090 864 3165 quae
889 3078 998 3145 autor
1014 3070 1111 3164 dicit,
1130 3076 1255 3144 tamen
1274 3069 1420 3144 tandem
1438 3067 1641 3143 assentiunt

468 3196 506 3267 et
524 3190 674 3279 dicunt:
693 3211 826 3266 verum
842 3190 937 3265 dicit.
951 3232 1002 3245 -
1018 3195 1151 3279 Questo.
1170 3190 1235 3265 Hic
1251 3188 1491 3286 Caeciaguida
1511 3186 1641 3261 ultimo

468 3311 578 3387 tradit
602 3312 753 3387 modum
780 3312 1003 3388 servandum
1021 3312 1058 3385 in
1078 3332 1192 3407 opere
1210 3311 1296 3406 isto;
1314 3318 1351 3387 et
1374 3310 1536 3385 breviter
1553 3330 1639 3384 sua-

466 3432 527 3507 det
552 3433 651 3527 quod
677 3439 802 3528 carpat
818 3424 854 3526 (³)
882 3434 1002 3507 solum
1029 3434 1128 3507 viros
1156 3432 1314 3507 maiores
1343 3452 1410 3527 per
1435 3430 1641 3505 similitudi·

466 3572 552 3627 nem
585 3552 772 3648 propriam
806 3558 842 3627 et
878 3552 1128 3628 manifestam:
1162 3552 1260 3627 unde
1292 3551 1398 3627 dicit:
1429 3556 1553 3639 (tuesto
1584 3557 1642 3623 tuo

464 3674 583 3764 pride,
600 3672 703 3766 idest,
721 3672 939 3747 exclamatio
959 3678 996 3747 ot
1014 3672 1214 3768 increpatio
1232 3671 1419 3765 vitiorum,
1434 3661 1522 3766 sord
1546 3690 1642 3743 come

349 3818 353 3827 ·
468 3801 566 3867 vento
590 3795 651 3866 cte
675 3797 706 3867 le
724 3788 788 3887 pid
812 3796 881 3867 otte
905 3796 991 3867 oium
1010 3786 1073 3887 ptri
1094 3800 1279 3887 percuote‚·
1300 3801 1338 3867 et
1363 3798 1419 3867 est
1443 3789 1641 3866 similitudo

468 3913 633 4009 propria:
660 3913 754 3989 sicut
779 3914 877 3988 onim
896 3920 1028 3989 ventus
1045 3914 1107 3987 liat
1129 3912 1378 3988 indifferenter
1395 3911 1432 3986 in
1450 3930 1641 4006 quecum-

469 4054 543 4126 que
567 4032 675 4108 obvia
701 4032 779 4127 sibi,
805 4033 867 4109 sed
895 4033 1012 4130 magis
1038 4032 1155 4129 quatit
1181 4040 1219 4108 et
1241 4040 1366 4109 movet
1382 4032 1512 4107 altiora
1529 4051 1641 4105 cacu-

470 4154 588 4249 miua;
619 4154 668 4228 ita
698 4176 720 4229 a
753 4155 859 4229 simili
894 4160 1003 4230 autor
1037 4154 1287 4230 indifferenter
1318 4154 1433 4248 carpit
1447 4142 1485 4245 (⁸)
1516 4150 1640 4226 omnia

469 4273 567 4368 vitia,
593 4274 657 4349 sed
682 4275 845 4349 maxime
881 4280 1096 4372 magnatum
1129 4280 1166 4349 et
1194 4281 1398 4370 potentum.
1432 4273 1476 4346 Et
1506 4270 1639 4365 subdit,

467 4394 610 4469 dicens:
637 4417 656 4469 e
679 4390 733 4470 oid
758 4417 831 4469 non
845 4401 886 4491 sa
900 4416 990 4489 poco
1006 4402 1215 4486 arpomcnto
1231 4398 1266 4469 α’
1278 4416 1384 4483 onor,
1401 4395 1507 4488 quasi
1526 4392 1639 4467 dicat:

470 4513 585 4590 immo
598 4515 682 4591 lacit
697 4537 872 4613 magnum
888 4523 1153 4611 argumentum
1167 4521 1204 4590 et
1221 4514 1369 4591 evidens
1390 4514 1641 4590 testimonium

471 4634 630 4729 honoris,
657 4635 745 4730 quia
781 4635 897 4734 magis
932 4642 968 4711 et
1002 4635 1134 4710 melius
1164 4635 1369 4730 persuadet.
1406 4634 1508 4709 Unde
1539 4633 1640 4709 dicit:

465 4748 557 4848 perd
569 4775 642 4848 pur
659 4758 810 4829 eamme
830 4759 889 4830 cte
904 4778 969 4829 son
983 4763 1061 4829 note
1086 4757 1124 4828 di
1144 4757 1260 4848 soma,
1285 4754 1379 4829 sicut
1402 4754 1536 4828 auimae
1562 4772 1641 4827 ma-

530 4945 557 5004 (¹)
573 4942 604 4992 E.
620 4942 780 5006 inconditum
797 4944 864 4995 idco.
1083 4942 1110 5002 Γ)
1126 4941 1157 4991 Β.
1174 4947 1252 4992 autor
1266 4942 1315 4992 istc
1330 4940 1401 4991 dixit.

531 5018 559 5083 (¹)
574 5018 605 5070 Ε.
622 5019 715 5084 eaput.
1084 5017 1111 5079 (⁸)
1127 5018 1164 5093 Ε.1
1175 5018 1291 5082 corripit.
