<?xml version="1.0" encoding="UTF-8"?>
<!DOCTYPE html PUBLIC "-//W3C//DTD XHTML 1.0 Transitional//EN"
    "http://www.w3.org/TR/xhtml1/DTD/xhtml1-transitional.dtd">
<html xmlns="http://www.w3.org/1999/xhtml" xml:lang="en" lang="en">
 <head>
  <title>
</title>
<meta http-equiv="Content-Type" content="text/html;charset=utf-8" />
  <meta name='ocr-system' content='tesseract 3.04.00' />
  <meta name='ocr-capabilities' content='ocr_page ocr_carea ocr_par ocr_line ocrx_word'/>
</head>
<body>
  <div class='ocr_page' id='page_1' title='image "./comentumsuperda02benvgoog_0045.png"; bbox 0 0 4842 6642; ppageno 0'>
   <div class='ocr_carea' id='block_1_1' title="bbox 909 873 1662 942">
    <p class='ocr_par' dir='ltr' id='par_1_1' title="bbox 909 873 1662 942">
     <span class='ocr_line' id='line_1_1' title="bbox 909 873 1662 942; baseline 0.001 -3"><span class='ocrx_word' id='word_1_1' title='bbox 909 885 1049 940; x_wconf 79' lang='lat' dir='ltr'>caurus</span> <span class='ocrx_word' id='word_1_2' title='bbox 1074 883 1242 940; x_wconf 80' lang='lat' dir='ltr'>uncturus.</span> <span class='ocrx_word' id='word_1_3' title='bbox 1614 873 1662 942; x_wconf 79' lang='lat'>35</span> 
     </span>
    </p>
   </div>
   <div class='ocr_carea' id='block_1_2' title="bbox 452 1027 1665 4860">
    <p class='ocr_par' dir='ltr' id='par_1_2' title="bbox 452 1027 1665 4860">
     <span class='ocr_line' id='line_1_2' title="bbox 485 1027 1660 1126; baseline -0.003 -21"><span class='ocrx_word' id='word_1_4' title='bbox 485 1035 680 1126; x_wconf 88' lang='lat' dir='ltr'>coeperunt</span> <span class='ocrx_word' id='word_1_5' title='bbox 705 1029 848 1105; x_wconf 86' lang='lat' dir='ltr'>moveri</span> <span class='ocrx_word' id='word_1_6' title='bbox 873 1029 1048 1104; x_wconf 91' lang='lat' dir='ltr'>velociter</span> <span class='ocrx_word' id='word_1_7' title='bbox 1073 1027 1171 1102; x_wconf 91' lang='lat' dir='ltr'>circa</span> <span class='ocrx_word' id='word_1_8' title='bbox 1198 1027 1401 1103; x_wconf 87' lang='lat' dir='ltr'>Beatricem</span> <span class='ocrx_word' id='word_1_9' title='bbox 1422 1037 1461 1104; x_wconf 89' lang='lat' dir='ltr'>et</span> <span class='ocrx_word' id='word_1_10' title='bbox 1477 1036 1660 1124; x_wconf 91' lang='lat' dir='ltr'>autorem,</span> 
     </span>
     <span class='ocr_line' id='line_1_3' title="bbox 485 1148 1659 1245; baseline 0.002 -21"><span class='ocrx_word' id='word_1_11' title='bbox 485 1150 550 1245; x_wconf 89' lang='lat' dir='ltr'>qui</span> <span class='ocrx_word' id='word_1_12' title='bbox 572 1150 720 1226; x_wconf 90' lang='lat' dir='ltr'>&#39;stabant</span> <span class='ocrx_word' id='word_1_13' title='bbox 746 1149 843 1224; x_wconf 85' lang='lat' dir='ltr'>firmi</span> <span class='ocrx_word' id='word_1_14' title='bbox 868 1149 906 1223; x_wconf 94' lang='lat' dir='ltr'>in</span> <span class='ocrx_word' id='word_1_15' title='bbox 932 1149 1053 1224; x_wconf 90' lang='lat' dir='ltr'>medio</span> <span class='ocrx_word' id='word_1_16' title='bbox 1078 1148 1171 1223; x_wconf 91' lang='lat' dir='ltr'>sicut</span> <span class='ocrx_word' id='word_1_17' title='bbox 1196 1152 1393 1242; x_wconf 90' lang='lat' dir='ltr'>centrum;</span> <span class='ocrx_word' id='word_1_18' title='bbox 1427 1148 1526 1224; x_wconf 88' lang='lat' dir='ltr'>unde</span> <span class='ocrx_word' id='word_1_19' title='bbox 1550 1151 1659 1227; x_wconf 88' lang='lat' dir='ltr'>dicit:</span> 
     </span>
     <span class='ocr_line' id='line_1_4' title="bbox 483 1267 1660 1366; baseline 0.002 -22"><span class='ocrx_word' id='word_1_20' title='bbox 483 1293 502 1344; x_wconf 88' lang='lat' dir='ltr'>c</span> <span class='ocrx_word' id='word_1_21' title='bbox 526 1274 564 1346; x_wconf 86' lang='lat' dir='ltr'>di</span> <span class='ocrx_word' id='word_1_22' title='bbox 587 1267 627 1345; x_wconf 76' lang='lat' dir='ltr'>sd</span> <span class='ocrx_word' id='word_1_23' title='bbox 647 1274 711 1365; x_wconf 79' lang='lat' dir='ltr'>sor</span> <span class='ocrx_word' id='word_1_24' title='bbox 737 1291 886 1364; x_wconf 87' lang='lat' dir='ltr'>corono,</span> <span class='ocrx_word' id='word_1_25' title='bbox 911 1270 998 1366; x_wconf 84' lang='lat' dir='ltr'>quia</span> <span class='ocrx_word' id='word_1_26' title='bbox 1024 1269 1159 1345; x_wconf 88' lang='lat' dir='ltr'>scilicet</span> <span class='ocrx_word' id='word_1_27' title='bbox 1192 1269 1239 1344; x_wconf 91' lang='lat' dir='ltr'>de</span> <span class='ocrx_word' id='word_1_28' title='bbox 1272 1290 1314 1345; x_wconf 91' lang='lat' dir='ltr'>se</span> <span class='ocrx_word' id='word_1_29' title='bbox 1346 1269 1514 1346; x_wconf 84' lang='lat' dir='ltr'>lecerunt</span> <span class='ocrx_word' id='word_1_30' title='bbox 1543 1293 1660 1346; x_wconf 94' lang='lat' dir='ltr'>unum</span> 
     </span>
     <span class='ocr_line' id='line_1_5' title="bbox 485 1390 1661 1485; baseline 0.003 -21"><span class='ocrx_word' id='word_1_31' title='bbox 485 1390 678 1465; x_wconf 90' lang='lat' dir='ltr'>circulum.</span> <span class='ocrx_word' id='word_1_32' title='bbox 706 1391 749 1464; x_wconf 89' lang='lat' dir='ltr'>Et</span> <span class='ocrx_word' id='word_1_33' title='bbox 773 1390 894 1466; x_wconf 79' lang='lat' dir='ltr'>subdit</span> <span class='ocrx_word' id='word_1_34' title='bbox 920 1390 1030 1485; x_wconf 87' lang='lat' dir='ltr'>quod·</span> <span class='ocrx_word' id='word_1_35' title='bbox 1046 1396 1176 1465; x_wconf 87' lang='lat' dir='ltr'>cantus</span> <span class='ocrx_word' id='word_1_36' title='bbox 1201 1411 1334 1465; x_wconf 89' lang='lat' dir='ltr'>eorum</span> <span class='ocrx_word' id='word_1_37' title='bbox 1370 1391 1517 1466; x_wconf 88' lang='lat' dir='ltr'>tenebat</span> <span class='ocrx_word' id='word_1_38' title='bbox 1544 1391 1661 1467; x_wconf 88' lang='lat' dir='ltr'>maio-</span> 
     </span>
     <span class='ocr_line' id='line_1_6' title="bbox 486 1509 1662 1606; baseline 0.002 -22"><span class='ocrx_word' id='word_1_39' title='bbox 486 1529 565 1586; x_wconf 86' lang='lat' dir='ltr'>rem</span> <span class='ocrx_word' id='word_1_40' title='bbox 593 1511 864 1587; x_wconf 76' lang='lat' dir='ltr'>extremitatem</span> <span class='ocrx_word' id='word_1_41' title='bbox 892 1511 929 1584; x_wconf 93' lang='lat' dir='ltr'>in</span> <span class='ocrx_word' id='word_1_42' title='bbox 954 1509 1159 1606; x_wconf 85' lang='lat' dir='ltr'>dulcedine,</span> <span class='ocrx_word' id='word_1_43' title='bbox 1184 1532 1299 1605; x_wconf 87' lang='lat' dir='ltr'>quam</span> <span class='ocrx_word' id='word_1_44' title='bbox 1325 1513 1452 1587; x_wconf 89' lang='lat' dir='ltr'>lumen</span> <span class='ocrx_word' id='word_1_45' title='bbox 1483 1513 1521 1586; x_wconf 95' lang='lat' dir='ltr'>in</span> <span class='ocrx_word' id='word_1_46' title='bbox 1553 1512 1662 1587; x_wconf 92' lang='lat' dir='ltr'>clari-</span> 
     </span>
     <span class='ocr_line' id='line_1_7' title="bbox 487 1627 1661 1728; baseline 0 -20"><span class='ocrx_word' id='word_1_47' title='bbox 487 1638 584 1726; x_wconf 84' lang='lat' dir='ltr'>tate3</span> <span class='ocrx_word' id='word_1_48' title='bbox 617 1632 716 1708; x_wconf 91' lang='lat' dir='ltr'>unde</span> <span class='ocrx_word' id='word_1_49' title='bbox 752 1631 860 1706; x_wconf 90' lang='lat' dir='ltr'>dicit:</span> <span class='ocrx_word' id='word_1_50' title='bbox 892 1627 954 1724; x_wconf 77' lang='lat' dir='ltr'>pit</span> <span class='ocrx_word' id='word_1_51' title='bbox 984 1634 1076 1706; x_wconf 78' lang='lat' dir='ltr'>dotet</span> <span class='ocrx_word' id='word_1_52' title='bbox 1104 1635 1142 1705; x_wconf 83' lang='lat' dir='ltr'>in</span> <span class='ocrx_word' id='word_1_53' title='bbox 1174 1653 1269 1725; x_wconf 84' lang='lat' dir='ltr'>voce,</span> <span class='ocrx_word' id='word_1_54' title='bbox 1306 1633 1453 1727; x_wconf 85' lang='lat' dir='ltr'>scilicet,</span> <span class='ocrx_word' id='word_1_55' title='bbox 1483 1634 1661 1728; x_wconf 83' lang='lat' dir='ltr'>canendo,</span> 
     </span>
     <span class='ocr_line' id='line_1_8' title="bbox 487 1751 1661 1849; baseline 0.001 -23"><span class='ocrx_word' id='word_1_56' title='bbox 487 1755 547 1826; x_wconf 81' lang='lat' dir='ltr'>clu</span> <span class='ocrx_word' id='word_1_57' title='bbox 562 1755 600 1827; x_wconf 84' lang='lat' dir='ltr'>&#39;n</span> <span class='ocrx_word' id='word_1_58' title='bbox 625 1755 714 1826; x_wconf 80' lang='lat' dir='ltr'>visto</span> <span class='ocrx_word' id='word_1_59' title='bbox 738 1754 876 1843; x_wconf 83' lang='lat' dir='ltr'>lucenti,</span> <span class='ocrx_word' id='word_1_60' title='bbox 901 1751 1038 1827; x_wconf 90' lang='lat' dir='ltr'>scilicet</span> <span class='ocrx_word' id='word_1_61' title='bbox 1064 1751 1297 1848; x_wconf 89' lang='lat' dir='ltr'>splendendo.</span> <span class='ocrx_word' id='word_1_62' title='bbox 1318 1754 1361 1827; x_wconf 80' lang='lat' dir='ltr'>ut</span> <span class='ocrx_word' id='word_1_63' title='bbox 1377 1774 1445 1849; x_wconf 88' lang='lat' dir='ltr'>per</span> <span class='ocrx_word' id='word_1_64' title='bbox 1462 1755 1532 1828; x_wconf 94' lang='lat' dir='ltr'>boc</span> <span class='ocrx_word' id='word_1_65' title='bbox 1551 1765 1661 1831; x_wconf 88' lang='lat' dir='ltr'>autor</span> 
     </span>
     <span class='ocr_line' id='line_1_9' title="bbox 487 1873 1663 1968; baseline -0.001 -20"><span class='ocrx_word' id='word_1_66' title='bbox 487 1874 616 1968; x_wconf 83' lang='lat' dir='ltr'>innuit,</span> <span class='ocrx_word' id='word_1_67' title='bbox 644 1873 743 1968; x_wconf 86' lang='lat' dir='ltr'>quod</span> <span class='ocrx_word' id='word_1_68' title='bbox 777 1873 896 1948; x_wconf 90' lang='lat' dir='ltr'>maior</span> <span class='ocrx_word' id='word_1_69' title='bbox 924 1877 980 1948; x_wconf 91' lang='lat' dir='ltr'>est</span> <span class='ocrx_word' id='word_1_70' title='bbox 1009 1873 1165 1948; x_wconf 83' lang='lat' dir='ltr'>dulcedo</span> <span class='ocrx_word' id='word_1_71' title='bbox 1199 1881 1238 1948; x_wconf 89' lang='lat' dir='ltr'>et</span> <span class='ocrx_word' id='word_1_72' title='bbox 1270 1875 1461 1950; x_wconf 81' lang='lat' dir='ltr'>delectatio</span> <span class='ocrx_word' id='word_1_73' title='bbox 1487 1875 1663 1950; x_wconf 75' lang='lat' dir='ltr'>doctrinm</span> 
     </span>
     <span class='ocr_line' id='line_1_10' title="bbox 487 1988 1663 2090; baseline 0.002 -22"><span class='ocrx_word' id='word_1_74' title='bbox 487 1994 641 2070; x_wconf 89' lang='lat' dir='ltr'>istorum</span> <span class='ocrx_word' id='word_1_75' title='bbox 673 1994 881 2089; x_wconf 88' lang='lat' dir='ltr'>doctorum,</span> <span class='ocrx_word' id='word_1_76' title='bbox 915 2014 1027 2088; x_wconf 86' lang='lat' dir='ltr'>quam</span> <span class='ocrx_word' id='word_1_77' title='bbox 1058 1995 1173 2090; x_wconf 82' lang='lat' dir='ltr'>gloria</span> <span class='ocrx_word' id='word_1_78' title='bbox 1211 1994 1320 2069; x_wconf 84' lang='lat' dir='ltr'>larnae</span> <span class='ocrx_word' id='word_1_79' title='bbox 1353 2017 1496 2070; x_wconf 89' lang='lat' dir='ltr'>eorum.</span> <span class='ocrx_word' id='word_1_80' title='bbox 1515 2037 1565 2050; x_wconf 90' lang='lat'><em>-</em></span> <span class='ocrx_word' id='word_1_81' title='bbox 1584 1988 1663 2070; x_wconf 71' lang='lat' dir='ltr'>cosi</span> 
     </span>
     <span class='ocr_line' id='line_1_11' title="bbox 485 2115 1662 2210; baseline 0.003 -21"><span class='ocrx_word' id='word_1_82' title='bbox 485 2121 615 2208; x_wconf 82' lang='lat' dir='ltr'>cinpcr.</span> <span class='ocrx_word' id='word_1_83' title='bbox 642 2115 707 2189; x_wconf 90' lang='lat' dir='ltr'>llic</span> <span class='ocrx_word' id='word_1_84' title='bbox 731 2123 842 2189; x_wconf 90' lang='lat' dir='ltr'>autor</span> <span class='ocrx_word' id='word_1_85' title='bbox 873 2135 941 2210; x_wconf 88' lang='lat' dir='ltr'>per</span> <span class='ocrx_word' id='word_1_86' title='bbox 971 2115 1284 2210; x_wconf 85' lang='lat' dir='ltr'>comparationem</span> <span class='ocrx_word' id='word_1_87' title='bbox 1315 2117 1472 2192; x_wconf 87' lang='lat' dir='ltr'>ostendit</span> <span class='ocrx_word' id='word_1_88' title='bbox 1503 2118 1662 2193; x_wconf 89' lang='lat' dir='ltr'>circula-</span> 
     </span>
     <span class='ocr_line' id='line_1_12' title="bbox 486 2227 1663 2331; baseline 0.003 -22"><span class='ocrx_word' id='word_1_89' title='bbox 486 2236 622 2311; x_wconf 87' lang='lat' dir='ltr'>tionem</span> <span class='ocrx_word' id='word_1_90' title='bbox 650 2235 795 2310; x_wconf 84' lang='lat' dir='ltr'>illarum</span> <span class='ocrx_word' id='word_1_91' title='bbox 812 2227 849 2327; x_wconf 65' lang='grc' dir='ltr'>ι’)</span> <span class='ocrx_word' id='word_1_92' title='bbox 876 2235 1099 2330; x_wconf 88' lang='lat' dir='ltr'>animarum,</span> <span class='ocrx_word' id='word_1_93' title='bbox 1126 2243 1163 2310; x_wconf 95' lang='lat' dir='ltr'>et</span> <span class='ocrx_word' id='word_1_94' title='bbox 1187 2235 1274 2310; x_wconf 91' lang='lat' dir='ltr'>dicit</span> <span class='ocrx_word' id='word_1_95' title='bbox 1298 2236 1398 2330; x_wconf 85' lang='lat' dir='ltr'>quod</span> <span class='ocrx_word' id='word_1_96' title='bbox 1419 2237 1495 2331; x_wconf 88' lang='lat' dir='ltr'>ipse</span> <span class='ocrx_word' id='word_1_97' title='bbox 1513 2244 1551 2312; x_wconf 90' lang='lat' dir='ltr'>et</span> <span class='ocrx_word' id='word_1_98' title='bbox 1567 2238 1663 2312; x_wconf 86' lang='lat' dir='ltr'>Bea-</span> 
     </span>
     <span class='ocr_line' id='line_1_13' title="bbox 485 2354 1660 2453; baseline 0.003 -24"><span class='ocrx_word' id='word_1_99' title='bbox 485 2357 557 2430; x_wconf 83' lang='lat' dir='ltr'>trin</span> <span class='ocrx_word' id='word_1_100' title='bbox 578 2357 723 2432; x_wconf 89' lang='lat' dir='ltr'>stabant</span> <span class='ocrx_word' id='word_1_101' title='bbox 739 2354 777 2428; x_wconf 94' lang='lat' dir='ltr'>iu</span> <span class='ocrx_word' id='word_1_102' title='bbox 794 2355 853 2430; x_wconf 83' lang='lat' dir='ltr'>illa</span> <span class='ocrx_word' id='word_1_103' title='bbox 870 2375 1008 2430; x_wconf 85' lang='lat' dir='ltr'>corona</span> <span class='ocrx_word' id='word_1_104' title='bbox 1024 2355 1119 2430; x_wconf 90' lang='lat' dir='ltr'>sicut</span> <span class='ocrx_word' id='word_1_105' title='bbox 1140 2357 1228 2430; x_wconf 89' lang='lat' dir='ltr'>luna</span> <span class='ocrx_word' id='word_1_106' title='bbox 1245 2357 1394 2451; x_wconf 85' lang='lat' dir='ltr'>quando</span> <span class='ocrx_word' id='word_1_107' title='bbox 1415 2363 1471 2432; x_wconf 89' lang='lat' dir='ltr'>est</span> <span class='ocrx_word' id='word_1_108' title='bbox 1491 2358 1660 2453; x_wconf 89' lang='lat' dir='ltr'>rotunda,</span> 
     </span>
     <span class='ocr_line' id='line_1_14' title="bbox 485 2477 1663 2572; baseline 0.001 -19"><span class='ocrx_word' id='word_1_109' title='bbox 485 2486 524 2554; x_wconf 93' lang='lat' dir='ltr'>et</span> <span class='ocrx_word' id='word_1_110' title='bbox 547 2484 602 2553; x_wconf 90' lang='lat' dir='ltr'>est</span> <span class='ocrx_word' id='word_1_111' title='bbox 626 2477 833 2572; x_wconf 80' lang='lat' dir='ltr'>aliqualiter</span> <span class='ocrx_word' id='word_1_112' title='bbox 857 2497 1052 2572; x_wconf 83' lang='lat' dir='ltr'>praegnans</span> <span class='ocrx_word' id='word_1_113' title='bbox 1078 2477 1287 2572; x_wconf 86' lang='lat' dir='ltr'>vaporibus,</span> <span class='ocrx_word' id='word_1_114' title='bbox 1314 2484 1352 2553; x_wconf 92' lang='lat' dir='ltr'>et</span> <span class='ocrx_word' id='word_1_115' title='bbox 1384 2478 1468 2554; x_wconf 86' lang='lat' dir='ltr'>lacit</span> <span class='ocrx_word' id='word_1_116' title='bbox 1498 2479 1596 2554; x_wconf 86' lang='lat' dir='ltr'>circa</span> <span class='ocrx_word' id='word_1_117' title='bbox 1621 2500 1663 2555; x_wconf 87' lang='lat' dir='ltr'>se</span> 
     </span>
     <span class='ocr_line' id='line_1_15' title="bbox 486 2597 1662 2694; baseline 0.001 -20"><span class='ocrx_word' id='word_1_118' title='bbox 486 2622 603 2674; x_wconf 92' lang='lat' dir='ltr'>unum</span> <span class='ocrx_word' id='word_1_119' title='bbox 629 2598 809 2674; x_wconf 89' lang='lat' dir='ltr'>circulum</span> <span class='ocrx_word' id='word_1_120' title='bbox 844 2598 954 2693; x_wconf 87' lang='lat' dir='ltr'>longe</span> <span class='ocrx_word' id='word_1_121' title='bbox 983 2617 1049 2692; x_wconf 89' lang='lat' dir='ltr'>per</span> <span class='ocrx_word' id='word_1_122' title='bbox 1079 2597 1271 2672; x_wconf 91' lang='lat' dir='ltr'>dimidium</span> <span class='ocrx_word' id='word_1_123' title='bbox 1297 2597 1532 2694; x_wconf 88' lang='lat' dir='ltr'>diametrum,</span> <span class='ocrx_word' id='word_1_124' title='bbox 1564 2600 1662 2675; x_wconf 87' lang='lat' dir='ltr'>circa</span> 
     </span>
     <span class='ocr_line' id='line_1_16' title="bbox 487 2716 1664 2812; baseline -0.002 -17"><span class='ocrx_word' id='word_1_125' title='bbox 487 2741 605 2795; x_wconf 92' lang='lat' dir='ltr'>uuum</span> <span class='ocrx_word' id='word_1_126' title='bbox 631 2719 835 2794; x_wconf 90' lang='lat' dir='ltr'>brachium.</span> <span class='ocrx_word' id='word_1_127' title='bbox 862 2716 964 2792; x_wconf 91' lang='lat' dir='ltr'>Unde</span> <span class='ocrx_word' id='word_1_128' title='bbox 989 2717 1097 2791; x_wconf 91' lang='lat' dir='ltr'>dicit:</span> <span class='ocrx_word' id='word_1_129' title='bbox 1124 2721 1194 2790; x_wconf 83' lang='lat' dir='ltr'>Not</span> <span class='ocrx_word' id='word_1_130' title='bbox 1209 2722 1328 2794; x_wconf 82' lang='lat' dir='ltr'>oedem</span> <span class='ocrx_word' id='word_1_131' title='bbox 1347 2722 1491 2793; x_wconf 80' lang='lat' dir='ltr'>talvolta</span> <span class='ocrx_word' id='word_1_132' title='bbox 1512 2723 1549 2792; x_wconf 87' lang='lat' dir='ltr'>lo</span> <span class='ocrx_word' id='word_1_133' title='bbox 1562 2722 1664 2812; x_wconf 80' lang='lat' dir='ltr'>fiptio</span> 
     </span>
     <span class='ocr_line' id='line_1_17' title="bbox 486 2827 1663 2933; baseline 0 -19"><span class='ocrx_word' id='word_1_134' title='bbox 486 2843 524 2914; x_wconf 79' lang='lat' dir='ltr'>n·</span> <span class='ocrx_word' id='word_1_135' title='bbox 548 2844 698 2931; x_wconf 78' lang='lat' dir='ltr'>Lmona,</span> <span class='ocrx_word' id='word_1_136' title='bbox 723 2837 825 2930; x_wconf 82' lang='lat' dir='ltr'>idest,</span> <span class='ocrx_word' id='word_1_137' title='bbox 852 2837 979 2910; x_wconf 92' lang='lat' dir='ltr'>lunam</span> <span class='ocrx_word' id='word_1_138' title='bbox 996 2827 1032 2929; x_wconf 72' lang='grc' dir='ltr'>ι’)</span> <span class='ocrx_word' id='word_1_139' title='bbox 1059 2837 1206 2930; x_wconf 89' lang='lat' dir='ltr'>quando</span> <span class='ocrx_word' id='word_1_140' title='bbox 1233 2845 1288 2912; x_wconf 88' lang='lat' dir='ltr'>est</span> <span class='ocrx_word' id='word_1_141' title='bbox 1308 2839 1506 2933; x_wconf 86' lang='lat' dir='ltr'>vaporibus</span> <span class='ocrx_word' id='word_1_142' title='bbox 1524 2839 1663 2915; x_wconf 90' lang='lat' dir='ltr'>tenuis-</span> 
     </span>
     <span class='ocr_line' id='line_1_18' title="bbox 487 2949 1663 3051; baseline 0.003 -17"><span class='ocrx_word' id='word_1_143' title='bbox 487 2959 588 3034; x_wconf 85' lang='lat' dir='ltr'>simis</span> <span class='ocrx_word' id='word_1_144' title='bbox 599 2958 786 3051; x_wconf 88' lang='lat' dir='ltr'>circulata,</span> <span class='ocrx_word' id='word_1_145' title='bbox 803 2960 923 3048; x_wconf 81' lang='lat' dir='ltr'>cinper</span> <span class='ocrx_word' id='word_1_146' title='bbox 939 2949 1023 3049; x_wconf 80' lang='lat' dir='ltr'>cosi,</span> <span class='ocrx_word' id='word_1_147' title='bbox 1041 2956 1143 3050; x_wconf 86' lang='lat' dir='ltr'>idest,</span> <span class='ocrx_word' id='word_1_148' title='bbox 1160 2957 1209 3032; x_wconf 93' lang='lat' dir='ltr'>ita</span> <span class='ocrx_word' id='word_1_149' title='bbox 1228 2957 1350 3033; x_wconf 88' lang='lat' dir='ltr'>iacere</span> <span class='ocrx_word' id='word_1_150' title='bbox 1366 2958 1547 3034; x_wconf 89' lang='lat' dir='ltr'>circulum</span> <span class='ocrx_word' id='word_1_151' title='bbox 1565 2960 1663 3038; x_wconf 88' lang='lat' dir='ltr'>circa</span> 
     </span>
     <span class='ocr_line' id='line_1_19' title="bbox 487 3077 1663 3176; baseline 0 -20"><span class='ocrx_word' id='word_1_152' title='bbox 487 3103 540 3176; x_wconf 92' lang='lat' dir='ltr'>se,</span> <span class='ocrx_word' id='word_1_153' title='bbox 565 3081 659 3156; x_wconf 89' lang='lat' dir='ltr'>sicut</span> <span class='ocrx_word' id='word_1_154' title='bbox 685 3079 865 3154; x_wconf 88' lang='lat' dir='ltr'>iaciebant</span> <span class='ocrx_word' id='word_1_155' title='bbox 890 3077 960 3151; x_wconf 86' lang='lat' dir='ltr'>illae</span> <span class='ocrx_word' id='word_1_156' title='bbox 985 3077 1119 3151; x_wconf 84' lang='lat' dir='ltr'>animae</span> <span class='ocrx_word' id='word_1_157' title='bbox 1143 3078 1240 3153; x_wconf 91' lang='lat' dir='ltr'>circa</span> <span class='ocrx_word' id='word_1_158' title='bbox 1276 3099 1353 3153; x_wconf 91' lang='lat' dir='ltr'>nos.</span> <span class='ocrx_word' id='word_1_159' title='bbox 1380 3081 1424 3154; x_wconf 88' lang='lat' dir='ltr'>Et</span> <span class='ocrx_word' id='word_1_160' title='bbox 1448 3081 1533 3155; x_wconf 90' lang='lat' dir='ltr'>dicit</span> <span class='ocrx_word' id='word_1_161' title='bbox 1563 3082 1663 3175; x_wconf 85' lang='lat' dir='ltr'>quod</span> 
     </span>
     <span class='ocr_line' id='line_1_20' title="bbox 452 3197 1664 3296; baseline 0.002 -21"><span class='ocrx_word' id='word_1_162' title='bbox 452 3205 460 3212; x_wconf 83' lang='lat'><em>&#39;</em></span> <span class='ocrx_word' id='word_1_163' title='bbox 487 3203 558 3276; x_wconf 92' lang='lat' dir='ltr'>boc</span> <span class='ocrx_word' id='word_1_164' title='bbox 575 3221 649 3275; x_wconf 94' lang='lat' dir='ltr'>non</span> <span class='ocrx_word' id='word_1_165' title='bbox 666 3197 706 3274; x_wconf 90' lang='lat' dir='ltr'>lit</span> <span class='ocrx_word' id='word_1_166' title='bbox 731 3219 889 3293; x_wconf 90' lang='lat' dir='ltr'>semper,</span> <span class='ocrx_word' id='word_1_167' title='bbox 908 3197 970 3272; x_wconf 89' lang='lat' dir='ltr'>sed</span> <span class='ocrx_word' id='word_1_168' title='bbox 988 3198 1137 3292; x_wconf 87' lang='lat' dir='ltr'>quaudo</span> <span class='ocrx_word' id='word_1_169' title='bbox 1155 3206 1211 3272; x_wconf 91' lang='lat' dir='ltr'>est</span> <span class='ocrx_word' id='word_1_170' title='bbox 1237 3199 1284 3274; x_wconf 82' lang='lat' dir='ltr'>ita</span> <span class='ocrx_word' id='word_1_171' title='bbox 1303 3221 1497 3296; x_wconf 82' lang='lat' dir='ltr'>praegoans</span> <span class='ocrx_word' id='word_1_172' title='bbox 1514 3222 1580 3276; x_wconf 91' lang='lat' dir='ltr'>aer</span> <span class='ocrx_word' id='word_1_173' title='bbox 1597 3223 1664 3278; x_wconf 85' lang='lat' dir='ltr'>va-</span> 
     </span>
     <span class='ocr_line' id='line_1_21' title="bbox 486 3318 1664 3418; baseline 0 -22"><span class='ocrx_word' id='word_1_174' title='bbox 486 3321 649 3418; x_wconf 86' lang='lat' dir='ltr'>poribus,</span> <span class='ocrx_word' id='word_1_175' title='bbox 675 3320 774 3415; x_wconf 86' lang='lat' dir='ltr'>quod</span> <span class='ocrx_word' id='word_1_176' title='bbox 799 3318 902 3392; x_wconf 90' lang='lat' dir='ltr'>lilum</span> <span class='ocrx_word' id='word_1_177' title='bbox 929 3318 1028 3413; x_wconf 86' lang='lat' dir='ltr'>quod</span> <span class='ocrx_word' id='word_1_178' title='bbox 1061 3319 1146 3394; x_wconf 91' lang='lat' dir='ltr'>lacit</span> <span class='ocrx_word' id='word_1_179' title='bbox 1171 3319 1275 3392; x_wconf 95' lang='lat' dir='ltr'>illum</span> <span class='ocrx_word' id='word_1_180' title='bbox 1301 3320 1481 3394; x_wconf 90' lang='lat' dir='ltr'>circulum</span> <span class='ocrx_word' id='word_1_181' title='bbox 1508 3342 1548 3396; x_wconf 89' lang='lat' dir='ltr'>se</span> <span class='ocrx_word' id='word_1_182' title='bbox 1573 3343 1664 3398; x_wconf 90' lang='lat' dir='ltr'>con-</span> 
     </span>
     <span class='ocr_line' id='line_1_22' title="bbox 487 3439 1664 3546; baseline 0 -28"><span class='ocrx_word' id='word_1_183' title='bbox 487 3449 612 3520; x_wconf 86' lang='lat' dir='ltr'>servat</span> <span class='ocrx_word' id='word_1_184' title='bbox 636 3448 674 3516; x_wconf 89' lang='lat' dir='ltr'>et</span> <span class='ocrx_word' id='word_1_185' title='bbox 700 3439 850 3533; x_wconf 83' lang='lat' dir='ltr'>retinet3</span> <span class='ocrx_word' id='word_1_186' title='bbox 877 3445 915 3514; x_wconf 91' lang='lat' dir='ltr'>et</span> <span class='ocrx_word' id='word_1_187' title='bbox 941 3440 1084 3513; x_wconf 91' lang='lat' dir='ltr'>nonsit</span> <span class='ocrx_word' id='word_1_188' title='bbox 1110 3439 1159 3514; x_wconf 90' lang='lat' dir='ltr'>ita</span> <span class='ocrx_word' id='word_1_189' title='bbox 1185 3440 1321 3535; x_wconf 92' lang='lat' dir='ltr'>spissus</span> <span class='ocrx_word' id='word_1_190' title='bbox 1343 3441 1403 3516; x_wconf 89' lang='lat' dir='ltr'>ille</span> <span class='ocrx_word' id='word_1_191' title='bbox 1419 3463 1545 3546; x_wconf 83' lang='lat' dir='ltr'>vapor,</span> <span class='ocrx_word' id='word_1_192' title='bbox 1564 3443 1664 3536; x_wconf 90' lang='lat' dir='ltr'>quod</span> 
     </span>
     <span class='ocr_line' id='line_1_23' title="bbox 487 3560 1663 3659; baseline -0.002 -19"><span class='ocrx_word' id='word_1_193' title='bbox 487 3565 581 3640; x_wconf 91' lang='lat' dir='ltr'>celet</span> <span class='ocrx_word' id='word_1_194' title='bbox 605 3583 739 3658; x_wconf 91' lang='lat' dir='ltr'>oorpus</span> <span class='ocrx_word' id='word_1_195' title='bbox 765 3561 874 3655; x_wconf 87' lang='lat' dir='ltr'>lunae,</span> <span class='ocrx_word' id='word_1_196' title='bbox 902 3560 990 3655; x_wconf 86' lang='lat' dir='ltr'>quia</span> <span class='ocrx_word' id='word_1_197' title='bbox 1009 3567 1099 3636; x_wconf 88' lang='lat' dir='ltr'>tunc</span> <span class='ocrx_word' id='word_1_198' title='bbox 1119 3582 1193 3637; x_wconf 92' lang='lat' dir='ltr'>non</span> <span class='ocrx_word' id='word_1_199' title='bbox 1210 3572 1363 3657; x_wconf 87' lang='lat' dir='ltr'>apparet</span> <span class='ocrx_word' id='word_1_200' title='bbox 1384 3563 1465 3638; x_wconf 90' lang='lat' dir='ltr'>talis</span> <span class='ocrx_word' id='word_1_201' title='bbox 1484 3563 1663 3659; x_wconf 78' lang='lat' dir='ltr'>circulus,</span> 
     </span>
     <span class='ocr_line' id='line_1_24' title="bbox 490 3677 1665 3779; baseline -0.003 -18"><span class='ocrx_word' id='word_1_202' title='bbox 490 3685 587 3761; x_wconf 86' lang='lat' dir='ltr'>uude</span> <span class='ocrx_word' id='word_1_203' title='bbox 603 3683 711 3759; x_wconf 91' lang='lat' dir='ltr'>dicit:</span> <span class='ocrx_word' id='word_1_204' title='bbox 730 3683 872 3775; x_wconf 79' lang='lat' dir='ltr'>quondo</span> <span class='ocrx_word' id='word_1_205' title='bbox 892 3683 913 3754; x_wconf 77' lang='grc' dir='ltr'>ι’</span> <span class='ocrx_word' id='word_1_206' title='bbox 923 3702 1006 3754; x_wconf 77' lang='lat' dir='ltr'>acre</span> <span class='ocrx_word' id='word_1_207' title='bbox 1022 3677 1205 3774; x_wconf 75' lang='lat' dir='ltr'>dprcpno,</span> <span class='ocrx_word' id='word_1_208' title='bbox 1219 3683 1355 3757; x_wconf 90' lang='lat' dir='ltr'>scilicet</span> <span class='ocrx_word' id='word_1_209' title='bbox 1373 3677 1586 3779; x_wconf 82' lang='lat' dir='ltr'>nubibus,si</span> <span class='ocrx_word' id='word_1_210' title='bbox 1603 3686 1665 3759; x_wconf 79' lang='lat' dir='ltr'>cite</span> 
     </span>
     <span class='ocr_line' id='line_1_25' title="bbox 489 3801 1661 3898; baseline -0.003 -18"><span class='ocrx_word' id='word_1_211' title='bbox 489 3810 628 3896; x_wconf 71' lang='lat' dir='ltr'>ritcnpa</span> <span class='ocrx_word' id='word_1_212' title='bbox 650 3807 679 3878; x_wconf 82' lang='lat' dir='ltr'>o</span> <span class='ocrx_word' id='word_1_213' title='bbox 698 3805 741 3898; x_wconf 81' lang='lat' dir='ltr'>fil</span> <span class='ocrx_word' id='word_1_214' title='bbox 764 3804 888 3895; x_wconf 78' lang='lat' dir='ltr'>closo</span> <span class='ocrx_word' id='word_1_215' title='bbox 912 3804 949 3874; x_wconf 90' lang='lat' dir='ltr'>lo</span> <span class='ocrx_word' id='word_1_216' title='bbox 972 3821 1080 3893; x_wconf 81' lang='lat' dir='ltr'>zona,</span> <span class='ocrx_word' id='word_1_217' title='bbox 1106 3801 1209 3895; x_wconf 89' lang='lat' dir='ltr'>idest,</span> <span class='ocrx_word' id='word_1_218' title='bbox 1236 3801 1417 3876; x_wconf 88' lang='lat' dir='ltr'>circulum</span> <span class='ocrx_word' id='word_1_219' title='bbox 1439 3805 1661 3879; x_wconf 82' lang='lat' dir='ltr'>exteriorem</span> 
     </span>
     <span class='ocr_line' id='line_1_26' title="bbox 489 3921 1664 4021; baseline -0.002 -21"><span class='ocrx_word' id='word_1_220' title='bbox 489 3927 553 4019; x_wconf 88' lang='lat' dir='ltr'>qui</span> <span class='ocrx_word' id='word_1_221' title='bbox 578 3925 689 4021; x_wconf 82' lang='lat' dir='ltr'>cingit</span> <span class='ocrx_word' id='word_1_222' title='bbox 715 3943 809 3998; x_wconf 88' lang='lat' dir='ltr'>eam.</span> <span class='ocrx_word' id='word_1_223' title='bbox 831 3923 928 3996; x_wconf 87' lang='lat' dir='ltr'>Zona</span> <span class='ocrx_word' id='word_1_224' title='bbox 949 3921 1047 3995; x_wconf 93' lang='lat' dir='ltr'>enim</span> <span class='ocrx_word' id='word_1_225' title='bbox 1067 3921 1157 3996; x_wconf 88' lang='lat' dir='ltr'>idest</span> <span class='ocrx_word' id='word_1_226' title='bbox 1177 3921 1342 4016; x_wconf 86' lang='lat' dir='ltr'>cintura;</span> <span class='ocrx_word' id='word_1_227' title='bbox 1369 3930 1407 3997; x_wconf 90' lang='lat' dir='ltr'>et</span> <span class='ocrx_word' id='word_1_228' title='bbox 1425 3924 1486 3998; x_wconf 90' lang='lat' dir='ltr'>ille</span> <span class='ocrx_word' id='word_1_229' title='bbox 1503 3925 1664 3998; x_wconf 90' lang='lat' dir='ltr'>circulus</span> 
     </span>
     <span class='ocr_line' id='line_1_27' title="bbox 489 4042 1664 4139; baseline -0.004 -18"><span class='ocrx_word' id='word_1_230' title='bbox 489 4053 561 4121; x_wconf 89' lang='lat' dir='ltr'>stat</span> <span class='ocrx_word' id='word_1_231' title='bbox 585 4045 682 4120; x_wconf 88' lang='lat' dir='ltr'>circa</span> <span class='ocrx_word' id='word_1_232' title='bbox 708 4046 835 4119; x_wconf 88' lang='lat' dir='ltr'>lunam</span> <span class='ocrx_word' id='word_1_233' title='bbox 861 4042 908 4118; x_wconf 89' lang='lat' dir='ltr'>ad</span> <span class='ocrx_word' id='word_1_234' title='bbox 938 4042 1090 4116; x_wconf 93' lang='lat' dir='ltr'>modum</span> <span class='ocrx_word' id='word_1_235' title='bbox 1117 4042 1283 4137; x_wconf 82' lang='lat' dir='ltr'>cinturae,</span> <span class='ocrx_word' id='word_1_236' title='bbox 1318 4063 1405 4117; x_wconf 92' lang='lat' dir='ltr'>cum</span> <span class='ocrx_word' id='word_1_237' title='bbox 1437 4064 1572 4139; x_wconf 91' lang='lat' dir='ltr'>corpus</span> <span class='ocrx_word' id='word_1_238' title='bbox 1604 4044 1664 4117; x_wconf 93' lang='lat' dir='ltr'>lu·</span> 
     </span>
     <span class='ocr_line' id='line_1_28' title="bbox 491 4162 1663 4258; baseline 0 -20"><span class='ocrx_word' id='word_1_239' title='bbox 491 4185 582 4240; x_wconf 86' lang='lat' dir='ltr'>nare</span> <span class='ocrx_word' id='word_1_240' title='bbox 607 4171 662 4240; x_wconf 87' lang='lat' dir='ltr'>est</span> <span class='ocrx_word' id='word_1_241' title='bbox 686 4170 805 4239; x_wconf 90' lang='lat' dir='ltr'>totum</span> <span class='ocrx_word' id='word_1_242' title='bbox 826 4162 1025 4238; x_wconf 91' lang='lat' dir='ltr'>rotundum</span> <span class='ocrx_word' id='word_1_243' title='bbox 1044 4183 1090 4236; x_wconf 86' lang='lat' dir='ltr'>ex</span> <span class='ocrx_word' id='word_1_244' title='bbox 1109 4162 1210 4236; x_wconf 91' lang='lat' dir='ltr'>omni</span> <span class='ocrx_word' id='word_1_245' title='bbox 1227 4171 1350 4258; x_wconf 82' lang='lat' dir='ltr'>partc3</span> <span class='ocrx_word' id='word_1_246' title='bbox 1373 4163 1455 4238; x_wconf 93' lang='lat' dir='ltr'>ideo</span> <span class='ocrx_word' id='word_1_247' title='bbox 1471 4164 1663 4238; x_wconf 90' lang='lat' dir='ltr'>benetalis</span> 
     </span>
     <span class='ocr_line' id='line_1_29' title="bbox 489 4281 1664 4379; baseline -0.001 -18"><span class='ocrx_word' id='word_1_248' title='bbox 489 4285 650 4361; x_wconf 88' lang='lat' dir='ltr'>circulus</span> <span class='ocrx_word' id='word_1_249' title='bbox 675 4283 923 4379; x_wconf 85' lang='lat' dir='ltr'>metaphorice</span> <span class='ocrx_word' id='word_1_250' title='bbox 946 4281 1151 4378; x_wconf 87' lang='lat' dir='ltr'>appellatur</span> <span class='ocrx_word' id='word_1_251' title='bbox 1176 4281 1321 4356; x_wconf 93' lang='lat' dir='ltr'>cintura</span> <span class='ocrx_word' id='word_1_252' title='bbox 1337 4284 1385 4358; x_wconf 93' lang='lat' dir='ltr'>ab</span> <span class='ocrx_word' id='word_1_253' title='bbox 1401 4290 1544 4358; x_wconf 81' lang='lat' dir='ltr'>autore.</span> <span class='ocrx_word' id='word_1_254' title='bbox 1562 4284 1664 4372; x_wconf 84' lang='lat' dir='ltr'>Quo-</span> 
     </span>
     <span class='ocr_line' id='line_1_30' title="bbox 491 4403 1665 4498; baseline 0 -18"><span class='ocrx_word' id='word_1_255' title='bbox 491 4408 600 4482; x_wconf 95' lang='lat' dir='ltr'>modo</span> <span class='ocrx_word' id='word_1_256' title='bbox 632 4411 759 4480; x_wconf 86' lang='lat' dir='ltr'>autem</span> <span class='ocrx_word' id='word_1_257' title='bbox 790 4407 878 4480; x_wconf 91' lang='lat' dir='ltr'>luna</span> <span class='ocrx_word' id='word_1_258' title='bbox 908 4403 1051 4478; x_wconf 90' lang='lat' dir='ltr'>dicatur</span> <span class='ocrx_word' id='word_1_259' title='bbox 1085 4403 1157 4478; x_wconf 87' lang='lat' dir='ltr'>lilia</span> <span class='ocrx_word' id='word_1_260' title='bbox 1185 4404 1335 4477; x_wconf 84' lang='lat' dir='ltr'>Latouae</span> <span class='ocrx_word' id='word_1_261' title='bbox 1359 4404 1519 4498; x_wconf 89' lang='lat' dir='ltr'>positum</span> <span class='ocrx_word' id='word_1_262' title='bbox 1546 4413 1665 4482; x_wconf 87' lang='lat' dir='ltr'>estet</span> 
     </span>
     <span class='ocr_line' id='line_1_31' title="bbox 490 4523 1663 4624; baseline -0.004 -20"><span class='ocrx_word' id='word_1_263' title='bbox 490 4529 695 4624; x_wconf 90' lang='lat' dir='ltr'>expositum</span> <span class='ocrx_word' id='word_1_264' title='bbox 715 4525 896 4601; x_wconf 87' lang='lat' dir='ltr'>subtiliter</span> <span class='ocrx_word' id='word_1_265' title='bbox 913 4525 950 4598; x_wconf 93' lang='lat' dir='ltr'>in</span> <span class='ocrx_word' id='word_1_266' title='bbox 967 4523 1174 4621; x_wconf 83' lang='lat' dir='ltr'>Purgatorii</span> <span class='ocrx_word' id='word_1_267' title='bbox 1198 4525 1537 4620; x_wconf 76' lang='lat' dir='ltr'>capitulo-Nolle</span> <span class='ocrx_word' id='word_1_268' title='bbox 1558 4534 1663 4602; x_wconf 82' lang='lat' dir='ltr'>corte.</span> 
     </span>
     <span class='ocr_line' id='line_1_32' title="bbox 490 4644 1664 4742; baseline -0.002 -18"><span class='ocrx_word' id='word_1_269' title='bbox 490 4649 555 4724; x_wconf 89' lang='lat' dir='ltr'>Hic</span> <span class='ocrx_word' id='word_1_270' title='bbox 580 4657 689 4724; x_wconf 92' lang='lat' dir='ltr'>autor</span> <span class='ocrx_word' id='word_1_271' title='bbox 719 4646 900 4742; x_wconf 89' lang='lat' dir='ltr'>descripto</span> <span class='ocrx_word' id='word_1_272' title='bbox 933 4652 1036 4720; x_wconf 94' lang='lat' dir='ltr'>motu</span> <span class='ocrx_word' id='word_1_273' title='bbox 1072 4644 1242 4719; x_wconf 89' lang='lat' dir='ltr'>circulari</span> <span class='ocrx_word' id='word_1_274' title='bbox 1275 4645 1486 4720; x_wconf 86' lang='lat' dir='ltr'>animarum</span> <span class='ocrx_word' id='word_1_275' title='bbox 1517 4646 1664 4722; x_wconf 89' lang='lat' dir='ltr'>illarum</span> 
     </span>
     <span class='ocr_line' id='line_1_33' title="bbox 490 4765 1664 4860; baseline 0 -18"><span class='ocrx_word' id='word_1_276' title='bbox 490 4769 660 4844; x_wconf 89' lang='lat' dir='ltr'>describit</span> <span class='ocrx_word' id='word_1_277' title='bbox 684 4774 832 4842; x_wconf 90' lang='lat' dir='ltr'>cantum</span> <span class='ocrx_word' id='word_1_278' title='bbox 859 4765 1079 4841; x_wconf 82' lang='lat' dir='ltr'>ineffabilem</span> <span class='ocrx_word' id='word_1_279' title='bbox 1106 4784 1260 4860; x_wconf 86' lang='lat' dir='ltr'>earum;</span> <span class='ocrx_word' id='word_1_280' title='bbox 1286 4773 1435 4841; x_wconf 88' lang='lat' dir='ltr'>etcum</span> <span class='ocrx_word' id='word_1_281' title='bbox 1461 4766 1506 4842; x_wconf 92' lang='lat' dir='ltr'>sit</span> <span class='ocrx_word' id='word_1_282' title='bbox 1523 4768 1664 4842; x_wconf 91' lang='lat' dir='ltr'>incom-</span> 
     </span>
    </p>
   </div>
   <div class='ocr_carea' id='block_1_3' title="bbox 555 5025 1335 5093">
    <p class='ocr_par' dir='ltr' id='par_1_3' title="bbox 555 5025 1335 5093">
     <span class='ocr_line' id='line_1_34' title="bbox 555 5025 1335 5093; baseline -0.004 -11"><span class='ocrx_word' id='word_1_283' title='bbox 555 5027 584 5093; x_wconf 73' lang='grc' dir='ltr'>ι’)</span> <span class='ocrx_word' id='word_1_284' title='bbox 599 5029 625 5082; x_wconf 86' lang='lat' dir='ltr'>S.</span> <span class='ocrx_word' id='word_1_285' title='bbox 640 5029 758 5082; x_wconf 68' lang='lat' dir='ltr'>lotarum.</span> <span class='ocrx_word' id='word_1_286' title='bbox 1172 5027 1201 5092; x_wconf 82' lang='lat'>(¹)</span> <span class='ocrx_word' id='word_1_287' title='bbox 1217 5027 1248 5079; x_wconf 83' lang='lat' dir='ltr'>ll.</span> <span class='ocrx_word' id='word_1_288' title='bbox 1264 5025 1335 5079; x_wconf 78' lang='lat' dir='ltr'>lom.</span> 
     </span>
    </p>
   </div>
   <div class='ocr_carea' id='block_1_4' title="bbox 0 0 2432 6642">
    <p class='ocr_par' dir='ltr' id='par_1_4' title="bbox 0 0 2432 6642">
     <span class='ocr_line' id='line_1_35' title="bbox 0 0 2432 6642; baseline 0 0"><span class='ocrx_word' id='word_1_289' title='bbox 0 0 2432 6642; x_wconf 95' lang='lat' dir='ltr'> </span> 
     </span>
    </p>
   </div>
  </div>
 </body>
</html>
