4842 6642
779 810 849 876 m
1167 815 1373 871 comtum(
1395 812 1565 869 Pbubltlst

778 972 853 1060 nat,
871 964 1011 1040 dicens:
1030 964 1208 1055 Smcbdlt,
1231 962 1387 1051 directi,
1404 960 1580 1055 sitente
1602 959 1767 1048 Barucci,
1792 978 1812 1030 e
1839 960 1945 1049 Galli,

779 1085 918 1182 supple,
945 1090 1050 1159 eraut
1076 1080 1211 1177 magni.
1244 1079 1422 1155 bescnbit
1451 1077 1643 1174 septimam
1676 1077 1830 1153 domum
1864 1077 1951 1152 sutis

778 1205 989 1283 verecunde
1020 1202 1069 1278 ab
1100 1222 1177 1277 unu
1205 1201 1332 1277 infami
1364 1200 1462 1295 fallu
1492 1200 1635 1274 dinem:
1669 1201 1796 1291 epact
1822 1200 1874 1273 οἵ
1886 1220 1952 1271 ur-

776 1348 907 1401 rossan
928 1346 998 1419 per
1023 1327 1058 1398 lo
1082 1324 1183 1397 stato.
1211 1321 1265 1395 dd
1280 1314 1316 1413 (⁴)
1343 1322 1413 1395 boc
1441 1318 1717 1416 intelligendum
1750 1324 1806 1393 est
1834 1319 1951 1395 scled-

778 1449 881 1543 dum‚
900 1446 999 1542 quod
1016 1445 1074 1519 isti
1091 1443 1209 1519 vocati
1224 1448 1311 1517 sunt
1327 1443 1656 1534 claramontenses,
1670 1460 1833 1535 quorum
1854 1462 1951 1515 unus

780 1568 866 1643 olim
894 1568 982 1641 dum
1001 1564 1155 1639 baberet
1170 1562 1334 1637 officium
1351 1561 1460 1637 dandi
1479 1562 1722 1654 trumentum,
1739 1561 1818 1636 sive
1832 1560 1948 1635 salem

781 1687 999 1781 communis,
1026 1684 1184 1760 detraxit
1209 1683 1293 1759 inde
1319 1703 1432 1758 unam
1457 1682 1616 1779 dogbam
1633 1673 1683 1777 (¹),
1704 1687 1741 1757 et
1765 1682 1817 1757 sic
1842 1682 1951 1757 dimi-

779 1807 860 1880 nuit
884 1806 1024 1901 justam
1057 1822 1271 1879 mensuram
1307 1802 1504 1898 cupiditate
1533 1801 1649 1896 lucri3
1680 1803 1952 1898 propterquod

780 1933 927 2022 reperto
954 1925 1038 2000 lallo
1065 1924 1133 1999 luit
1156 1923 1392 2018 decapitatus.
1419 1924 1464 1997 Et
1489 1942 1535 1997 ex
1554 1923 1624 1997 boc
1641 1921 1708 1995 luit
1729 1921 1953 2017 ordinatum,

778 2048 878 2143 quud
903 2046 1085 2122 sextarius
1110 2051 1207 2120 esset
1223 2045 1378 2140 terreus,
1395 2044 1446 2119 ita
1465 2044 1565 2139 quod
1586 2064 1659 2118 nou
1678 2051 1799 2140 posset
1815 2043 1862 2119 de
1877 2065 1951 2119 ce-

779 2176 861 2245 tero
886 2168 1021 2261 aliquid
1046 2166 1199 2241 detrahi.
1225 2166 1270 2239 Et
1295 2166 1383 2260 quia
1403 2166 1722 2241 claramontenses
1738 2163 1785 2239 de
1801 2165 1872 2239 boc
1888 2184 1953 2240 re·

780 2288 1045 2381 recunduntur,
1071 2286 1383 2379 quandocumque
1408 2284 1504 2359 istud
1528 2289 1760 2362 memoratur
1790 2285 1849 2360 vel
1883 2284 1953 2358 im-

780 2413 1001 2503 properatur
1021 2406 1085 2499 eis‚
1103 2405 1185 2479 ideo
1201 2404 1304 2479 dicit:
1329 2428 1349 2478 e
1371 2406 1449 2497 quei
1464 2407 1695 2478 clr’arrossan
1711 2426 1779 2498 per
1796 2408 1831 2477 ln
1845 2408 1952 2496 stato,

780 2528 882 2621 idest,
900 2526 1200 2602 verecundantur
1218 2532 1369 2621 propter
1384 2526 1586 2601 sextarium
1607 2532 1845 2622 corruptum3
1864 2545 1950 2599 nam

781 2649 897 2722 rubor
922 2654 978 2722 est
1002 2647 1148 2743 signum
1174 2645 1417 2721 verecundiae.
1432 2650 1544 2720 -Lo
1568 2667 1685 2740 cappo.
1713 2645 1778 2720 llic
1806 2644 1953 2720 Caecia-

781 2768 892 2865 guida
919 2766 1083 2841 nominat
1107 2774 1183 2841 tres
1208 2766 1349 2861 stirpes,
1375 2786 1536 2861 quarum
1564 2787 1678 2841 unam
1703 2765 1875 2841 describit
1905 2762 1953 2839 ab

781 2889 853 2965 alia
879 2887 1014 2963 lamilia
1039 2886 1271 2964 descendenti
1296 2909 1344 2963 ex
1369 2888 1441 2982 illa,
1468 2888 1628 2982 reliquas
1653 2909 1745 2964 rere
1775 2888 1954 2964 secundas

780 3008 950 3084 describit
975 3008 1022 3082 ab
1047 3008 1156 3083 officii
1181 3007 1365 3104 dignitate.
1390 3008 1483 3083 llicit
1509 3029 1600 3105 ergo
1622 3009 1761 3104 primo:
1781 3012 1832 3081 la
1847 3030 1954 3102 cappo

781 3132 821 3204 di
838 3131 897 3202 cte
916 3148 1094 3220 nacpuaro
1119 3131 1134 3201 i
1161 3131 1334 3223 θαῑριοοίς
1360 3128 1417 3203 isti
1442 3136 1528 3203 suut
1544 3127 1686 3224 bonati,
1705 3130 1881 3225 preclara
1898 3128 1953 3203 ia·

782 3250 880 3324 milia
910 3248 1060 3323 elimet
1091 3268 1210 3342 uuuc3
1242 3248 1451 3343 exquibus
1483 3248 1578 3323 laeta
1612 3256 1668 3323 est
1701 3248 1772 3324 alia
1804 3248 1951 3343 tamilla,

782 3371 846 3466 qui
863 3362 899 3464 (Β)
939 3370 1023 3445 dicti
1061 3376 1148 3444 sunt
1185 3369 1352 3465 Callutii3
1371 3364 1455 3443 'cra
1487 3362 1550 3463 ptd
1579 3374 1731 3463 prande,
1764 3378 1802 3446 et
1831 3370 1953 3446 adbuc

784 3490 890 3566 bodie
915 3494 989 3583 est3
1015 3510 1034 3562 e
1054 3492 1140 3563 Sizit
1155 3497 1188 3563 et
1203 3493 1390 3582 Arripucm'
1404 3512 1517 3565 mano
1533 3482 1595 3583 pici
1615 3494 1713 3566 tratti
1730 3494 1800 3566 nde
1824 3494 1954 3582 curule,

782 3610 885 3705 idest,
912 3619 1018 3685 erant
1038 3612 1115 3706 jam
1144 3612 1303 3707 promoti
1327 3612 1374 3686 ad
1398 3610 1591 3708 dignitates
1608 3619 1646 3687 et
1663 3614 1839 3707 bonores3
1857 3614 1956 3707 quod

782 3731 900 3805 innuit
924 3733 994 3806 sub
1020 3731 1168 3806 numine
1192 3732 1399 3807 Curulium.
1425 3732 1582 3807 Curules
1606 3733 1705 3809 euim
1731 3741 1838 3809 erant
1866 3733 1954 3807 olim

783 3852 911 3927 Romae
931 3852 1036 3927 sedes
1053 3852 1089 3925 iu
1107 3854 1241 3947 quibus
1261 3852 1436 3928 sedebant
1453 3853 1692 3950 magistratus
1708 3853 1821 3929 iuncti
1839 3855 1955 3929 bono-

784 3972 899 4065 ribus,
915 3970 1009 4045 sicut
1028 3992 1125 4068 saepe
1145 3979 1244 4069 patet
1260 3972 1358 4068 apud
1375 3971 1530 4047 Livium.
1544 4013 1595 4028 -
1609 3979 1640 4048 0
1656 3978 1763 4067 quati.
1782 3974 1847 4049 llic
1863 3974 1953 4049 Cae·
2035 4038 2038 4042 ,

783 4091 950 4189 cinguida
968 4092 1155 4189 coniungit
1171 4092 1265 4167 duas
1280 4092 1435 4167 familias
1451 4093 1562 4167 simul
1578 4114 1712 4169 eorum
1727 4094 1789 4188 qui
1804 4094 1955 4169 luerunt

783 4212 870 4286 socii
905 4212 942 4285 in
972 4212 1161 4288 altitudine
1186 4219 1303 4289 status
1328 4219 1365 4288 et
1392 4214 1522 4288 ruina:
1548 4220 1586 4290 et
1610 4214 1698 4309 quia
1723 4214 1781 4289 isti
1806 4214 1958 4289 luerunt

785 4330 968 4428 magnifici
995 4334 1153 4406 multum
1173 4334 1357 4408 exclamat
1377 4333 1620 4409 admirativez
1651 4339 1682 4408 0
1705 4336 1803 4429 puali
1825 4337 1861 4409 io
1886 4338 1960 4409 aidi

784 4453 1182 4547 accesseramus·
1212 4474 1279 4545 per
1310 4458 1366 4527 lor
1397 4454 1588 4547 superbia!
1616 4453 1677 4528 lsti
1710 4462 1796 4529 suut
1820 4452 1958 4550 liberti,
2093 4519 2098 4529 .

786 4590 946 4663 quorum
972 4572 1178 4667 principalis
1193 4560 1230 4665 (⁴)
1259 4570 1327 4647 luit
1351 4572 1522 4648 dominus
1547 4573 1719 4649 Farinata
1743 4573 1791 4650 de
1815 4574 1959 4650 Ubertis

787 4688 953 4785 princeps
979 4694 1092 4788 partis
1110 4693 1316 4791 ghibellinae
1331 4693 1370 4767 in
1386 4692 1582 4788 Florentia,
1598 4694 1663 4789 qui
1680 4715 1749 4769 sua
1766 4695 1959 4790 prudentia

848 4876 876 4939 (¹)
893 4878 923 4928 E.
940 4878 983 4929 Ad
1000 4880 1077 4932 bulus
1093 4880 1293 4946 intelligentiam
1307 4884 1356 4931 est.
1480 4880 1507 4943 (ἢ
1523 4882 1554 4931 E.
1570 4881 1683 4945 dupbm
1699 4881 1774 4943 τώ,
1788 4886 1817 4933 et
1831 4883 1877 4935 de.

850 4952 877 5013 (¹)
892 4953 924 5005 ll.
940 4969 991 5020 qua
1007 4958 1069 5009 dlrtl
1084 4964 1152 5010 snut
1480 4956 1507 5020 (Ἴ
1523 4958 1554 5009 ll.
1571 4957 1736 5021 principlun.
