4842 6642
740 843 878 901 caurus
904 846 1095 901 vrunsruus
1121 847 1308 901 surrruus.
1538 833 1610 900 389

439 996 604 1065 mutatur
630 984 667 1065 in
693 992 858 1087 Martem,
889 993 975 1086 quia
1005 992 1157 1067 erubuit
1191 991 1412 1067 verecundia
1439 993 1610 1087 praelato·

438 1131 521 1184 rum
550 1118 768 1186 narraturus
793 1111 1035 1207 turpitudines
1060 1132 1213 1206 eorum3
1239 1111 1297 1187 rel
1323 1112 1410 1206 qrria
1435 1132 1483 1187 en
1508 1111 1611 1185 beni·

437 1250 511 1327 gno
536 1230 653 1307 lactus
677 1238 732 1307 est
758 1231 967 1326 iracundus,
993 1232 1088 1307 sicut
1104 1232 1247 1327 Jupiter
1265 1232 1349 1307 lacit
1371 1231 1548 1329 benignos
1573 1237 1611 1305 et

438 1352 533 1425 Mars
557 1352 763 1427 iracundos.
777 1392 828 1409 -
841 1356 892 1426 La
910 1355 1168 1447 prouotdmza.
1191 1352 1257 1427 llic
1276 1359 1387 1426 autor
1408 1352 1507 1447 ponit
1524 1371 1610 1425 ora·

438 1472 576 1549 tionem
595 1472 691 1551 Petri
709 1480 837 1549 contra
855 1474 1043 1569 praetatos3
1060 1481 1097 1549 et
1114 1473 1234 1569 primo
1249 1472 1406 1547 ostendit
1423 1472 1610 1566 quomodo

440 1592 534 1667 lacto
563 1592 705 1667 silentio
730 1614 777 1669 ex
804 1593 904 1667 omni
935 1602 1040 1689 parte
1070 1593 1201 1669 Petrus
1231 1592 1430 1690 assignavit
1458 1612 1608 1667 causam

438 1732 517 1787 suae
541 1711 766 1789 alterationis
783 1721 821 1789 et
838 1714 995 1807 ruboris,
1018 1712 1163 1789 dicens:
1190 1716 1243 1787 Lo
1261 1714 1519 1805 moooidenzo,
1541 1711 1611 1786 scl-

439 1832 522 1909 licet
555 1832 631 1927 Dei,
657 1836 718 1908 cire
748 1840 926 1927 comperte
950 1836 1044 1926 putari
1070 1837 1142 1909 vr'cc
1173 1840 1207 1909 ct
1238 1836 1360 1925 officio,
1393 1832 1481 1925 quia
1510 1834 1610 1928 juste

438 1952 619 2029 distribuit
633 1953 833 2048 unicuique
846 1953 1195 2048 quidconvenitcui
1209 1952 1391 2046 convenit,
1402 1960 1439 2028 et
1450 1951 1609 2046 quando,

438 2070 527 2147 cuca
549 2082 650 2167 posto
681 2076 825 2149 silenzio
857 2076 915 2149 net
944 2074 1044 2149 bauto
1073 2094 1159 2149 coro
1190 2076 1239 2147 du
1273 2076 1357 2164 opat
1377 2080 1493 2165 porte,
1522 2073 1610 2166 quia

437 2182 827 2287 scilicet'quteuvemt
852 2201 1004 2269 cautum
1036 2193 1181 2269 illarum
1215 2192 1426 2268 animarum
1458 2192 1609 2286 ubique,

438 2321 480 2389 ut
503 2313 609 2389 daret
632 2314 755 2389 locum
783 2314 953 2408 loquendi
985 2314 1050 2410 ipsi
1076 2316 1197 2407 Petro,
1223 2316 1353 2407 puooa'
1365 2317 1401 2387 io
1427 2316 1510 2406 udi’,
1539 2313 1610 2387 sci·

436 2434 520 2511 licet
544 2436 695 2509 Petrum
722 2432 845 2509 dicere
878 2432 986 2507 mihi:
1020 2454 1092 2509 non
1127 2438 1152 2507 ti
1182 2437 1417 2526 mmuoiplior
1440 2454 1478 2506 se
1501 2436 1537 2505 io
1562 2434 1611 2507 noi

439 2557 648 2644 umectum,
666 2552 768 2647 idest,
787 2560 891 2629 muto
917 2554 1080 2629 colorem
1098 2548 1261 2629 declaro
1281 2554 1317 2627 in
1340 2554 1609 2648 turbulentum,

438 2674 524 2768 quia
551 2695 624 2749 non
648 2694 732 2749 sum
757 2674 876 2767 solus3
900 2673 996 2749 uuile
1017 2672 1120 2774 dicit:
1142 2670 1204 2749 cli
1221 2676 1345 2747 cedros*
1365 2676 1440 2748 tutti
1455 2681 1610 2765 corioro,

438 2794 540 2887 idest,
565 2814 695 2869 omnes
720 2794 847 2869 beatos
873 2792 975 2867 istius
996 2792 1122 2887 curiae,
1141 2796 1376 2887 trascotorur,
1396 2796 1543 2867 dicendo
1559 2795 1610 2884 io,

439 2914 541 3009 idest,
567 2936 628 2991 me
653 2915 826 3009 loquente
856 2915 903 2991 de
933 2914 1138 3009 pastoribus
1168 2919 1301 2989 restrae
1331 2913 1512 2989 interioris
1541 2933 1608 2989 cu-

439 3034 571 3110 rioe.-
583 3035 792 3128 emptitiis
809 3034 932 3130 incipit
948 3036 1080 3111 Petrus
1095 3053 1203 3107 suam
1222 3033 1454 3127 invectivam,
1467 3032 1609 3109 diceus:

443 3160 576 3251 Quepli,
593 3157 739 3251 scilicet,
757 3156 963 3231 Bonilacius
981 3155 1069 3248 Vltl,
1086 3158 1147 3229 cite
1163 3174 1297 3247 rourpc
1321 3156 1349 3227 il
1376 3158 1452 3229 loco
1477 3158 1548 3229 mio
1571 3158 1610 3229 tn

438 3286 549 3372 terro,
573 3278 675 3372 idest,
702 3276 834 3351 iniuste
860 3282 959 3351 tenet
983 3284 1021 3353 et
1046 3282 1202 3373 occupat
1227 3282 1423 3371 papatum;
1440 3282 1478 3351 et
1501 3275 1612 3373 repli-

438 3404 498 3475 cat
521 3398 559 3472 iu
584 3397 729 3496 signum
758 3397 907 3473 maioris
932 3396 1198 3495 indignationis,
1224 3398 1253 3471 il
1275 3399 1352 3472 loco
1377 3399 1460 3490 mro,
1484 3399 1512 3471 it
1534 3399 1612 3472 loco

438 3522 531 3613 mio5
555 3526 593 3593 et
617 3518 722 3593 dicit:
742 3520 803 3593 cic
822 3538 911 3593 voca
928 3520 1021 3592 nella
1032 3536 1209 3611 prescoza
1229 3519 1286 3591 det
1301 3518 1454 3608 lipiiuot
1468 3520 1507 3591 di
1524 3521 1607 3610 Diu,

438 3638 584 3733 scilicet,
602 3636 743 3732 Christi,
765 3638 827 3733 qui
855 3638 922 3713 luit
946 3638 1087 3734 primus
1112 3658 1216 3733 papa,
1241 3643 1423 3731 quantum
1442 3637 1489 3711 ad
1511 3637 1611 3711 veri·

438 3766 550 3835 tatem
577 3760 647 3833 hoc
672 3756 756 3833 dicit
781 3757 868 3851 quia
894 3758 973 3833 eius
999 3758 1130 3833 electio
1154 3778 1229 3832 nou
1250 3757 1442 3853 luitjusta,
1463 3756 1526 3831 sed
1544 3756 1611 3833 do-

441 3879 527 3972 losa,
545 3880 592 3951 io
609 3882 698 3973 [otto
722 3880 845 3952 clocca
870 3880 927 3952 dcl
950 3880 1117 3953 amimae
1137 3881 1221 3969 mio,
1239 3876 1341 3972 idest,
1359 3877 1406 3953 de
1424 3877 1611 3970 Vaticano,

441 3998 502 4073 uhi
528 3999 712 4094 sepultum
738 4006 794 4073 est
819 4019 953 4094 corpus
974 3998 1084 4092 Petri,
1103 3996 1206 4091 idest,
1228 3997 1312 4073 lecit
1334 3998 1609 4092 receptaculum

439 4118 627 4195 sordidum
645 4118 691 4195 de
708 4120 860 4203 ecclesia
877 4126 1002 4195 sancta
1023 4118 1105 4213 Dei3
1126 4118 1223 4194 unde
1239 4118 1343 4194 dicit:
1362 4120 1420 4192 del
1433 4138 1569 4211 conpare
1592 4140 1612 4193 e

439 4242 531 4317 detta
549 4260 682 4333 puzzu,
700 4240 786 4334 quia
802 4240 1089 4337 virsanguinum
1111 4246 1177 4333 est,
1199 4247 1237 4315 et
1252 4240 1349 4336 gerit
1367 4240 1504 4313 bellum
1523 4260 1610 4313 cum

439 4358 654 4454 christianis,
679 4366 717 4435 et
741 4360 933 4435 simoniam
960 4359 1166 4453 committit,
1189 4380 1236 4435 ex
1263 4360 1397 4454 quibus
1423 4360 1548 4433 litatur
1575 4366 1612 4437 et

439 4479 480 4555 fit
503 4480 721 4557 sacrificium
747 4481 910 4575 diabolo;
933 4480 1030 4557 unde
1055 4481 1159 4556 dicit:
1180 4484 1272 4555 once
1296 4484 1324 4555 il
1343 4502 1525 4575 perverso,
1546 4482 1612 4576 qui

438 4599 576 4697 partite
600 4600 718 4677 lactus
734 4608 790 4676 est
812 4600 954 4675 rebellis
975 4600 1120 4676 Facturi
1141 4622 1222 4695 suo,
1240 4602 1300 4675 cic
1315 4603 1429 4677 cadite
1446 4604 1486 4676 ci
1504 4622 1613 4694 qucr-

438 4717 492 4816 st,
520 4720 667 4816 scilicet,
693 4722 740 4799 de
763 4722 859 4797 coeto
884 4720 920 4797 iu
946 4730 1116 4798 centrum
1144 4727 1267 4816 terrae,
1290 4726 1323 4797 si
1343 4726 1450 4815 placa
1475 4718 1609 4819 topptrl,

440 4842 541 4935 idest,
568 4841 700 4917 colitur
724 4842 773 4917 ibi
800 4842 836 4917 in
863 4850 972 4918 terra.
987 4847 1096 4919 -Di
1113 4847 1199 4935 quel.
1222 4843 1287 4917 Hic
1310 4849 1421 4918 autor
1441 4842 1613 4919 describit

439 4963 692 5040 alterationem
723 4964 1149 5042 ettranscolorationem
1175 4964 1257 5040 coeli
1286 4965 1333 5041 ad
1363 4965 1475 5041 rerba
1501 4965 1610 5060 Petri,
