4842 6642
785 859 923 914 murus
948 857 1139 913 vreasruus
1164 855 1357 911 secuunus.
1583 843 1653 911 309

478 1004 601 1080 stellas
615 997 666 1099 (¹),
684 1003 783 1098 quod
802 1002 978 1078 adiuvent
1002 1002 1083 1077 eius
1107 1001 1296 1097 ingenium
1323 999 1371 1075 ad
1396 999 1506 1076 talem
1535 1007 1654 1076 mate·

477 1125 571 1199 riam
597 1121 895 1216 describendam
913 1128 951 1198 et
971 1121 1072 1198 dicit:
1090 1119 1389 1218 quandoquidem
1408 1121 1459 1196 sic
1477 1127 1531 1196 est
1550 1119 1651 1215 quod

476 1245 563 1320 estis
588 1245 736 1341 signum
762 1250 873 1318 tautae
898 1243 1042 1319 virtutis
1066 1243 1136 1319 sub
1161 1263 1237 1337 quo
1263 1241 1394 1317 intravi
1415 1232 1453 1335 (¹)
1480 1241 1517 1317 in
1544 1263 1653 1316 mun-

475 1365 565 1441 dum
594 1373 631 1440 et
657 1363 834 1440 reintravi
850 1385 949 1440 nunc
966 1361 1003 1437 in
1021 1364 1171 1459 arulum,
1189 1363 1282 1458 iden,
1307 1366 1470 1437 L'anima
1493 1365 1564 1437 mia
1583 1383 1652 1435 ora

475 1488 632 1578 respue,
658 1484 761 1579 idest,
786 1483 974 1580 supplicat,
1000 1486 1231 1558 dinotumente
1255 1506 1279 1558 a
1304 1487 1361 1557 vni
1379 1505 1448 1576 per
1473 1487 1652 1575 aequetur

476 1609 614 1695 warte,
638 1603 743 1698 idest,
768 1604 1024 1702 sufficientiam
1050 1612 1088 1681 et
1112 1604 1324 1701 potentiam,
1351 1607 1390 1678 al
1408 1623 1519 1697 passo
1540 1607 1648 1699 sorte,

476 1725 580 1821 idest,
606 1724 654 1802 ad
677 1724 834 1801 arduum
852 1725 1058 1819 materiam,
1076 1728 1136 1800 clte
1160 1746 1185 1797 α
1209 1722 1249 1800 se*
1271 1728 1308 1797 la
1333 1727 1416 1817 nia,
1435 1723 1537 1819 idest,
1564 1743 1648 1819 quae

476 1868 576 1923 nune
601 1845 669 1922 sibi
694 1846 857 1922 oecurrit
881 1845 1177 1939 describendam
1203 1852 1241 1921 et
1267 1845 1399 1920 merito
1416 1845 1519 1920 dicit:
1542 1863 1650 1938 passo

470 1969 579 2061 sorte,
608 1965 695 2059 quia
721 1965 781 2040 llic
805 1970 861 2040 est
885 1964 965 2040 linis
990 1965 1158 2039 omnium
1186 1986 1325 2041 rerum.
1353 1964 1531 2040 Describit
1550 1966 1648 2040 enim

475 2086 513 2160 in
530 2085 769 2180 sequentibus
783 2084 975 2160 eeclesiam
992 2084 1057 2159 Dei
1076 2084 1377 2180 triumphantem,
1391 2090 1429 2160 et
1442 2091 1556 2159 tutam
1571 2103 1649 2158 coe·

475 2206 607 2282 lestsm
632 2203 775 2280 curiam
803 2203 992 2298 usquead
1017 2203 1148 2279 Deum
1548 2279 1551 2286 ⁴
1600 2275 1604 2284 ,

554 2331 605 2400 lit
628 2318 722 2400 sest
742 2345 879 2418 presso.
905 2326 992 2400 llaec
1016 2331 1072 2400 est
1095 2325 1224 2419 quinta
1251 2331 1288 2400 et
1314 2325 1442 2400 ultima
1469 2347 1554 2421 pars
1581 2345 1649 2422 ge·

475 2436 676 2540 neralisffl,
701 2445 739 2520 in
763 2466 838 2540 qua
863 2451 973 2520 autor
996 2445 1167 2520 describit
1199 2445 1436 2521 reflexionem
1463 2445 1519 2520 sui
1548 2445 1646 2520 visus

473 2566 521 2642 ad
537 2565 804 2662 respiciendum
823 2566 1071 2641 universalem
1090 2565 1270 2640 mundum
1290 2565 1359 2641 sub
1376 2587 1417 2642 se
1434 2587 1498 2663 per
1517 2587 1647 2642 omnes

407 2748 409 2751 .
471 2686 664 2762 interiores
694 2707 830 2782 speras.
862 2685 906 2759 Et
939 2685 1059 2781 primu
1088 2685 1245 2762 ostendit
1275 2687 1461 2781 quomodo
1496 2687 1643 2763 Beatrix

473 2805 696 2901 persuaserit
720 2805 788 2881 sibi
813 2806 923 2881 talem
951 2806 1202 2899 reflexionem,
1227 2805 1370 2882 dicens:
1396 2811 1555 2881 Beatrire
1584 2827 1646 2880 ro-

471 2917 619 3002 mnan:
642 2933 679 3000 lu
701 2928 749 2999 sd
769 2918 800 3000 sl
819 2946 944 3019 presso
964 2929 1024 3000 atr
1036 2928 1157 3000 amma
1172 2929 1296 3019 mlute,
1318 2927 1422 3022 quasi
1440 2926 1554 3004 dieat:
1585 2926 1644 3002 hic

471 3044 574 3120 loeus
600 3045 637 3119 in
661 3064 738 3138 que
764 3051 804 3120 tu
830 3065 871 3120 es
895 3051 951 3132 est
976 3045 1026 3120 ita
1052 3045 1279 3141 propinquus
1305 3047 1393 3142 Deo,
1411 3047 1498 3142 quia
1522 3047 1641 3120 solum

470 3184 581 3264 spera·
603 3183 700 3239 noua
727 3170 782 3239 est
807 3163 1036 3258 intermedia,
1061 3167 1121 3239 olle
1144 3175 1181 3240 tu
1215 3169 1272 3240 dei
1300 3187 1406 3240 avere
1430 3170 1461 3239 le
1484 3169 1554 3240 tari
1579 3174 1646 3258 tue,

471 3283 606 3360 scilieet
630 3284 893 3360 intellectuales
918 3285 1055 3379 oculos,
1080 3287 1200 3360 aliare
1223 3294 1257 3361 et
1283 3294 1393 3381 acum,
1423 3288 1569 3381 seilicet,
1596 3287 1641 3364 ad

470 3403 625 3480 ridenda
649 3404 774 3482 omnia
798 3405 991 3500 interiora3
1013 3429 1032 3480 e
1053 3398 1141 3499 pert
1161 3410 1289 3480 ramira
1305 3409 1344 3480 in
1363 3411 1476 3499 piare,
1495 3409 1643 3502 scilicet,

468 3522 516 3600 ad
540 3524 723 3620 interiora,
746 3529 867 3618 prima
897 3528 958 3600 ete
982 3532 1017 3599 tu
1047 3521 1109 3618 pii
1138 3529 1268 3621 t’inlei,
1304 3526 1406 3619 idest,
1441 3534 1642 3622 antequam

469 3643 587 3742 magis
610 3646 724 3722 intres
748 3646 786 3720 in
810 3667 894 3722 eam
920 3647 1127 3740 salutem‚e
1152 3649 1230 3720 verli
1246 3655 1376 3740 quanto
1394 3650 1523 3721 mondo
1544 3652 1569 3722 tt
1591 3652 1641 3744 sei

467 3785 563 3841 esser
585 3755 649 3856 pin
671 3773 760 3840 sotto
785 3769 812 3840 li
829 3768 936 3859 pierii.
963 3765 1007 3839 ut
1030 3765 1153 3840 subdit
1177 3786 1342 3860 causam,
1370 3788 1487 3861 quare
1511 3767 1644 3844 debeat

468 3885 538 3958 hoc
564 3883 698 3977 lacere,
728 3891 770 3960 ut
794 3885 931 3960 scilieet
955 3885 1072 3960 laetius
1097 3893 1135 3960 et
1159 3885 1310 3962 liberius
1335 3887 1485 3962 accedat
1510 3887 1557 3962 ad
1584 3909 1644 3964 se·

468 4009 646 4096 quantem
673 4004 866 4080 materiam
897 4004 1194 4100 describendam
1221 4005 1319 4082 unde
1350 4005 1455 4081 dicit:
1481 3999 1510 4080 sl
1541 4009 1600 4080 cle
1617 4010 1643 4081 'l

467 4129 526 4196 tuto
541 4144 629 4197 auor
640 4125 870 4217 &appresenti
878 4127 1053 4216 merendo
1069 4132 1289 4217 pneumaque
1302 4119 1387 4221 puri,
1402 4126 1503 4221 idest,
1522 4147 1643 4221 quau·

468 4250 549 4318 tum
575 4243 745 4340 possibile
769 4252 825 4320 est
854 4244 967 4319 menti
997 4244 1117 4321 adhuc
1147 4245 1313 4321 existenti
1347 4245 1384 4320 in
1418 4251 1643 4343 cernentia

467 4365 571 4438 tute
587 4368 790 4461 uterinum,
807 4365 911 4459 idest,
928 4364 1091 4440 ecclesiae
1110 4365 1360 4461 triumphanti,
1377 4369 1437 4440 cle
1453 4371 1531 4442 vien
1548 4371 1642 4461 tiela,

468 4485 573 4581 idest,
600 4506 684 4580 quae
712 4485 901 4582 apparebit
926 4483 990 4558 tibi
1024 4504 1134 4578 nune,
1162 4507 1228 4578 per
1258 4495 1374 4578 queem
1400 4494 1495 4561 etrra
1521 4491 1641 4581 medo,

467 4604 573 4702 idest,
588 4607 626 4681 in
640 4606 708 4681 isto
725 4606 820 4681 eoelo
836 4605 990 4702 sperieo,
1003 4603 1150 4700 scilieet,
1168 4604 1465 4682 firmamentu-
1475 4611 1538 4684 σοι
1554 4613 1639 4684 uuo.

511 4809 556 4900 '(·J
572 4839 604 4889 E.
619 4839 708 4890 stellas
723 4840 898 4903 gemlnorum,
914 4838 985 4903 queri
1001 4837 1133 4889 adiuvent.

529 4915 557 4978 (¹)
574 4915 605 4968 ll.
621 4916 714 4967 intrari
730 4917 867 4968 mundum.

530 4989 559 5054 t')
574 4991 606 5044 E.
620 4991 750 5056 gemuli·
765 4993 843 5043 huius
858 4991 975 5056 capituli,
993 4991 1019 5042 in
1034 5003 1095 5056 qua.
