4842 6642
776 830 848 897 adl
1169 838 1373 895 counnruu
1398 842 1565 895 rsnanrsr

774 986 884 1060 situm
913 1008 1003 1084 ergo
1029 994 1138 1062 autor
1165 987 1244 1060 vult
1268 987 1531 1061 sententialiter
1555 987 1689 1082 dicere,
1721 990 1821 1083 quod
1854 990 1948 1063 sicut

773 1108 851 1181 sole
877 1115 1053 1203 vergente
1079 1107 1125 1181 ad
1150 1126 1322 1181 occasum
1358 1108 1596 1201 propalantur
1625 1108 1738 1181 stellae
1772 1107 1808 1181 in
1841 1109 1948 1204 ooelo,

774 1227 823 1303 ita
849 1229 971 1322 aquila
999 1236 1141 1303 tacente
1175 1248 1305 1303 omnes
1339 1227 1409 1303 illae
1425 1220 1463 1319 (¹)
1492 1226 1628 1303 animae
1657 1246 1698 1301 se
1732 1230 1949 1323 propalave-

776 1354 863 1422 runt
887 1349 1016 1443 inipso
1042 1349 1156 1444 siguo.
1184 1348 1229 1421 Et
1254 1348 1441 1442 praemittit
1466 1353 1576 1423 autor
1600 1352 1725 1423 actum
1745 1348 1877 1443 ipsum,
1902 1348 1950 1423 de

778 1490 852 1563 quo
878 1469 960 1543 lacit
985 1468 1310 1563 comparationem,
1335 1466 1482 1543 dicens:
1510 1472 1559 1539 to
1583 1470 1648 1541 ciet
1670 1470 1729 1541 cite
1748 1472 1871 1560 primu
1894 1472 1952 1541 sot

776 1592 805 1660 ε’
818 1592 966 1662 accende
990 1591 1028 1662 dt
1053 1591 1113 1678 lui,
1141 1587 1232 1661 idest
1241 1578 1290 1681 (¹),
1307 1587 1376 1663 ista
1394 1608 1470 1681 quo
1486 1588 1565 1661 solo
1582 1588 1659 1661 sole
1676 1586 1796 1682 primo
1815 1588 1948 1665 illumi-

778 1716 887 1783 natur
903 1708 950 1783 de
974 1708 1043 1802 die,
1065 1710 1289 1783 subintrante
1305 1710 1336 1781 si
1351 1698 1424 1801 rifd
1444 1715 1630 1801 parcente,
1647 1707 1752 1801 idest,
1769 1728 1949 1811 apparens

777 1837 814 1905 st
838 1829 1084 1905 illuminatum
1110 1828 1328 1904 adveniente
1359 1835 1477 1923 nocte,
1504 1850 1572 1921 per
1602 1830 1705 1903 molle
1731 1831 1815 1921 luci,
1846 1828 1948 1921 idest,

777 1949 915 2025 lucidas
941 1951 1075 2041 stellas,
1100 1951 1136 2023 in
1163 1952 1223 2023 cle
1243 1970 1317 2023 una
1332 1952 1520 2043 rispteade,
1539 1949 1641 2041 idest,
1658 1950 1847 2044 inquibus
1864 1950 1951 2024 stel-

776 2070 830 2163 lis,
850 2090 922 2143 unu
938 2072 1049 2159 stalla,
1067 2068 1214 2165 scilicet,
1230 2070 1296 2161 sol,
1316 2069 1532 2163 resplendet,
1551 2069 1638 2162 quia
1655 2068 1803 2162 scilicet,
1819 2089 1950 2147 omnes

775 2190 889 2267 stellae
914 2191 1093 2285 recipiunt
1123 2189 1354 2285 splendorem
1380 2210 1404 2264 a
1429 2190 1516 2264 sole.
1551 2190 1594 2265 dt
1624 2190 1694 2265 luc
1724 2188 1776 2283 lit,
1809 2194 1951 2281 quando

775 2313 878 2400 colui,
904 2309 1039 2384 scilicet
1064 2310 1129 2403 sol,
1147 2311 1207 2381 cte
1231 2312 1365 2383 ultuma
1384 2316 1467 2381 mtto
1484 2312 1510 2383 'l
1524 2312 1667 2400 mondo,
1685 2309 1772 2403 quia
1790 2311 1844 2384 sol
1866 2310 1951 2383 illu·
2083 2314 2086 2319 ’

778 2430 891 2503 minat
917 2429 1041 2503 omnia
1068 2449 1223 2522 corpora
1246 2429 1437 2523 superiora
1464 2436 1502 2503 ct
1525 2429 1711 2524 inferiora,
1737 2433 1769 2503 st
1791 2432 1953 2505 worado

777 2552 834 2623 det
849 2557 971 2622 nostro
988 2552 1184 2641 emispma'o,
1202 2548 1306 2642 idest,
1324 2548 1409 2623 lacit
1425 2570 1536 2623 suum
1553 2569 1741 2643 occasum,
1758 2550 1844 2644 quia
1862 2556 1952 2627 tunc

776 2669 961 2745 deseendit
985 2691 1008 2745 a
1034 2676 1159 2743 nostro
1186 2668 1407 2764 hemisperio
1431 2668 1614 2765 superiori
1635 2670 1681 2743 ad
1701 2670 1814 2743 alium
1833 2671 1952 2745 laemi-

777 2789 941 2884 sperium
968 2787 1131 2881 inferius,
1157 2792 1218 2863 cte
1233 2792 1259 2863 'l
1280 2794 1409 2882 piorno
1433 2794 1465 2863 si
1488 2812 1655 2895 consumo
1679 2794 1812 2882 d’opai
1831 2798 1948 2885 purte,

777 2910 865 3003 quia
890 2909 1037 3002 scilicet,
1065 2909 1201 3003 ubique
1227 2908 1268 2982 lit
1293 2930 1377 2984 nor.
1404 2910 1448 2987 Et
1465 2910 1523 2985 hic
1541 2916 1625 2985 nota
1644 2911 1830 3005 quomodo
1847 2931 1951 2986 com·

778 3029 918 3124 paratio
938 3038 994 3104 est
1008 3030 1174 3127 propria3
1193 3030 1323 3123 primo,
1342 3030 1428 3124 quia
1446 3031 1540 3105 sicut
1564 3032 1689 3107 omnia
1714 3031 1832 3106 sidera
1856 3031 1952 3107 roci·

778 3149 881 3245 piunt
907 3150 1035 3225 lumen
1060 3171 1082 3224 a
1108 3152 1196 3243 sole,
1223 3151 1272 3226 ita
1298 3172 1428 3227 omues
1458 3152 1536 3227 istae
1567 3152 1701 3227 animae
1731 3152 1778 3225 ab
1808 3152 1951 3249 aqrrila3

777 3269 950 3365 secundo,
976 3270 1062 3364 quia
1094 3271 1188 3345 sicut
1219 3271 1296 3345 sole
1325 3271 1471 3348 lucente
1505 3270 1542 3345 in
1576 3272 1796 3366 hemisperio
1828 3278 1953 3350 nostro

777 3410 906 3465 omncs
924 3392 1037 3465 stella
1054 3392 1179 3484 latent,
1197 3399 1235 3465 et
1248 3380 1286 3483 (³)
1305 3391 1383 3486 ipso
1401 3390 1596 3467 recedente
1612 3411 1742 3467 omnes
1762 3400 1953 3487 apparent,

778 3512 827 3586 ita
853 3510 975 3605 aquila
1002 3512 1185 3605 loquente,
1203 3532 1334 3587 omnes
1357 3512 1729 3605 animaeltacuerunt,
1747 3518 1785 3587 et
1809 3513 1869 3587 illa
1898 3519 1954 3589 ta·

777 3638 885 3707 cente
911 3652 1040 3707 omnes
1060 3639 1254 3727 coeperunt
1275 3652 1411 3709 canere
1430 3640 1468 3707 et
1487 3632 1692 3707 scintillare.
1706 3639 1802 3707 -d
1824 3640 1952 3725 questo.

777 3750 845 3827 llic
869 3758 979 3827 autor
1002 3752 1158 3848 applicat
1182 3752 1317 3827 dictam
1338 3753 1651 3848 comparationem
1670 3753 1717 3828 ad
1734 3774 1844 3827 suum
1868 3774 1954 3848 pro·

777 3871 952 3967 positum,
977 3871 1120 3965 dicens3
1149 3878 1180 3947 Ε
1201 3880 1319 3964 puato
1345 3880 1417 3947 otto
1441 3875 1499 3947 del
1522 3874 1774 3947 cerniacum
1791 3895 1814 3946 u
1831 3880 1952 3967 meno,

782 3992 882 4087 idest,
909 3994 1070 4068 occurrit
1095 4014 1189 4067 meae
1223 3993 1461 4087 speculationi
1489 3993 1650 4087 mentali,
1676 4014 1772 4067 conce
1796 3997 1824 4067 il
1845 4014 1954 4087 scano

777 4115 837 4187 dcl
852 4116 995 4204 mondo,
1013 4113 1117 4207 idest,
1137 4134 1224 4189 cum
1247 4112 1371 4207 aquila
1392 4132 1477 4207 quae
1502 4120 1558 4187 est
1579 4113 1786 4215 universale
1808 4114 1952 4213 signum
1986 4200 1993 4213 ‚

779 4232 919 4326 mundi,
944 4254 963 4305 e
988 4236 1041 4307 da’
1058 4236 1135 4305 suoi
1165 4235 1257 4326 duci,
1286 4232 1389 4325 idest,
1414 4231 1632 4328 principium
1665 4233 1804 4328 mundi,
1831 4240 1872 4307 ut
1898 4240 1955 4308 to-

779 4351 872 4426 tiens
897 4352 1034 4425 dictum
1069 4360 1136 4444 ost,
1158 4357 1200 4446 su
1226 4360 1357 4427 tacente
1386 4354 1445 4427 net
1476 4352 1650 4427 benedetto
1683 4360 1816 4443 rostro,
1851 4351 1955 4445 idest,

780 4472 952 4568 imposuit
977 4472 1087 4549 fincm
1120 4495 1188 4547 suo
1222 4473 1396 4567 sermoni,
1428 4493 1541 4567 quem
1573 4473 1710 4549 lecerat
1740 4474 1787 4549 de
1820 4472 1957 4547 vitiosis

780 4594 929 4689 regibus
960 4592 1176 4687 christianis,
1207 4595 1361 4687 loquens
1395 4614 1471 4667 uno
1504 4614 1582 4687 ore,
1617 4594 1707 4689 vioe,
1740 4602 1778 4668 et
1807 4594 1956 4670 nomine

780 4714 945 4787 omnium
972 4722 1261 4809 aggregatorum
1289 4716 1327 4787 in
1353 4714 1432 4807 ipso
1455 4734 1613 4809 corpore
1633 4714 1768 4808 aquile
1793 4714 1839 4789 ad
1864 4734 1956 4791 oon·

844 4904 871 4964 l¹l
888 4903 913 4952 S·
931 4903 996 4952 ⁸¹1²·
1370 4900 1399 4965 (¹)
1416 4903 1447 4953 E.
1463 4902 1537 4963 idest,
1554 4916 1607 4966 quo
1622 4901 1679 4952 solo
1695 4899 1758 4950 sole.

845 4978 872 5043 (¹)
889 4979 920 5030 Ε.
936 4984 963 5029 el
978 4980 1112 5033 scaldem·
1127 4994 1160 5033 so
1176 4994 1275 5033 cums.
