4842 6642
804 861 942 916 caurus
966 862 1124 918 uncruus
1149 862 1315 928 numrus.
1574 848 1643 916 153

473 1010 555 1085 licet
568 1009 615 1083 ab
628 1009 695 1084 ista
708 1008 868 1102 domina,
882 1027 966 1103 quae
976 1008 1044 1082 luit
1056 1008 1101 1082 de
1115 1007 1330 1104 Aldigbcriis
1342 1007 1388 1082 de
1400 1007 1580 1082 Ferraria.
1595 1047 1645 1062 -

471 1133 537 1204 Por·
548 1132 703 1222 senone
719 1129 784 1202 llic
797 1127 1037 1224 Caeciaguida
1049 1127 1221 1203 describit
1233 1147 1274 1202 se
1286 1127 1333 1200 ab
1345 1127 1467 1202 officio
1479 1148 1560 1221 suo,
1574 1127 1645 1201 sci·

468 1248 562 1343 licet,
579 1269 602 1323 a
619 1248 793 1346 dignitate
812 1246 966 1321 militari.
984 1247 1038 1322 Ad
1055 1247 1162 1321 cuius
1179 1246 1454 1344 intelligentiam
1471 1254 1527 1321 est
1546 1267 1643 1340 prae-

470 1368 658 1444 sciendum
702 1369 800 1463 quod
838 1368 1027 1444 Conradus
1065 1388 1306 1443 romanorum
1344 1387 1411 1442 ren
1451 1367 1643 1441 millesimo

471 1489 670 1565 centesimo
695 1489 1000 1586 quinquagesimo
1026 1497 1159 1584 quarto
1175 1480 1211 1581 (¹)
1230 1509 1316 1562 cum
1343 1488 1528 1563 Ludovico
1555 1507 1642 1584 rege

471 1610 681 1684 lraucorum
701 1609 866 1684 transivit
883 1630 968 1684 cum
988 1609 1151 1684 exercitu
1166 1608 1448 1684 christianorum
1467 1608 1514 1684 ad
1533 1628 1641 1682 recu·
1704 1677 1709 1686 .

471 1730 669 1826 parandam
684 1731 836 1805 Terram
854 1731 1036 1806 Sanctam.
1051 1730 1148 1804 Inter
1161 1729 1250 1804 alios
1267 1730 1385 1804 dictus
1401 1728 1640 1826 Cacciaguida

471 1849 536 1924 ivit
559 1850 606 1924 ad
631 1851 721 1925 illud
746 1852 953 1948 passagium
961 1875 971 1946 ;
998 1851 1062 1946 qui
1088 1851 1303 1925 strenuitate
1327 1871 1395 1925 sua
1425 1849 1577 1924 reddidit
1602 1871 1642 1923 se

468 1976 615 2066 gratum
641 1970 736 2044 dicto
764 1971 840 2067 regi
866 1970 958 2046 adeo
984 1971 1082 2065 quod
1108 1969 1257 2044 donavit
1281 1990 1370 2044 eum
1387 1970 1529 2044 honore
1547 1970 1641 2042 mili-

469 2091 548 2166 tari.
574 2092 620 2165 Et
643 2091 793 2166 demum
819 2112 988 2188 pugnans
1013 2096 1140 2165 contra
1158 2088 1320 2165 infideles
1336 2089 1466 2164 cecidit
1481 2090 1519 2163 in
1539 2089 1638 2164 acie:

468 2218 506 2286 et
528 2212 612 2286 hinc
638 2219 747 2286 autor
771 2213 926 2307 sumpsit
950 2211 1178 2286 occasionem
1205 2211 1362 2306 ponendi
1381 2231 1469 2286 eum
1488 2210 1639 2286 beatum

372 2409 376 2417 ,
468 2330 505 2404 in
530 2333 655 2425 blarte,
683 2331 768 2427 quia
795 2331 861 2405 luit
887 2330 989 2405 lortis
1018 2337 1210 2428 pugnator,
1240 2331 1407 2405 militavit
1435 2332 1506 2405 sub
1539 2331 1640 2427 prin-

468 2450 546 2546 cipe
571 2452 779 2548 cbristiano,
804 2453 981 2549 pugnavit
998 2473 1065 2547 pro
1086 2451 1158 2526 uda
1181 2450 1377 2526 christiana
1404 2460 1531 2527 contra
1558 2451 1640 2526 inii·

468 2569 579 2666 detes,
597 2579 635 2646 et
656 2573 759 2648 miles
785 2572 914 2647 Christi
941 2579 1110 2646 mortuus
1136 2576 1200 2646 est.
1219 2571 1324 2645 Nunc
1339 2570 1387 2645 ad
1404 2570 1558 2646 literam.
1576 2572 1639 2646 Di-

467 2692 514 2766 cit
530 2693 789 2790 Cacciaguida:
808 2697 875 2767 Por'
889 2696 1036 2784 seprtitoi
1051 2694 1286 2786 timperador
1301 2695 1478 2784 Currodo,
1491 2692 1638 2786 scilicet,

467 2812 504 2886 in
529 2813 730 2887 subsidium
757 2815 880 2888 rerrae
905 2813 1065 2908 Sanctae3
1087 2821 1120 2887 et
1142 2816 1239 2886 omi
1257 2815 1350 2886 close
1369 2815 1461 2886 delto
1480 2835 1547 2888 sua
1573 2816 1639 2886 nri·

466 2933 562 3024 tria,
589 2932 691 3027 idest,
716 2933 800 3008 lecit
825 2953 887 3008 me
913 2933 1064 3008 militem
1089 2932 1308 3026 accinctum,
1338 2939 1435 3005 teoto
1462 2935 1514 3025 pti
1537 2938 1640 3006 venna?

467 3057 502 3127 tn
528 3057 645 3148 prado
664 3075 734 3147 per
758 3055 841 3128 benc
865 3075 992 3148 opror,
1018 3053 1164 3148 scilicet,
1186 3055 1224 3128 in
1241 3054 1416 3129 exercitio
1432 3073 1638 3147 armorum,

466 3173 503 3248 in
527 3175 706 3249 auxilium
732 3175 824 3250 lidei.
856 3175 900 3249 Et
928 3175 1060 3269 subdit,
1093 3180 1223 3249 contra
1251 3195 1345 3268 quos
1374 3173 1552 3268 militavit,
1583 3173 1638 3248 di-

465 3313 570 3369 cens:
596 3297 707 3370 dietro
723 3298 774 3387 pb·
789 3299 900 3370 undat
922 3298 1083 3368 incarcere
1100 3297 1173 3367 otto
1190 3296 1364 3392 neqatzia,
1382 3293 1484 3386 idest,
1503 3293 1637 3388 iniqui·

465 3421 588 3509 tatem,
614 3418 652 3490 di
675 3419 788 3507 qnetta
813 3420 923 3508 lappe,
949 3415 1095 3509 scilicet,
1121 3415 1343 3507 Mabometti,
1365 3413 1394 3487 si
1426 3421 1549 3488 tamen
1575 3415 1636 3488 lex

463 3535 531 3611 dici
557 3543 734 3612 meretur.
760 3538 804 3610 Et
829 3536 932 3610 dicit:
958 3539 985 3610 tl
1007 3539 1063 3610 cui
1081 3539 1228 3628 popolo,
1254 3536 1400 3631 scilicet,
1421 3556 1633 3628 saracenus,

462 3657 523 3750 qui
550 3657 638 3732 vivit
664 3657 733 3731 sub
758 3658 841 3754 lege
865 3657 1087 3751 blabometti,
1112 3677 1259 3750 usurpo,
1282 3657 1385 3750 idest,
1410 3656 1544 3730 iniuste
1569 3655 1637 3731 de-

464 3775 552 3852 tinet
576 3783 614 3850 et
638 3775 805 3870 possidet,
828 3785 948 3850 corbo
963 3779 1138 3869 piastizlc,
1157 3775 1259 3868 idest,
1277 3777 1430 3850 Terram
1447 3775 1634 3864 Sanctam,

463 3915 546 3989 quae
566 3895 666 3991 juste
691 3902 746 3970 est
770 3896 1062 3970 christianorum.
1082 3896 1125 3968 Et
1142 3895 1342 3970 incidenter
1360 3894 1483 3990 culpat
1500 3916 1632 3991 papam

464 4015 527 4108 qui
553 4015 729 4111 permittit
753 4015 885 4090 dictam
912 4024 1050 4090 terram
1067 4006 1104 4108 (²)
1122 4022 1337 4111 occupatam
1356 4016 1564 4091 conculcari
1586 4017 1635 4090 ab

466 4136 680 4230 infidelibus,
700 4136 843 4212 dicens:
861 4157 929 4229 per
953 4139 1056 4228 culpo
1081 4139 1119 4210 di
1139 4143 1278 4228 postor,
1297 4136 1444 4228 scilicet,
1461 4136 1633 4211 Bonitacii

464 4277 566 4352 papae
590 4257 676 4350 Vlll,
702 4257 765 4351 qui
791 4263 879 4330 tunc
903 4255 1064 4350 sedebat,
1090 4256 1183 4330 sicut
1198 4256 1277 4351 jam
1298 4255 1395 4330 idem
1417 4255 1506 4330 dirit
1522 4263 1634 4331 autor

462 4399 573 4473 supra
598 4377 757 4472 capitulo
782 4377 891 4450 buius
916 4376 1152 4451 Paradisi.-
1168 4379 1279 4465 Onici.
1302 4377 1366 4450 llic
1391 4375 1632 4472 Caeciaguida

464 4499 575 4596 tangit
600 4520 707 4574 suam
733 4504 904 4592 mortem,
921 4496 1062 4572 dicens:
1085 4501 1198 4590 Orici,
1219 4497 1365 4592 scilicet,
1383 4497 1420 4571 in
1440 4497 1501 4572 illa
1518 4498 1634 4572 Terra

462 4620 604 4713 Sancta,
636 4622 687 4713 stt
700 4622 735 4692 io
767 4621 1010 4711 dirumpam,
1046 4617 1148 4711 idest,
1180 4617 1403 4712 interiectus,
1436 4619 1486 4691 do
1519 4621 1633 4711 predo

460 4748 559 4833 pente
593 4747 709 4832 torpa,
735 4739 870 4814 scilicet
903 4757 1089 4832 saracena,
1122 4758 1206 4832 quae
1238 4737 1274 4810 in
1307 4737 1361 4812 rei
1390 4738 1546 4814 veritate
1578 4744 1634 4815 est

525 5001 553 5062 (¹)
570 4999 601 5050 E.
619 5004 688 5051 115⁷.
1020 4997 1048 5062 ζ’)
1065 4999 1096 5049 Ε.
1113 5004 1210 5049 terram
1229 4999 1412 5050 conculcatam
1431 5000 1564 5062 occupari.
