4842 6642
465 1286 631 1356 umus
655 1284 887 1351 VIGESIMUS
911 1284 1107 1366 QUINTUS,
1128 1287 1163 1350 in
1185 1307 1245 1370 quo
1268 1293 1425 1354 tractatur
1442 1279 1635 1355 decedendo

744 1397 860 1464 omo
882 1395 1062 1480 theotonica,
1084 1397 1202 1462 reticet
1222 1398 1262 1463 de
1282 1419 1348 1481 spe.

505 1760 508 1765 ⁴
534 1638 631 1808 Sc
655 1737 728 1808 moi
751 1737 921 1825 emrtinpo
942 1737 1003 1809 cte
1025 1736 1051 1808 'i
1073 1754 1203 1827 poema
1227 1753 1344 1808 aomo.
1372 1733 1570 1828 Postquam
1597 1733 1633 1808 in

461 1855 681 1954 procedenti
713 1855 873 1952 capituto
904 1862 1015 1932 autor
1039 1860 1165 1930 noster
1190 1854 1359 1930 tractavit
1391 1862 1429 1930 et
1457 1854 1634 1930 determi-

461 1977 564 2052 navit
592 1977 639 2054 de
669 1977 786 2072 prima
818 1976 953 2051 virtute
989 1976 1204 2074 theologica,
1236 1974 1371 2053 scilicet
1407 1975 1503 2070 fide;
1534 1998 1636 2070 nunc

461 2103 729 2192 consequenter
754 2098 792 2172 in
816 2098 884 2173 isto
910 2097 1009 2173 XXV
1030 2097 1189 2192 capituto
1206 2102 1339 2172 tractat
1355 2103 1393 2172 et
1410 2096 1633 2174 determinat

460 2216 508 2294 de
531 2217 692 2294 secunda
718 2238 804 2313 quac
826 2218 1033 2314 appellator
1058 2238 1149 2313 spes.
1176 2217 1221 2291 ut
1246 2237 1407 2312 praesens
1429 2217 1635 2313 capitulum

462 2345 580 2433 potest
610 2338 772 2415 breviter
805 2338 913 2414 diuidi
944 2339 983 2414 in
1015 2343 1176 2433 quatuor
1207 2343 1328 2433 partes
1353 2338 1564 2435 generales:
1597 2340 1634 2413 in

462 2479 622 2552 quarum
649 2459 767 2554 prima
798 2459 994 2534 introducit
1018 2459 1169 2534 beatum
1195 2459 1373 2533 iacobum
1403 2459 1636 2534 examinatu-

307 2647 310 2652 ,
464 2598 550 2652 rum
576 2578 697 2673 ipsum
721 2579 770 2654 de
792 2600 867 2676 spe.
893 2579 934 2654 in
964 2579 1123 2654 secunda
1156 2579 1313 2653 lacobus
1346 2578 1430 2652 iacit
1458 2578 1525 2652 sibi
1560 2587 1634 2653 tres

464 2697 658 2792 petitiones
688 2698 787 2776 circa
820 2699 993 2774 virtutem
1027 2697 1115 2792 spei,
1140 2717 1301 2792 quarum
1338 2719 1450 2772 unam
1485 2699 1630 2772 Beatrix

463 2817 581 2913 solvit,
607 2826 644 2894 et
668 2826 780 2894 autor
805 2819 1000 2914 respondet
1036 2818 1082 2892 ad
1111 2818 1202 2892 alias
1233 2817 1337 2910 duas,
1364 2817 1431 2892 ibi:
1462 2822 1633 2894 Rideodo.

462 2937 503 3017 lu
528 2939 634 3014 tertia
659 2939 818 3015 Jacobus
843 2940 993 3034 inquirit
1006 2931 1044 3031 (¹)
1069 2939 1119 3013 ab
1143 2945 1276 3014 autore
1301 2939 1399 3014 unde
1426 2940 1546 3015 veniat
1566 2941 1632 3015 sihi

414 3058 418 3065 '
464 3058 543 3133 nec
567 3057 699 3152 virtus,
722 3058 793 3134 ibi:
821 3063 934 3134 Corne.
966 3061 1007 3133 in
1040 3065 1172 3154 quarta
1204 3065 1242 3134 et
1276 3058 1404 3134 ultima
1437 3060 1634 3134 introducit

465 3176 614 3267 tertium
649 3179 853 3274 apostolum
889 3179 1091 3255 iohannem
1127 3177 1428 3254 examinaturum
1462 3200 1552 3255 eum
1588 3181 1635 3256 de

465 3298 574 3375 tertia
598 3297 747 3394 uirtute,
771 3300 919 3389 scilicet,
944 3299 1107 3392 caricis,
1134 3299 1202 3372 ibi:
1228 3301 1356 3373 Porcio
1386 3308 1443 3374 tra
1475 3322 1558 3374 erse.
1583 3299 1639 3376 nd

464 3417 626 3513 primum
652 3440 745 3517 ergo
769 3419 862 3511 dico,
881 3418 981 3513 quod
999 3419 1035 3493 iu
1053 3418 1170 3515 prima
1189 3426 1294 3514 parte
1313 3425 1424 3494 autor
1441 3419 1637 3496 introducit

466 3540 642 3614 iacobum
669 3541 887 3636 apostolum,
904 3539 968 3634 qui
989 3547 1044 3614 est
1069 3539 1349 3614 examinaturus
1375 3562 1461 3615 eum
1480 3541 1526 3616 de
1552 3531 1635 3638 spe3

465 3662 529 3738 sed
554 3661 675 3759 primo
697 3663 785 3757 quia
802 3667 1027 3737 tractaturus
1047 3667 1103 3736 est
1118 3661 1165 3735 de
1181 3682 1247 3756 spe
1262 3661 1478 3736 continuans
1495 3682 1536 3736 se
1552 3669 1635 3736 tao-

465 3781 518 3878 git
541 3780 678 3874 aliquid
702 3781 750 3856 de
775 3801 844 3856 sua
869 3801 945 3875 spe.
977 3782 1023 3855 Et
1055 3780 1218 3855 breuiter
1251 3787 1289 3854 et
1316 3781 1533 3856 summatim
1557 3782 1637 3856 vuit

468 3903 601 3996 dicere,
619 3901 717 3998 quod
738 3909 861 3998 sperat
885 3923 954 3999 pro
979 3900 1283 3978 remuneratione·
1304 3901 1360 3976 sui
1379 3901 1557 3997 poematis
1576 3923 1636 3976 re-

466 4022 559 4098 uerti
584 4022 819 4115 Florentiam,
836 4029 873 4098 et
894 4022 943 4096 ibi
967 4021 1131 4116 recipcre
1146 4021 1315 4097 lauream
1334 4043 1522 4097 coronam.
1541 4023 1637 4097 Con-

466 4150 571 4218 strue
594 4150 632 4220 et
656 4163 800 4238 erpone
824 4142 875 4218 sic
901 4141 1064 4218 literam:
1086 4162 1158 4238 ego
1176 4143 1323 4236 Dantes,
1341 4136 1542 4234 demand,
1569 4145 1637 4218 sci-

466 4262 563 4355 licet,
594 4262 632 4336 in
665 4263 836 4356 patriam,
865 4271 971 4355 poeta
1001 4264 1099 4336 onai
1126 4283 1193 4337 coo
1227 4265 1323 4336 oltra
1358 4283 1451 4356 voce,
1490 4263 1636 4357 scilicet,

467 4382 602 4476 heiotu,
627 4382 775 4476 scilicet,
802 4382 994 4457 maturiori
1018 4392 1057 4459 et
1081 4383 1302 4480 sapientiori,
1327 4407 1393 4459 con
1418 4389 1511 4460 altro
1536 4387 1638 4476 vello,

465 4501 567 4596 idest,
593 4503 677 4580 lana
702 4503 762 4578 uei
792 4505 898 4579 iauea
929 4511 1039 4600 ueste,
1072 4505 1177 4602 quasi
1208 4506 1327 4582 dicat:
1362 4507 1510 4602 quando
1540 4503 1637 4582 exivi

465 4622 700 4717 Florentiam,
726 4623 822 4700 exivi
848 4645 937 4700 cum
967 4646 1059 4702 voce
1077 4627 1231 4722 juveniti
1263 4634 1300 4702 et
1330 4629 1454 4702 nabitu
1483 4625 1637 4724 juveniti

381 4776 386 4791 ¹
466 4744 627 4838 superbo
652 4751 689 4818 et
714 4765 830 4838 vauo;
856 4765 955 4819 nunc
980 4755 1106 4820 numm
1140 4746 1257 4821 iactus
1286 4766 1397 4823 senex
1429 4755 1466 4824 et
1495 4749 1639 4845 sapiens

484 4987 805 5074 ,rioms

601 5112 627 5157 t.
1478 5119 1505 5162 28
