4842 6642
777 871 916 926 caurus
941 873 1135 927 rrausruus
1159 872 1319 926 ruamus.
1560 857 1629 925 329

457 1026 495 1096 et
522 1039 716 1095 remanere
734 1025 953 1093 caeterorum
972 1019 1165 1094 beatorum
1186 1018 1251 1111 ibi3
1269 1025 1306 1092 et
1323 1017 1441 1112 primo
1458 1017 1629 1092 describit

456 1139 662 1215 distantiam
691 1159 797 1213 nonae
822 1159 938 1233 sperae
962 1161 985 1214 a
1011 1159 1061 1234 se,
1084 1160 1196 1234 supra
1222 1159 1333 1234 quam
1362 1137 1525 1212 transivit
1550 1139 1626 1211 Ma·

459 1261 524 1356 ria,
538 1261 683 1335 dicens:
702 1265 752 1332 bo
769 1263 850 1333 rcot
864 1267 983 1333 rrrunto
995 1263 1033 1334 dt
1045 1263 1148 1334 tottii
1165 1262 1295 1333 volumi
1310 1261 1367 1332 del
1382 1261 1525 1350 mondo,
1541 1259 1633 1333 idest

459 1382 618 1478 primum
651 1379 788 1454 mobile
818 1379 917 1473 quod
950 1386 1004 1455 est
1038 1380 1254 1454 mantellum
1290 1385 1326 1454 et
1359 1378 1630 1473 coopertorium

459 1501 623 1574 omnium
658 1499 815 1574 aliarum
847 1520 1053 1595 sperarum,
1087 1520 1170 1594 quas
1197 1498 1431 1574 continentur
1469 1499 1537 1572 sub
1576 1520 1632 1573 eo.

459 1621 503 1696 tlt
527 1619 697 1696 describit
722 1619 840 1716 ipsum
867 1642 889 1694 a
916 1619 1045 1695 maiori
1072 1621 1209 1694 virtute
1230 1641 1309 1714 sua,
1330 1619 1473 1694 dicens:
1491 1622 1551 1692 cbe
1573 1615 1634 1712 prii

457 1747 556 1838 seruo
580 1735 682 1834 epiri
706 1743 887 1832 soomoo,
915 1741 1016 1834 idest,
1045 1740 1160 1836 magis
1190 1740 1403 1816 accenditur
1433 1749 1469 1815 et
1499 1740 1634 1815 clarius

367 1887 372 1894 ·
460 1861 700 1956 illuminatur,
725 1864 804 1935 nett’
818 1865 902 1935 otito
928 1864 965 1935 di
989 1865 1059 1935 Dio
1083 1884 1103 1934 c
1127 1865 1351 1952 ne'costumr‘,
1383 1863 1469 1956 quia
1499 1862 1635 1936 scilicet

460 1991 516 2059 est
540 1982 607 2056 sibi
632 1981 872 2078 propinquius
898 2003 1011 2076 quam
1030 1982 1128 2056 aliud
1149 1983 1307 2075 coeium;
1327 1982 1392 2056 ista
1412 1982 1509 2057 enim
1528 2001 1634 2076 spera

461 2124 555 2178 nona
583 2109 638 2176 est
662 2108 853 2196 tamquam
882 2102 1087 2198 principalis
1114 2102 1263 2196 vicaria,
1290 2121 1375 2196 quae
1405 2101 1530 2197 recipit
1556 2101 1633 2174 vir·

460 2231 577 2299 tutem
618 2222 757 2296 unitam
797 2245 818 2298 a
856 2224 946 2318 Deo,
983 2244 1095 2318 quam
1134 2243 1241 2318 spera
1278 2227 1408 2296 octava
1442 2228 1631 2314 tamquam

463 2344 625 2420 ministra
652 2343 834 2419 distribuit
859 2345 1025 2420 distincte
1052 2364 1117 2438 per
1142 2363 1272 2418 omnes
1290 2363 1413 2438 speras
1432 2338 1633 2438 inferiores

461 2487 551 2540 uoco
577 2469 754 2540 tinterna
777 2468 872 2556 rico,
898 2464 1000 2559 idest,
1031 2465 1316 2557 concavitatem3
1350 2484 1434 2536 nam
1465 2484 1549 2557 pars
1579 2463 1636 2536 in·

463 2589 576 2661 terior
611 2607 728 2681 sperae
758 2586 962 2681 appellatur
993 2606 1221 2679 concavum3
1247 2607 1331 2680 pars
1358 2606 1446 2659 vero
1471 2582 1637 2660 exterior

461 2709 667 2803 appellatur
691 2727 913 2799 convexum,
940 2704 1033 2780 sicut
1063 2711 1217 2801 apparet
1242 2706 1279 2779 in
1304 2725 1414 2800 caepe,
1451 2713 1545 2778 tonto
1577 2707 1635 2779 ut-

460 2835 584 2918 suna,
610 2827 712 2921 idest,
740 2826 978 2924 longinquam
1006 2847 1030 2901 a
1061 2825 1164 2899 nobis
1194 2826 1292 2921 quod
1324 2826 1485 2900 nondum
1519 2845 1632 2920 appa·

461 2947 566 3022 rebat
591 2946 709 3041 nobis,
736 2946 835 3020 unde
854 2945 958 3020 dicit:
984 2936 1044 3018 'cde
1068 2949 1105 3020 lo
1129 2968 1195 3020 suu
1216 2967 1416 3039 porueuzo,
1440 2947 1543 3040 idest,
1569 2967 1636 3041 ap-

460 3066 637 3162 parentia,
676 3065 822 3160 sciiieet,
859 3067 1071 3160 quantitatis
1109 3073 1153 3142 et.
1181 3067 1376 3163 qualitatis,
1414 3089 1526 3141 onoor
1563 3087 1635 3140 non

461 3191 650 3280 opporttno,
675 3185 777 3279 idest,
806 3185 1117 3282 manifestabatur,
1145 3177 1182 3261 td
1206 3191 1295 3263 dore
1319 3191 1354 3261 r'o
1379 3210 1456 3280 cro,
1475 3187 1578 3281 idest,
1600 3187 1636 3261 in

460 3315 590 3384 octava
607 3327 725 3403 spera.
736 3347 786 3361 -
797 3299 899 3380 Perd.
913 3308 979 3382 Hic
995 3315 1104 3382 autor
1122 3328 1169 3382 ex
1186 3308 1289 3382 dictis
1307 3309 1430 3405 arguit
1444 3307 1542 3403 quod
1561 3328 1634 3382 non

461 3434 604 3525 poterat
628 3429 732 3523 sequi
764 3429 844 3503 risu
870 3428 1020 3503 Mariam
1056 3429 1301 3523 recedentem,
1327 3429 1463 3506 scilicet
1488 3435 1637 3525 propter

461 3549 613 3624 nimiam
649 3550 945 3646 elongationem3
973 3550 1071 3626 uude
1101 3549 1206 3625 dicit:
1233 3543 1326 3624 Pero
1356 3553 1407 3642 pti
1439 3554 1534 3625 oreti
1559 3553 1644 3623 mici

460 3691 534 3746 non
550 3671 652 3772 ebbcr
664 3677 818 3763 putenm
835 3674 873 3744 di
887 3654 1042 3762 sepuitor
1063 3673 1099 3744 io
1116 3679 1289 3745 coronato
1303 3675 1463 3764 flammo,
1481 3671 1571 3747 idest
1588 3675 1598 3765 ζ
1600 3665 1641 3765 ¹),

462 3777 614 3865 Mariam
642 3811 755 3886 quam
781 3792 936 3886 angelus
960 3790 1130 3886 cingebat
1154 3791 1192 3864 in
1220 3792 1372 3866 modum
1404 3813 1563 3886 corona,
1596 3799 1641 3866 ut

461 3910 579 4006 patuit
599 3911 723 4006 pauiio
740 3932 871 4006 supra;
896 3917 934 3986 et
958 3909 1063 3984 dicit:
1081 3913 1193 3984 oderi
1217 3904 1292 3984 lead
1311 3933 1482 4006 appresso
1501 3933 1566 3986 suo
1582 3934 1637 3986 sc-

463 4051 602 4124 meuzo,
631 4030 734 4126 idest,
761 4051 845 4126 qure
871 4031 982 4106 Maria
1009 4031 1143 4106 levavit
1172 4052 1213 4106 se
1239 4032 1274 4104 in
1297 4032 1412 4105 altum
1439 4031 1640 4107 ascendens

463 4158 545 4246 post
571 4150 687 4226 fitium
713 4173 836 4226 suum.
862 4153 954 4226 Nam
972 4143 1008 4245 (²)
1036 4151 1202 4226 Christus
1220 4157 1257 4227 et
1274 4151 1384 4227 Maria
1403 4173 1477 4226 non
1498 4153 1640 4227 babue-

463 4278 551 4346 runt
583 4273 757 4347 virtutem
795 4272 979 4347 mediante
1012 4272 1201 4347 influentia
1236 4273 1330 4367 cocti,
1365 4273 1459 4347 sicut
1493 4280 1639 4348 caeterae

463 4393 596 4467 animae
622 4413 706 4488 quae
732 4399 993 4468 remanserunt
1017 4393 1054 4466 in
1081 4400 1211 4468 octava
1230 4413 1348 4488 spera,
1368 4392 1404 4467 in
1425 4415 1499 4488 qua
1516 4400 1640 4469 osten-

462 4511 613 4586 duntur.
627 4553 677 4566 -
690 4517 723 4585 Ε
744 4533 850 4587 coum.
878 4512 943 4587 Hic
969 4518 1080 4587 autor
1095 4513 1266 4587 describit
1285 4535 1458 4609 magnam
1477 4513 1641 4588 affectio·

462 4651 561 4728 uem,
588 4652 702 4726 quam
728 4633 970 4707 ostenderunt
1001 4632 1149 4728 spiritus
1184 4639 1417 4709 remanentes
1448 4654 1535 4731 erga
1567 4635 1642 4708 Ma·

463 4751 556 4826 riam
585 4751 832 4845 recedentem,
850 4773 916 4847 per
936 4772 1051 4827 uuam
1070 4754 1383 4848 comparationem
1400 4753 1638 4828 domesticam

524 4937 553 5000 (¹)
570 4939 601 4990 Ε.
617 4939 692 4998 idest,
708 4941 843 5006 Virginem
859 4940 978 4993 Mariam.

525 5013 554 5077 (Ἴ
569 5014 601 5065 Ε.
619 5013 684 5066 Nam
700 5015 776 5066 Jcsus
789 5015 907 5067 cbristus
920 5021 949 5066 et
964 5015 1047 5079 Virgo
1064 5016 1156 5067 Marta.
