4842 6642
790 793 861 869 206
1180 801 1384 857 coucnrurr
1408 801 1577 855 nunnursr

791 948 890 1021 unde
914 946 1019 1021 dicit:
1045 953 1078 1020 et
1100 948 1136 1020 io
1160 953 1311 1040 pusiaco
1335 950 1371 1021 lo
1395 950 1480 1035 mio,
1505 944 1653 1037 scilicet,
1680 944 1849 1038 verbum,
1867 944 1967 1038 quod

789 1068 962 1165 tangebat
992 1089 1063 1161 me,
1091 1071 1299 1161 temprcndo
1325 1068 1488 1141 lacerto
1512 1068 1704 1156 cordetuo,
1733 1064 1837 1158 idest,
1866 1086 1969 1141 com·

789 1208 947 1285 pensans
974 1187 1205 1265 dulcedinem
1232 1186 1361 1287 glorie
1394 1193 1434 1268 et
1461 1185 1624 1280 nonoris,
1648 1185 1709 1263 nel
1734 1184 1965 1268 turrem

788 1308 956 1389 ntudictae
978 1330 1066 1386 eum
1096 1308 1297 1389 acerbitate
1324 1308 1424 1385 exilii
1454 1314 1493 1383 et
1523 1304 1844 1382 incommodorum
1873 1327 1965 1402 -quae

790 1436 998 1525 sequuntur
1014 1429 1061 1504 ad
1079 1429 1177 1504 illud.
1188 1436 1279 1503 -Ε
1293 1431 1418 1521 quello.
1439 1428 1505 1502 llic
1521 1434 1633 1503 autor
1649 1427 1750 1523 pouit
1766 1428 1967 1523 repreben-

790 1532 930 1625 sionem
956 1550 1220 1637 correctoriam
1236 1542 1273 1643 (¹)
1299 1549 1475 1625 beatricis
1499 1548 1598 1623 circa
1621 1547 1748 1622 sallum
1774 1568 1886 1622 suum
1912 1548 1966 1623 di·

789 1689 895 1745 cens:
922 1676 956 1743 E
977 1674 1092 1763 quella
1116 1673 1252 1762 donoc,
1278 1670 1425 1765 scilicet,
1450 1669 1611 1763 Beatrix,
1628 1671 1717 1742 clr'c
1734 1672 1804 1743 Dio
1820 1672 1870 1743 mi
1894 1691 1966 1744 me·

789 1810 899 1882 mma,
917 1791 1004 1885 quia
1021 1812 1125 1867 sacra
1143 1792 1328 1888 theologia
1343 1799 1401 1867 est
1416 1812 1503 1886 que
1520 1796 1623 1865 recte
1638 1790 1753 1865 tendit
1769 1792 1817 1865 ad
1828 1792 1965 1887 ileum,

790 1916 828 1985 et
851 1910 953 1985 ducit
969 1910 1157 1989 bominem
1175 1912 1223 1986 ad
1240 1913 1370 2006 Derim,
1389 1915 1502 1987 dese:
1518 1918 1615 1985 nmio
1627 1914 1790 2005 perstem
1807 1932 1874 2007 per
1896 1914 1967 1989 boc

789 2031 1037 2127 presnpponir
1071 2032 1169 2127 quod
1203 2038 1314 2107 autor
1344 2032 1530 2128 cogitabat
1559 2031 1608 2105 de
1644 2030 1800 2107 vindicta
1836 2038 1966 2108 contra

789 2148 886 2229 circs
910 2172 1009 2225 suos.
1036 2151 1080 2227 Et
1103 2152 1265 2248 assignat
1289 2172 1453 2245 causam,
1474 2151 1617 2226 dicensr
1633 2172 1745 2243 penso
1764 2154 1860 2226 ot'r'o
1878 2174 1968 2227 sorno

784 2293 910 2364 prenso
935 2294 960 2344 a
983 2275 1075 2347 colui
1098 2272 1148 2347 ct'
1161 2275 1247 2365 opm'
1270 2280 1363 2346 torto
1387 2276 1573 2364 dicerem
1599 2272 1703 2366 quasi
1736 2271 1851 2347 dicat:
1881 2294 1966 2349 sum

790 2411 901 2486 penes
930 2376 1059 2469 lovem
1076 2383 1112 2485 (¹)
1147 2392 1211 2487 qui
1243 2400 1300 2467 cst
1326 2392 1555 2489 gubernator
1580 2390 1742 2488 justitie,
1773 2400 1814 2467 ut
1843 2393 1964 2469 statim

788 2510 944 2606 dicetur,
978 2518 1016 2587 et
1034 2503 1071 2605 (³)
1107 2519 1232 2587 tamen
1266 2513 1476 2610 intelligere*
1502 2512 1615 2588 debes
1647 2513 1696 2589 de
1726 2514 1965 2610 omnipotenti

789 2631 878 2723 uno,
912 2631 975 2727 qui
1005 2631 1108 2707 dicit:
1142 2632 1233 2707 mibi
1271 2632 1480 2727 vindictam,
1510 2638 1548 2708 et
1577 2654 1649 2731 ego
1683 2634 1898 2709 retribuam.
1916 2676 1966 2693 -

790 2756 831 2828 lo
857 2754 915 2825 nrt.
943 2750 1007 2829 llic
1032 2759 1142 2827 autor
1168 2752 1269 2847 ponit
1293 2752 1467 2827 ellectum
1495 2752 1696 2828 verborum
1722 2754 1908 2849 beatricis,
1928 2762 1967 2831 et

790 2878 989 2951 excusata
1014 2872 1257 2968 descriptione
1282 2873 1452 2949 exaltate
1477 2874 1740 2970 pulcritudinis,
1757 2874 1900 2951 dicens:
1925 2880 1966 2949 lo

791 2997 840 3067 mi
858 2995 981 3067 riootsi
1000 2996 1060 3091 ott
1072 3012 1241 3067 omoroso
1260 3014 1385 3085 suono,
1399 2993 1546 3087 scilicet,
1564 2994 1766 3069 verborum
1780 2996 1966 3091 beatricis,

791 3132 877 3205 quse
902 3118 981 3189 tota
1003 3111 1156 3187 ardebat
1181 3134 1287 3187 sacro
1304 3134 1434 3188 amore
1450 3114 1660 3188 divinorum
1677 3114 1824 3190 calcatis
1847 3121 1966 3191 terre·
2016 3140 2019 3145 ·

791 3232 863 3326 nis3
889 3237 927 3309 et
952 3231 1049 3326 dicit,
1073 3234 1220 3307 delanio
1239 3238 1413 3329 conforto,
1432 3234 1519 3327 quia
1541 3234 1637 3310 bene
1660 3236 1830 3310 bortatur
1847 3237 1967 3312 bomi-

791 3374 877 3431 nem
903 3360 941 3429 et
966 3354 1177 3431 consolatur
1197 3360 1325 3429 contra
1344 3354 1512 3449 aduersa,
1530 3376 1616 3450 que
1636 3376 1735 3431 nunc
1751 3358 1967 3452 expectabat

789 3480 917 3551 eontra
943 3494 993 3549 se.
1020 3476 1064 3549 Et
1093 3474 1215 3549 subdit
1246 3474 1502 3549 excellentiam
1530 3476 1794 3570 pulcritudinis,
1821 3474 1965 3550 dicens:

788 3596 933 3686 equeb
957 3616 1061 3669 amor
1084 3598 1120 3669 io
1144 3596 1218 3669 cidi
1241 3597 1360 3668 cllorc
1388 3598 1482 3687 nepti
1511 3598 1608 3669 occdi
1636 3600 1743 3688 sont,
1769 3596 1805 3669 in
1832 3596 1967 3691 quibus

788 3714 950 3793 menime
976 3716 1143 3792 relucent
1160 3715 1368 3811 pulcritudo
1385 3722 1422 3791 et
1438 3736 1547 3792 amor
1569 3716 1672 3791 istius
1692 3717 1965 3793 formosissime

787 3834 957 3930 domine,
975 3837 1407 3931 purpurarumque
1424 3837 1561 3912 scilicet
1577 3858 1651 3913 non
1668 3839 1835 3913 describo
1853 3859 1964 3913 nunc.

787 3955 831 4029 Et
854 3956 1015 4052 assignat
1040 3976 1191 4032 causam
1217 3977 1337 4051 quare
1365 3956 1514 4031 dimittit
1543 3956 1822 4054 descriptionem
1854 3959 1965 4033 huius

787 4076 923 4156 auroris
948 4077 1026 4172 bic;
1054 4084 1091 4153 ct
1115 4077 1210 4173 dicit,
1237 4077 1336 4173 quod
1361 4079 1432 4155 boc
1456 4078 1542 4154 tacit
1558 4085 1634 4155 tam
1656 4100 1703 4155 en
1721 4080 1865 4155 deiectu
1885 4081 1964 4155 elo·

787 4197 957 4291 quentiae,
983 4218 1098 4292 quam
1129 4219 1175 4273 ex
1205 4198 1350 4274 delectu
1387 4198 1586 4275 memorie.
1619 4200 1724 4276 Unde
1754 4200 1860 4277 dicitt
1893 4222 1966 4276 non

782 4314 913 4411 percle*
934 4321 969 4393 io
994 4320 1103 4412 diffidi
1131 4340 1203 4411 prr
1232 4321 1291 4393 del
1318 4322 1389 4394 mio
1413 4323 1579 4415 pertore,
1613 4322 1719 4416 quasi
1748 4320 1865 4396 dicat:
1892 4343 1967 4397 non

787 4436 870 4513 ideo
885 4438 1028 4517 dimite
1045 4438 1325 4535 descriptionem
1339 4442 1434 4515 banc
1446 4440 1568 4515 solum
1585 4440 1672 4536 quia
1691 4462 1763 4517 non
1781 4442 1963 4518 confidam

787 4558 1059 4653 ineloquentia
1085 4580 1182 4654 mea,
1208 4560 1407 4637 sedetiam
1434 4562 1521 4656 quia
1547 4562 1665 4637 deddc
1678 4551 1716 4655 (⁸)
1747 4564 1855 4638 debili
1882 4586 1962 4641 me-

792 4714 878 4731 m

850 4786 880 4848 l'l
895 4788 927 4839 E.
941 4794 1124 4845 correnum.
1406 4792 1436 4856 θ)
1451 4794 1482 4845 lt.
1498 4808 1578 4859 penes
1593 4796 1679 4847 lleurn
1694 4798 1748 4860 qul.

851 4864 881 5006 al)
897 4867 929 4993 ἒ.
944 4869 1047 4997 ffligt
1063 4871 1089 4921 in
1106 4872 1182 4923 litera
1198 4872 1303 4924 dicetur
1317 4872 1362 4923 bic
1376 4872 1411 4922 ds
1425 4872 1499 4935 Jove,
1516 4872 1664 4938 lutelllsssne
1679 4874 1766 4925 debes.
