<?xml version="1.0" encoding="UTF-8"?>
<!DOCTYPE html PUBLIC "-//W3C//DTD XHTML 1.0 Transitional//EN"
    "http://www.w3.org/TR/xhtml1/DTD/xhtml1-transitional.dtd">
<html xmlns="http://www.w3.org/1999/xhtml" xml:lang="en" lang="en">
 <head>
  <title>
</title>
<meta http-equiv="Content-Type" content="text/html;charset=utf-8" />
  <meta name='ocr-system' content='tesseract 3.04.00' />
  <meta name='ocr-capabilities' content='ocr_page ocr_carea ocr_par ocr_line ocrx_word'/>
</head>
<body>
  <div class='ocr_page' id='page_1' title='image "./comentumsuperda02benvgoog_0136.png"; bbox 0 0 4842 6642; ppageno 0'>
   <div class='ocr_carea' id='block_1_1' title="bbox 1015 761 1799 827">
    <p class='ocr_par' dir='ltr' id='par_1_1' title="bbox 1015 761 1799 827">
     <span class='ocr_line' id='line_1_1' title="bbox 1015 761 1799 827; baseline -0.001 -1"><span class='ocrx_word' id='word_1_1' title='bbox 1015 761 1084 826; x_wconf 73' lang='lat'><strong>124</strong></span> <span class='ocrx_word' id='word_1_2' title='bbox 1325 791 1331 803; x_wconf 93' lang='lat'><strong>·</strong></span> <span class='ocrx_word' id='word_1_3' title='bbox 1403 771 1608 827; x_wconf 80' lang='lat' dir='ltr'><strong>counuruu</strong></span> <span class='ocrx_word' id='word_1_4' title='bbox 1632 773 1799 826; x_wconf 75' lang='lat' dir='ltr'><strong>ennnnrsr</strong></span> 
     </span>
    </p>
   </div>
   <div class='ocr_carea' id='block_1_2' title="bbox 1006 918 2183 4622">
    <p class='ocr_par' dir='ltr' id='par_1_2' title="bbox 1006 918 2182 2218">
     <span class='ocr_line' id='line_1_2' title="bbox 1006 918 2179 1014; baseline 0.005 -25"><span class='ocrx_word' id='word_1_5' title='bbox 1006 937 1048 990; x_wconf 90' lang='lat' dir='ltr'><strong>so</strong></span> <span class='ocrx_word' id='word_1_6' title='bbox 1073 925 1216 990; x_wconf 83' lang='lat' dir='ltr'><strong>trouare</strong></span> <span class='ocrx_word' id='word_1_7' title='bbox 1240 921 1388 1010; x_wconf 82' lang='lat' dir='ltr'><strong>esemptu</strong></span> <span class='ocrx_word' id='word_1_8' title='bbox 1413 922 1540 1010; x_wconf 66' lang='lat' dir='ltr'><strong>denno</strong></span> <span class='ocrx_word' id='word_1_9' title='bbox 1556 926 1595 993; x_wconf 88' lang='lat' dir='ltr'><strong>et</strong></span> <span class='ocrx_word' id='word_1_10' title='bbox 1611 919 1693 992; x_wconf 91' lang='lat' dir='ltr'><strong>ideo</strong></span> <span class='ocrx_word' id='word_1_11' title='bbox 1710 918 1831 992; x_wconf 80' lang='lat' dir='ltr'><strong>subdit</strong></span> <span class='ocrx_word' id='word_1_12' title='bbox 1855 925 1965 993; x_wconf 90' lang='lat' dir='ltr'><strong>autor</strong></span> <span class='ocrx_word' id='word_1_13' title='bbox 1991 920 2090 1014; x_wconf 89' lang='lat' dir='ltr'><strong>quod</strong></span> <span class='ocrx_word' id='word_1_14' title='bbox 2118 941 2179 995; x_wconf 93' lang='lat' dir='ltr'><strong>re-</strong></span> 
     </span>
     <span class='ocr_line' id='line_1_3' title="bbox 1008 1034 2182 1135; baseline 0.004 -26"><span class='ocrx_word' id='word_1_15' title='bbox 1008 1037 1136 1131; x_wconf 80' lang='lat' dir='ltr'><strong>linquit</strong></span> <span class='ocrx_word' id='word_1_16' title='bbox 1153 1039 1222 1111; x_wconf 85' lang='lat' dir='ltr'><strong>hoc</strong></span> <span class='ocrx_word' id='word_1_17' title='bbox 1239 1037 1485 1134; x_wconf 85' lang='lat' dir='ltr'><strong>imaginationi</strong></span> <span class='ocrx_word' id='word_1_18' title='bbox 1509 1060 1641 1114; x_wconf 88' lang='lat' dir='ltr'><strong>eurum</strong></span> <span class='ocrx_word' id='word_1_19' title='bbox 1668 1039 1732 1133; x_wconf 90' lang='lat' dir='ltr'><strong>qui</strong></span> <span class='ocrx_word' id='word_1_20' title='bbox 1758 1039 1893 1113; x_wconf 85' lang='lat' dir='ltr'><strong>habeut</strong></span> <span class='ocrx_word' id='word_1_21' title='bbox 1918 1040 2125 1135; x_wconf 86' lang='lat' dir='ltr'><strong>passionem</strong></span> <span class='ocrx_word' id='word_1_22' title='bbox 2138 1034 2182 1134; x_wconf 85' lang='lat'><strong>(¹)</strong></span> 
     </span>
     <span class='ocr_line' id='line_1_4' title="bbox 1006 1157 2180 1254; baseline 0.002 -22"><span class='ocrx_word' id='word_1_23' title='bbox 1006 1157 1138 1232; x_wconf 87' lang='lat' dir='ltr'><strong>Christi</strong></span> <span class='ocrx_word' id='word_1_24' title='bbox 1172 1159 1360 1254; x_wconf 83' lang='lat' dir='ltr'><strong>signatam·</strong></span> <span class='ocrx_word' id='word_1_25' title='bbox 1385 1160 1422 1233; x_wconf 92' lang='lat' dir='ltr'><strong>iu</strong></span> <span class='ocrx_word' id='word_1_26' title='bbox 1455 1159 1578 1253; x_wconf 83' lang='lat' dir='ltr'><strong>eorde,</strong></span> <span class='ocrx_word' id='word_1_27' title='bbox 1610 1160 1750 1234; x_wconf 89' lang='lat' dir='ltr'><strong>dicens:</strong></span> <span class='ocrx_word' id='word_1_28' title='bbox 1782 1180 1842 1232; x_wconf 86' lang='lat' dir='ltr'><strong>mo</strong></span> <span class='ocrx_word' id='word_1_29' title='bbox 1869 1163 1924 1234; x_wconf 82' lang='lat' dir='ltr'><strong>eti</strong></span> <span class='ocrx_word' id='word_1_30' title='bbox 1947 1164 2084 1254; x_wconf 81' lang='lat' dir='ltr'><strong><em>prende</em></strong></span> <span class='ocrx_word' id='word_1_31' title='bbox 2114 1183 2180 1236; x_wconf 85' lang='lat' dir='ltr'><strong>sua</strong></span> 
     </span>
     <span class='ocr_line' id='line_1_5' title="bbox 1008 1279 2179 1376; baseline 0.004 -24"><span class='ocrx_word' id='word_1_32' title='bbox 1008 1300 1121 1372; x_wconf 74' lang='lat' dir='ltr'><strong>more,</strong></span> <span class='ocrx_word' id='word_1_33' title='bbox 1142 1279 1278 1353; x_wconf 85' lang='lat' dir='ltr'><strong>scilieet</strong></span> <span class='ocrx_word' id='word_1_34' title='bbox 1302 1279 1339 1352; x_wconf 92' lang='lat' dir='ltr'><strong>iu</strong></span> <span class='ocrx_word' id='word_1_35' title='bbox 1359 1280 1483 1355; x_wconf 92' lang='lat' dir='ltr'><strong>animo</strong></span> <span class='ocrx_word' id='word_1_36' title='bbox 1500 1301 1585 1355; x_wconf 87' lang='lat' dir='ltr'><strong>eum</strong></span> <span class='ocrx_word' id='word_1_37' title='bbox 1604 1300 1745 1374; x_wconf 90' lang='lat' dir='ltr'><strong>amore,</strong></span> <span class='ocrx_word' id='word_1_38' title='bbox 1764 1281 1951 1355; x_wconf 81' lang='lat' dir='ltr'><strong>ueletiam</strong></span> <span class='ocrx_word' id='word_1_39' title='bbox 1969 1281 2179 1376; x_wconf 86' lang='lat' dir='ltr'><strong>incorpore</strong></span> 
     </span>
     <span class='ocr_line' id='line_1_6' title="bbox 1009 1391 2179 1494; baseline 0.003 -21"><span class='ocrx_word' id='word_1_40' title='bbox 1009 1419 1096 1473; x_wconf 88' lang='lat' dir='ltr'><strong>cum</strong></span> <span class='ocrx_word' id='word_1_41' title='bbox 1123 1399 1345 1494; x_wconf 85' lang='lat' dir='ltr'><strong>poenitentia,</strong></span> <span class='ocrx_word' id='word_1_42' title='bbox 1371 1401 1464 1475; x_wconf 90' lang='lat' dir='ltr'><strong>sicut</strong></span> <span class='ocrx_word' id='word_1_43' title='bbox 1488 1401 1572 1476; x_wconf 83' lang='lat' dir='ltr'><strong>iecit</strong></span> <span class='ocrx_word' id='word_1_44' title='bbox 1591 1400 1806 1475; x_wconf 82' lang='lat' dir='ltr'><strong>Francisous</strong></span> <span class='ocrx_word' id='word_1_45' title='bbox 1821 1391 1873 1493; x_wconf 81' lang='lat'><strong>(²),</strong></span> <span class='ocrx_word' id='word_1_46' title='bbox 1891 1422 1911 1472; x_wconf 84' lang='lat' dir='ltr'><strong>e</strong></span> <span class='ocrx_word' id='word_1_47' title='bbox 1927 1422 2032 1493; x_wconf 68' lang='lat' dir='ltr'><strong>seque</strong></span> <span class='ocrx_word' id='word_1_48' title='bbox 2054 1405 2179 1494; x_wconf 77' lang='lat' dir='ltr'><strong>Crista,</strong></span> 
     </span>
     <span class='ocr_line' id='line_1_7' title="bbox 1011 1519 2180 1617; baseline 0.003 -26"><span class='ocrx_word' id='word_1_49' title='bbox 1011 1519 1114 1612; x_wconf 91' lang='lat' dir='ltr'><strong>idest,</strong></span> <span class='ocrx_word' id='word_1_50' title='bbox 1140 1519 1306 1613; x_wconf 91' lang='lat' dir='ltr'><strong>sequitur</strong></span> <span class='ocrx_word' id='word_1_51' title='bbox 1332 1520 1483 1617; x_wconf 84' lang='lat' dir='ltr'><strong>vestigia</strong></span> <span class='ocrx_word' id='word_1_52' title='bbox 1508 1521 1638 1595; x_wconf 82' lang='lat' dir='ltr'><strong>Christi</strong></span> <span class='ocrx_word' id='word_1_53' title='bbox 1668 1526 1707 1595; x_wconf 90' lang='lat' dir='ltr'><strong>et</strong></span> <span class='ocrx_word' id='word_1_54' title='bbox 1736 1520 1933 1614; x_wconf 76' lang='lat' dir='ltr'><strong>exequitur</strong></span> <span class='ocrx_word' id='word_1_55' title='bbox 1964 1520 2044 1595; x_wconf 91' lang='lat' dir='ltr'><strong>eius</strong></span> <span class='ocrx_word' id='word_1_56' title='bbox 2073 1542 2180 1594; x_wconf 89' lang='lat' dir='ltr'><strong>mau-</strong></span> 
     </span>
     <span class='ocr_line' id='line_1_8' title="bbox 1010 1631 2180 1734; baseline 0.001 -21"><span class='ocrx_word' id='word_1_57' title='bbox 1010 1639 1106 1734; x_wconf 89' lang='lat' dir='ltr'><strong>data,</strong></span> <span class='ocrx_word' id='word_1_58' title='bbox 1132 1661 1244 1712; x_wconf 80' lang='lat' dir='ltr'><strong>annor</strong></span> <span class='ocrx_word' id='word_1_59' title='bbox 1269 1644 1318 1713; x_wconf 86' lang='lat' dir='ltr'><strong>mi</strong></span> <span class='ocrx_word' id='word_1_60' title='bbox 1339 1631 1495 1732; x_wconf 84' lang='lat' dir='ltr'><strong>scuserd,</strong></span> <span class='ocrx_word' id='word_1_61' title='bbox 1520 1641 1666 1732; x_wconf 87' lang='lat' dir='ltr'><strong>soiiioet,</strong></span> <span class='ocrx_word' id='word_1_62' title='bbox 1687 1641 1836 1734; x_wconf 86' lang='lat' dir='ltr'><strong>quando</strong></span> <span class='ocrx_word' id='word_1_63' title='bbox 1854 1640 1988 1714; x_wconf 87' lang='lat' dir='ltr'><strong>videbit</strong></span> <span class='ocrx_word' id='word_1_64' title='bbox 2008 1641 2075 1714; x_wconf 85' lang='lat' dir='ltr'><strong>ista</strong></span> <span class='ocrx_word' id='word_1_65' title='bbox 2096 1662 2180 1734; x_wconf 80' lang='lat' dir='ltr'><strong>quae</strong></span> 
     </span>
     <span class='ocr_line' id='line_1_9' title="bbox 1012 1760 2180 1856; baseline 0.002 -24"><span class='ocrx_word' id='word_1_66' title='bbox 1012 1780 1109 1834; x_wconf 87' lang='lat' dir='ltr'><strong>nuno</strong></span> <span class='ocrx_word' id='word_1_67' title='bbox 1133 1780 1204 1856; x_wconf 86' lang='lat' dir='ltr'><strong>ego</strong></span> <span class='ocrx_word' id='word_1_68' title='bbox 1230 1760 1313 1854; x_wconf 87' lang='lat' dir='ltr'><strong>vidi,</strong></span> <span class='ocrx_word' id='word_1_69' title='bbox 1339 1763 1378 1833; x_wconf 88' lang='lat' dir='ltr'><strong>di</strong></span> <span class='ocrx_word' id='word_1_70' title='bbox 1401 1764 1480 1852; x_wconf 79' lang='lat' dir='ltr'><strong>quet</strong></span> <span class='ocrx_word' id='word_1_71' title='bbox 1502 1763 1600 1834; x_wconf 82' lang='lat' dir='ltr'><strong>ct’io</strong></span> <span class='ocrx_word' id='word_1_72' title='bbox 1624 1765 1732 1854; x_wconf 85' lang='lat' dir='ltr'><strong>tasso,</strong></span> <span class='ocrx_word' id='word_1_73' title='bbox 1753 1761 1839 1855; x_wconf 90' lang='lat' dir='ltr'><strong>quia</strong></span> <span class='ocrx_word' id='word_1_74' title='bbox 1857 1761 1993 1836; x_wconf 84' lang='lat' dir='ltr'><strong>scilieet</strong></span> <span class='ocrx_word' id='word_1_75' title='bbox 2009 1782 2083 1834; x_wconf 91' lang='lat' dir='ltr'><strong>non</strong></span> <span class='ocrx_word' id='word_1_76' title='bbox 2099 1761 2180 1847; x_wconf 80' lang='lat' dir='ltr'><strong>dico</strong></span> 
     </span>
     <span class='ocr_line' id='line_1_10' title="bbox 1010 1879 2175 1976; baseline 0.001 -23"><span class='ocrx_word' id='word_1_77' title='bbox 1010 1879 1167 1973; x_wconf 88' lang='lat' dir='ltr'><strong>amplius</strong></span> <span class='ocrx_word' id='word_1_78' title='bbox 1189 1880 1237 1954; x_wconf 90' lang='lat' dir='ltr'><strong>de</strong></span> <span class='ocrx_word' id='word_1_79' title='bbox 1261 1887 1338 1954; x_wconf 88' lang='lat' dir='ltr'><strong>tam</strong></span> <span class='ocrx_word' id='word_1_80' title='bbox 1356 1880 1464 1976; x_wconf 82' lang='lat' dir='ltr'><strong>digna</strong></span> <span class='ocrx_word' id='word_1_81' title='bbox 1483 1881 1648 1975; x_wconf 86' lang='lat' dir='ltr'><strong>materia,</strong></span> <span class='ocrx_word' id='word_1_82' title='bbox 1667 1883 1847 1972; x_wconf 65' lang='lat' dir='ltr'><strong>sequendo</strong></span> <span class='ocrx_word' id='word_1_83' title='bbox 1866 1884 1979 1954; x_wconf 67' lang='lat' dir='ltr'><strong>Croto</strong></span> <span class='ocrx_word' id='word_1_84' title='bbox 1996 1882 2175 1975; x_wconf 73' lang='lat' dir='ltr'><strong>botrum,</strong></span> 
     </span>
     <span class='ocr_line' id='line_1_11' title="bbox 1011 1999 2177 2096; baseline 0.003 -25"><span class='ocrx_word' id='word_1_85' title='bbox 1011 1999 1113 2093; x_wconf 90' lang='lat' dir='ltr'><strong>idest,</strong></span> <span class='ocrx_word' id='word_1_86' title='bbox 1141 2000 1344 2096; x_wconf 78' lang='lat' dir='ltr'><strong>fulgurare,</strong></span> <span class='ocrx_word' id='word_1_87' title='bbox 1361 2003 1398 2072; x_wconf 87' lang='lat' dir='ltr'><strong>in</strong></span> <span class='ocrx_word' id='word_1_88' title='bbox 1423 2003 1522 2096; x_wconf 74' lang='lat' dir='ltr'><strong>queit</strong></span> <span class='ocrx_word' id='word_1_89' title='bbox 1535 2002 1678 2092; x_wconf 75' lang='lat' dir='ltr'><strong>arbore,</strong></span> <span class='ocrx_word' id='word_1_90' title='bbox 1698 2001 1798 2095; x_wconf 90' lang='lat' dir='ltr'><strong>idest,</strong></span> <span class='ocrx_word' id='word_1_91' title='bbox 1817 2000 1952 2075; x_wconf 86' lang='lat' dir='ltr'><strong>arbore</strong></span> <span class='ocrx_word' id='word_1_92' title='bbox 1976 2000 2097 2075; x_wconf 87' lang='lat' dir='ltr'><strong>crucis</strong></span> <span class='ocrx_word' id='word_1_93' title='bbox 2121 2003 2177 2076; x_wconf 86' lang='lat' dir='ltr'><strong>vei</strong></span> 
     </span>
     <span class='ocr_line' id='line_1_12' title="bbox 1011 2111 1767 2218; baseline 0.003 -26"><span class='ocrx_word' id='word_1_94' title='bbox 1011 2111 1145 2209; x_wconf 81' lang='lat' dir='ltr'><strong>utddre,</strong></span> <span class='ocrx_word' id='word_1_95' title='bbox 1171 2119 1273 2213; x_wconf 88' lang='lat' dir='ltr'><strong>idest,</strong></span> <span class='ocrx_word' id='word_1_96' title='bbox 1300 2122 1445 2195; x_wconf 86' lang='lat' dir='ltr'><strong>clarore</strong></span> <span class='ocrx_word' id='word_1_97' title='bbox 1468 2121 1563 2194; x_wconf 90' lang='lat' dir='ltr'><strong>sicut</strong></span> <span class='ocrx_word' id='word_1_98' title='bbox 1588 2142 1659 2218; x_wconf 85' lang='lat' dir='ltr'><strong>ego</strong></span> <span class='ocrx_word' id='word_1_99' title='bbox 1683 2122 1767 2195; x_wconf 87' lang='lat' dir='ltr'><strong>vidi.</strong></span> 
     </span>
    </p>

    <p class='ocr_par' dir='ltr' id='par_1_3' title="bbox 1010 2242 2183 4622">
     <span class='ocr_line' id='line_1_13' title="bbox 1083 2242 2181 2338; baseline 0.001 -24"><span class='ocrx_word' id='word_1_100' title='bbox 1083 2245 1131 2314; x_wconf 87' lang='lat' dir='ltr'><strong>Di</strong></span> <span class='ocrx_word' id='word_1_101' title='bbox 1154 2262 1265 2314; x_wconf 81' lang='lat' dir='ltr'><strong>sorno</strong></span> <span class='ocrx_word' id='word_1_102' title='bbox 1289 2246 1325 2314; x_wconf 86' lang='lat' dir='ltr'><strong>in</strong></span> <span class='ocrx_word' id='word_1_103' title='bbox 1351 2263 1470 2314; x_wconf 85' lang='lat' dir='ltr'><strong>corno.</strong></span> <span class='ocrx_word' id='word_1_104' title='bbox 1497 2243 1567 2317; x_wconf 83' lang='lat' dir='ltr'><strong>Ista</strong></span> <span class='ocrx_word' id='word_1_105' title='bbox 1588 2251 1643 2316; x_wconf 92' lang='lat' dir='ltr'><strong>est</strong></span> <span class='ocrx_word' id='word_1_106' title='bbox 1663 2249 1796 2336; x_wconf 89' lang='lat' dir='ltr'><strong>quarta</strong></span> <span class='ocrx_word' id='word_1_107' title='bbox 1813 2251 1850 2317; x_wconf 88' lang='lat' dir='ltr'><strong>et</strong></span> <span class='ocrx_word' id='word_1_108' title='bbox 1868 2242 1996 2316; x_wconf 81' lang='lat' dir='ltr'><strong>ultima</strong></span> <span class='ocrx_word' id='word_1_109' title='bbox 2014 2263 2099 2338; x_wconf 88' lang='lat' dir='ltr'><strong>pars</strong></span> <span class='ocrx_word' id='word_1_110' title='bbox 2114 2262 2181 2338; x_wconf 85' lang='lat' dir='ltr'><strong>ge-</strong></span> 
     </span>
     <span class='ocr_line' id='line_1_14' title="bbox 1012 2353 2179 2458; baseline 0 -23"><span class='ocrx_word' id='word_1_111' title='bbox 1012 2362 1145 2436; x_wconf 88' lang='lat' dir='ltr'><strong>neralis</strong></span> <span class='ocrx_word' id='word_1_112' title='bbox 1160 2353 1210 2456; x_wconf 73' lang='lat'><strong>(³),</strong></span> <span class='ocrx_word' id='word_1_113' title='bbox 1229 2362 1265 2436; x_wconf 92' lang='lat' dir='ltr'><strong>iu</strong></span> <span class='ocrx_word' id='word_1_114' title='bbox 1279 2383 1353 2457; x_wconf 86' lang='lat' dir='ltr'><strong>qua</strong></span> <span class='ocrx_word' id='word_1_115' title='bbox 1366 2370 1476 2436; x_wconf 90' lang='lat' dir='ltr'><strong>autor</strong></span> <span class='ocrx_word' id='word_1_116' title='bbox 1492 2363 1662 2438; x_wconf 80' lang='lat' dir='ltr'><strong>describit</strong></span> <span class='ocrx_word' id='word_1_117' title='bbox 1683 2363 1720 2436; x_wconf 91' lang='lat' dir='ltr'><strong>in</strong></span> <span class='ocrx_word' id='word_1_118' title='bbox 1736 2363 1898 2458; x_wconf 83' lang='lat' dir='ltr'><strong>generali</strong></span> <span class='ocrx_word' id='word_1_119' title='bbox 1916 2363 2179 2458; x_wconf 87' lang='lat' dir='ltr'><strong>apparitionem</strong></span> 
     </span>
     <span class='ocr_line' id='line_1_15' title="bbox 1013 2483 2181 2577; baseline -0.003 -19"><span class='ocrx_word' id='word_1_120' title='bbox 1013 2484 1222 2558; x_wconf 93' lang='lat' dir='ltr'><strong>animarum</strong></span> <span class='ocrx_word' id='word_1_121' title='bbox 1249 2484 1395 2556; x_wconf 82' lang='lat' dir='ltr'><strong>iliarum</strong></span> <span class='ocrx_word' id='word_1_122' title='bbox 1422 2485 1663 2577; x_wconf 85' lang='lat' dir='ltr'><strong>martialium3</strong></span> <span class='ocrx_word' id='word_1_123' title='bbox 1681 2491 1719 2558; x_wconf 90' lang='lat' dir='ltr'><strong>et</strong></span> <span class='ocrx_word' id='word_1_124' title='bbox 1734 2484 1820 2558; x_wconf 88' lang='lat' dir='ltr'><strong>dicit</strong></span> <span class='ocrx_word' id='word_1_125' title='bbox 1836 2484 1936 2577; x_wconf 89' lang='lat' dir='ltr'><strong>quod</strong></span> <span class='ocrx_word' id='word_1_126' title='bbox 1953 2484 2023 2556; x_wconf 83' lang='lat' dir='ltr'><strong>itiae</strong></span> <span class='ocrx_word' id='word_1_127' title='bbox 2039 2483 2181 2556; x_wconf 79' lang='lat' dir='ltr'><strong>discur-</strong></span> 
     </span>
     <span class='ocr_line' id='line_1_16' title="bbox 1013 2602 2181 2699; baseline -0.002 -23"><span class='ocrx_word' id='word_1_128' title='bbox 1013 2605 1142 2678; x_wconf 79' lang='lat' dir='ltr'><strong>rebant</strong></span> <span class='ocrx_word' id='word_1_129' title='bbox 1176 2603 1350 2678; x_wconf 79' lang='lat' dir='ltr'><strong>veiuciter</strong></span> <span class='ocrx_word' id='word_1_130' title='bbox 1383 2624 1449 2699; x_wconf 85' lang='lat' dir='ltr'><strong>per</strong></span> <span class='ocrx_word' id='word_1_131' title='bbox 1489 2611 1687 2698; x_wconf 87' lang='lat' dir='ltr'><strong>utramque</strong></span> <span class='ocrx_word' id='word_1_132' title='bbox 1720 2604 1853 2678; x_wconf 86' lang='lat' dir='ltr'><strong>tineam</strong></span> <span class='ocrx_word' id='word_1_133' title='bbox 1888 2603 2019 2696; x_wconf 81' lang='lat' dir='ltr'><strong>crucis,</strong></span> <span class='ocrx_word' id='word_1_134' title='bbox 2046 2602 2181 2676; x_wconf 84' lang='lat' dir='ltr'><strong>soiiioet</strong></span> 
     </span>
     <span class='ocr_line' id='line_1_17' title="bbox 1014 2722 2181 2818; baseline -0.002 -20"><span class='ocrx_word' id='word_1_135' title='bbox 1014 2731 1150 2798; x_wconf 83' lang='lat' dir='ltr'><strong>rectam</strong></span> <span class='ocrx_word' id='word_1_136' title='bbox 1169 2731 1206 2797; x_wconf 89' lang='lat' dir='ltr'><strong>et</strong></span> <span class='ocrx_word' id='word_1_137' title='bbox 1224 2724 1518 2798; x_wconf 85' lang='lat' dir='ltr'><strong>transversaiem.</strong></span> <span class='ocrx_word' id='word_1_138' title='bbox 1541 2725 1643 2798; x_wconf 83' lang='lat' dir='ltr'><strong>Unde</strong></span> <span class='ocrx_word' id='word_1_139' title='bbox 1659 2724 1764 2798; x_wconf 85' lang='lat' dir='ltr'><strong>dicit:</strong></span> <span class='ocrx_word' id='word_1_140' title='bbox 1783 2727 1894 2814; x_wconf 86' lang='lat' dir='ltr'><strong>Lami,</strong></span> <span class='ocrx_word' id='word_1_141' title='bbox 1912 2724 2013 2817; x_wconf 89' lang='lat' dir='ltr'><strong>idest,</strong></span> <span class='ocrx_word' id='word_1_142' title='bbox 2034 2722 2181 2818; x_wconf 87' lang='lat' dir='ltr'><strong>spiritus</strong></span> 
     </span>
     <span class='ocr_line' id='line_1_18' title="bbox 1012 2842 2181 2936; baseline -0.001 -20"><span class='ocrx_word' id='word_1_143' title='bbox 1012 2842 1193 2936; x_wconf 80' lang='lat' dir='ltr'><strong>luminosi,</strong></span> <span class='ocrx_word' id='word_1_144' title='bbox 1218 2846 1250 2916; x_wconf 85' lang='lat' dir='ltr'><strong>si</strong></span> <span class='ocrx_word' id='word_1_145' title='bbox 1279 2865 1426 2917; x_wconf 85' lang='lat' dir='ltr'><strong>nwueun</strong></span> <span class='ocrx_word' id='word_1_146' title='bbox 1458 2847 1497 2917; x_wconf 83' lang='lat' dir='ltr'><strong>dt</strong></span> <span class='ocrx_word' id='word_1_147' title='bbox 1528 2865 1638 2916; x_wconf 83' lang='lat' dir='ltr'><strong>corno</strong></span> <span class='ocrx_word' id='word_1_148' title='bbox 1668 2848 1706 2916; x_wconf 84' lang='lat' dir='ltr'><strong>in</strong></span> <span class='ocrx_word' id='word_1_149' title='bbox 1737 2865 1861 2936; x_wconf 85' lang='lat' dir='ltr'><strong>corno,</strong></span> <span class='ocrx_word' id='word_1_150' title='bbox 1894 2843 1995 2935; x_wconf 80' lang='lat' dir='ltr'><strong>idest,</strong></span> <span class='ocrx_word' id='word_1_151' title='bbox 2027 2843 2076 2916; x_wconf 86' lang='lat' dir='ltr'><strong>ab</strong></span> <span class='ocrx_word' id='word_1_152' title='bbox 2105 2861 2181 2916; x_wconf 91' lang='lat' dir='ltr'><strong>uno</strong></span> 
     </span>
     <span class='ocr_line' id='line_1_19' title="bbox 1014 2963 2183 3056; baseline -0.002 -20"><span class='ocrx_word' id='word_1_153' title='bbox 1014 2970 1182 3036; x_wconf 84' lang='lat' dir='ltr'><strong>extremo</strong></span> <span class='ocrx_word' id='word_1_154' title='bbox 1207 2963 1312 3037; x_wconf 83' lang='lat' dir='ltr'><strong>iineae</strong></span> <span class='ocrx_word' id='word_1_155' title='bbox 1337 2964 1590 3038; x_wconf 83' lang='lat' dir='ltr'><strong>transversaiis</strong></span> <span class='ocrx_word' id='word_1_156' title='bbox 1614 2963 1660 3038; x_wconf 91' lang='lat' dir='ltr'><strong>ad</strong></span> <span class='ocrx_word' id='word_1_157' title='bbox 1685 2964 1795 3056; x_wconf 85' lang='lat' dir='ltr'><strong>atiud,</strong></span> <span class='ocrx_word' id='word_1_158' title='bbox 1821 2987 1840 3036; x_wconf 89' lang='lat' dir='ltr'><strong>e</strong></span> <span class='ocrx_word' id='word_1_159' title='bbox 1865 2971 1924 3038; x_wconf 83' lang='lat' dir='ltr'><strong>tro</strong></span> <span class='ocrx_word' id='word_1_160' title='bbox 1948 2967 1985 3036; x_wconf 86' lang='lat' dir='ltr'><strong>ta</strong></span> <span class='ocrx_word' id='word_1_161' title='bbox 2009 2967 2101 3036; x_wconf 86' lang='lat' dir='ltr'><strong>rimu</strong></span> <span class='ocrx_word' id='word_1_162' title='bbox 2119 2983 2139 3034; x_wconf 88' lang='lat' dir='ltr'><strong>e</strong></span> <span class='ocrx_word' id='word_1_163' title='bbox 2157 2964 2183 3034; x_wconf 86' lang='lat' dir='ltr'><strong>&#39;t</strong></span> 
     </span>
     <span class='ocr_line' id='line_1_20' title="bbox 1012 3082 2179 3178; baseline 0.001 -25"><span class='ocrx_word' id='word_1_164' title='bbox 1012 3082 1128 3173; x_wconf 84' lang='lat' dir='ltr'><strong>basso,</strong></span> <span class='ocrx_word' id='word_1_165' title='bbox 1155 3082 1256 3176; x_wconf 90' lang='lat' dir='ltr'><strong>idest,</strong></span> <span class='ocrx_word' id='word_1_166' title='bbox 1281 3104 1304 3156; x_wconf 90' lang='lat' dir='ltr'><strong>a</strong></span> <span class='ocrx_word' id='word_1_167' title='bbox 1329 3084 1543 3158; x_wconf 78' lang='lat' dir='ltr'><strong>summitate</strong></span> <span class='ocrx_word' id='word_1_168' title='bbox 1566 3083 1672 3156; x_wconf 76' lang='lat' dir='ltr'><strong>liuere</strong></span> <span class='ocrx_word' id='word_1_169' title='bbox 1699 3092 1808 3158; x_wconf 83' lang='lat' dir='ltr'><strong>reotae</strong></span> <span class='ocrx_word' id='word_1_170' title='bbox 1833 3083 1880 3158; x_wconf 90' lang='lat' dir='ltr'><strong>ad</strong></span> <span class='ocrx_word' id='word_1_171' title='bbox 1905 3083 2035 3178; x_wconf 89' lang='lat' dir='ltr'><strong>pedem</strong></span> <span class='ocrx_word' id='word_1_172' title='bbox 2066 3082 2179 3176; x_wconf 86' lang='lat' dir='ltr'><strong>ipsius</strong></span> 
     </span>
     <span class='ocr_line' id='line_1_21' title="bbox 1011 3202 2181 3299; baseline 0.001 -23"><span class='ocrx_word' id='word_1_173' title='bbox 1011 3202 1141 3276; x_wconf 82' lang='lat' dir='ltr'><strong>erucis</strong></span> <span class='ocrx_word' id='word_1_174' title='bbox 1169 3203 1288 3296; x_wconf 74' lang='lat' dir='ltr'><strong>Aliqui</strong></span> <span class='ocrx_word' id='word_1_175' title='bbox 1316 3211 1438 3278; x_wconf 93' lang='lat' dir='ltr'><strong>tamen</strong></span> <span class='ocrx_word' id='word_1_176' title='bbox 1473 3210 1662 3299; x_wconf 77' lang='lat' dir='ltr'><strong>exponunt</strong></span> <span class='ocrx_word' id='word_1_177' title='bbox 1695 3205 1794 3298; x_wconf 87' lang='lat' dir='ltr'><strong>quod</strong></span> <span class='ocrx_word' id='word_1_178' title='bbox 1830 3205 2076 3279; x_wconf 83' lang='lat' dir='ltr'><strong>mouebantur</strong></span> <span class='ocrx_word' id='word_1_179' title='bbox 2108 3204 2181 3277; x_wconf 86' lang='lat' dir='ltr'><strong>eir·</strong></span> 
     </span>
     <span class='ocr_line' id='line_1_22' title="bbox 1010 3311 2181 3418; baseline 0.002 -23"><span class='ocrx_word' id='word_1_180' title='bbox 1010 3322 1186 3396; x_wconf 88' lang='lat' dir='ltr'><strong>culariter</strong></span> <span class='ocrx_word' id='word_1_181' title='bbox 1224 3311 1321 3397; x_wconf 73' lang='lat' dir='ltr'><strong>cirea</strong></span> <span class='ocrx_word' id='word_1_182' title='bbox 1359 3331 1520 3418; x_wconf 85' lang='lat' dir='ltr'><strong>quatuor</strong></span> <span class='ocrx_word' id='word_1_183' title='bbox 1548 3325 1799 3399; x_wconf 83' lang='lat' dir='ltr'><strong>extremitates</strong></span> <span class='ocrx_word' id='word_1_184' title='bbox 1828 3324 1959 3416; x_wconf 84' lang='lat' dir='ltr'><strong>crucis,</strong></span> <span class='ocrx_word' id='word_1_185' title='bbox 1994 3323 2043 3396; x_wconf 86' lang='lat' dir='ltr'><strong>ita</strong></span> <span class='ocrx_word' id='word_1_186' title='bbox 2075 3323 2181 3417; x_wconf 84' lang='lat' dir='ltr'><strong>quod</strong></span> 
     </span>
     <span class='ocr_line' id='line_1_23' title="bbox 1010 3443 2181 3519; baseline 0 -3"><span class='ocrx_word' id='word_1_187' title='bbox 1010 3443 1189 3517; x_wconf 85' lang='lat' dir='ltr'><strong>iaciebant</strong></span> <span class='ocrx_word' id='word_1_188' title='bbox 1214 3444 1261 3518; x_wconf 91' lang='lat' dir='ltr'><strong>de</strong></span> <span class='ocrx_word' id='word_1_189' title='bbox 1286 3464 1327 3518; x_wconf 90' lang='lat' dir='ltr'><strong>se</strong></span> <span class='ocrx_word' id='word_1_190' title='bbox 1351 3445 1529 3518; x_wconf 81' lang='lat' dir='ltr'><strong>circulum</strong></span> <span class='ocrx_word' id='word_1_191' title='bbox 1556 3445 1652 3519; x_wconf 86' lang='lat' dir='ltr'><strong>eirea</strong></span> <span class='ocrx_word' id='word_1_192' title='bbox 1678 3464 1840 3518; x_wconf 83' lang='lat' dir='ltr'><strong>erucem.</strong></span> <span class='ocrx_word' id='word_1_193' title='bbox 1858 3447 1904 3518; x_wconf 83' lang='lat' dir='ltr'><strong>Et</strong></span> <span class='ocrx_word' id='word_1_194' title='bbox 1920 3445 2024 3518; x_wconf 86' lang='lat' dir='ltr'><strong>dicit:</strong></span> <span class='ocrx_word' id='word_1_195' title='bbox 2050 3447 2181 3516; x_wconf 68' lang='lat' dir='ltr'><strong>sundi-</strong></span> 
     </span>
     <span class='ocr_line' id='line_1_24' title="bbox 1011 3565 2182 3661; baseline 0 -24"><span class='ocrx_word' id='word_1_196' title='bbox 1011 3567 1120 3637; x_wconf 84' lang='lat' dir='ltr'><strong>tundo</strong></span> <span class='ocrx_word' id='word_1_197' title='bbox 1143 3569 1249 3658; x_wconf 81' lang='lat' dir='ltr'><strong>sorte,</strong></span> <span class='ocrx_word' id='word_1_198' title='bbox 1275 3565 1376 3658; x_wconf 89' lang='lat' dir='ltr'><strong>idest,</strong></span> <span class='ocrx_word' id='word_1_199' title='bbox 1404 3565 1577 3640; x_wconf 90' lang='lat' dir='ltr'><strong>radiando</strong></span> <span class='ocrx_word' id='word_1_200' title='bbox 1603 3573 1639 3639; x_wconf 92' lang='lat' dir='ltr'><strong>et</strong></span> <span class='ocrx_word' id='word_1_201' title='bbox 1664 3565 1897 3658; x_wconf 86' lang='lat' dir='ltr'><strong>flammandu,</strong></span> <span class='ocrx_word' id='word_1_202' title='bbox 1922 3568 1982 3638; x_wconf 84' lang='lat' dir='ltr'><strong>net</strong></span> <span class='ocrx_word' id='word_1_203' title='bbox 2011 3569 2182 3661; x_wconf 63' lang='lat' dir='ltr'><strong>conamu-</strong></span> 
     </span>
     <span class='ocr_line' id='line_1_25' title="bbox 1010 3686 2183 3781; baseline 0.002 -25"><span class='ocrx_word' id='word_1_204' title='bbox 1010 3689 1106 3778; x_wconf 76' lang='lat' dir='ltr'><strong>9ersi</strong></span> <span class='ocrx_word' id='word_1_205' title='bbox 1127 3688 1281 3778; x_wconf 80' lang='lat' dir='ltr'><strong>insieme,</strong></span> <span class='ocrx_word' id='word_1_206' title='bbox 1309 3686 1411 3780; x_wconf 91' lang='lat' dir='ltr'><strong>idest,</strong></span> <span class='ocrx_word' id='word_1_207' title='bbox 1438 3686 1585 3781; x_wconf 91' lang='lat' dir='ltr'><strong>quando</strong></span> <span class='ocrx_word' id='word_1_208' title='bbox 1601 3687 1846 3760; x_wconf 86' lang='lat' dir='ltr'><strong>occurrebant</strong></span> <span class='ocrx_word' id='word_1_209' title='bbox 1862 3686 1929 3760; x_wconf 91' lang='lat' dir='ltr'><strong>sibi</strong></span> <span class='ocrx_word' id='word_1_210' title='bbox 1947 3687 1983 3759; x_wconf 93' lang='lat' dir='ltr'><strong>in</strong></span> <span class='ocrx_word' id='word_1_211' title='bbox 2001 3687 2073 3779; x_wconf 83' lang='lat' dir='ltr'><strong>via,</strong></span> <span class='ocrx_word' id='word_1_212' title='bbox 2090 3689 2183 3758; x_wconf 84' lang='lat' dir='ltr'><strong>enei</strong></span> 
     </span>
     <span class='ocr_line' id='line_1_26' title="bbox 1012 3805 2180 3900; baseline 0.002 -22"><span class='ocrx_word' id='word_1_213' title='bbox 1012 3812 1187 3897; x_wconf 75' lang='lat' dir='ltr'><strong>tranasse,</strong></span> <span class='ocrx_word' id='word_1_214' title='bbox 1217 3805 1318 3898; x_wconf 91' lang='lat' dir='ltr'><strong>idest,</strong></span> <span class='ocrx_word' id='word_1_215' title='bbox 1345 3806 1381 3878; x_wconf 95' lang='lat' dir='ltr'><strong>in</strong></span> <span class='ocrx_word' id='word_1_216' title='bbox 1407 3806 1580 3898; x_wconf 74' lang='lat' dir='ltr'><strong>transitu,</strong></span> <span class='ocrx_word' id='word_1_217' title='bbox 1606 3813 1644 3880; x_wconf 91' lang='lat' dir='ltr'><strong>et</strong></span> <span class='ocrx_word' id='word_1_218' title='bbox 1669 3806 1733 3879; x_wconf 88' lang='lat' dir='ltr'><strong>ista</strong></span> <span class='ocrx_word' id='word_1_219' title='bbox 1762 3806 1866 3880; x_wconf 83' lang='lat' dir='ltr'><strong>litera</strong></span> <span class='ocrx_word' id='word_1_220' title='bbox 1891 3805 2048 3880; x_wconf 88' lang='lat' dir='ltr'><strong>ostendit</strong></span> <span class='ocrx_word' id='word_1_221' title='bbox 2082 3807 2180 3900; x_wconf 90' lang='lat' dir='ltr'><strong>quod</strong></span> 
     </span>
     <span class='ocr_line' id='line_1_27' title="bbox 1010 3925 2181 4020; baseline 0.002 -23"><span class='ocrx_word' id='word_1_222' title='bbox 1010 3925 1111 4020; x_wconf 90' lang='lat' dir='ltr'><strong>prior</strong></span> <span class='ocrx_word' id='word_1_223' title='bbox 1136 3925 1313 4019; x_wconf 86' lang='lat' dir='ltr'><strong>expositio</strong></span> <span class='ocrx_word' id='word_1_224' title='bbox 1338 3926 1549 4020; x_wconf 90' lang='lat' dir='ltr'><strong>sit-melior,</strong></span> <span class='ocrx_word' id='word_1_225' title='bbox 1576 3927 1662 4020; x_wconf 89' lang='lat' dir='ltr'><strong>quia</strong></span> <span class='ocrx_word' id='word_1_226' title='bbox 1688 3927 1765 4000; x_wconf 75' lang='lat' dir='ltr'><strong>isto</strong></span> <span class='ocrx_word' id='word_1_227' title='bbox 1785 3927 1918 4001; x_wconf 72' lang='lat' dir='ltr'><strong>animae</strong></span> <span class='ocrx_word' id='word_1_228' title='bbox 1935 3927 2181 4002; x_wconf 81' lang='lat' dir='ltr'><strong>occurrebant</strong></span> 
     </span>
     <span class='ocr_line' id='line_1_28' title="bbox 1011 4044 2179 4141; baseline 0.002 -23"><span class='ocrx_word' id='word_1_229' title='bbox 1011 4044 1077 4118; x_wconf 89' lang='lat' dir='ltr'><strong>sibi</strong></span> <span class='ocrx_word' id='word_1_230' title='bbox 1096 4044 1132 4117; x_wconf 92' lang='lat' dir='ltr'><strong>iu</strong></span> <span class='ocrx_word' id='word_1_231' title='bbox 1149 4044 1335 4118; x_wconf 86' lang='lat' dir='ltr'><strong>discursu:</strong></span> <span class='ocrx_word' id='word_1_232' title='bbox 1362 4053 1448 4139; x_wconf 86' lang='lat' dir='ltr'><strong>puta</strong></span> <span class='ocrx_word' id='word_1_233' title='bbox 1475 4046 1545 4118; x_wconf 65' lang='lat' dir='ltr'><strong>iiius</strong></span> <span class='ocrx_word' id='word_1_234' title='bbox 1571 4067 1655 4139; x_wconf 84' lang='lat' dir='ltr'><strong>quae</strong></span> <span class='ocrx_word' id='word_1_235' title='bbox 1681 4046 1927 4121; x_wconf 85' lang='lat' dir='ltr'><strong>movebantur</strong></span> <span class='ocrx_word' id='word_1_236' title='bbox 1951 4069 1973 4120; x_wconf 90' lang='lat' dir='ltr'><strong>a</strong></span> <span class='ocrx_word' id='word_1_237' title='bbox 1999 4047 2179 4141; x_wconf 84' lang='lat' dir='ltr'><strong>superiori</strong></span> 
     </span>
     <span class='ocr_line' id='line_1_29' title="bbox 1010 4164 2181 4259; baseline 0.004 -23"><span class='ocrx_word' id='word_1_238' title='bbox 1010 4171 1115 4259; x_wconf 87' lang='lat' dir='ltr'><strong>parte</strong></span> <span class='ocrx_word' id='word_1_239' title='bbox 1139 4185 1269 4238; x_wconf 89' lang='lat' dir='ltr'><strong>versus</strong></span> <span class='ocrx_word' id='word_1_240' title='bbox 1303 4164 1525 4258; x_wconf 81' lang='lat' dir='ltr'><strong>interiorem,</strong></span> <span class='ocrx_word' id='word_1_241' title='bbox 1561 4167 1805 4240; x_wconf 84' lang='lat' dir='ltr'><strong>occurrebant</strong></span> <span class='ocrx_word' id='word_1_242' title='bbox 1839 4166 2068 4240; x_wconf 84' lang='lat' dir='ltr'><strong>venientibus</strong></span> <span class='ocrx_word' id='word_1_243' title='bbox 2102 4167 2181 4241; x_wconf 89' lang='lat' dir='ltr'><strong>*ab</strong></span> 
     </span>
     <span class='ocr_line' id='line_1_30' title="bbox 1011 4284 2180 4381; baseline 0.003 -24"><span class='ocrx_word' id='word_1_244' title='bbox 1011 4284 1172 4359; x_wconf 84' lang='lat' dir='ltr'><strong>interiori</strong></span> <span class='ocrx_word' id='word_1_245' title='bbox 1193 4293 1298 4380; x_wconf 84' lang='lat' dir='ltr'><strong>parte</strong></span> <span class='ocrx_word' id='word_1_246' title='bbox 1322 4284 1367 4359; x_wconf 89' lang='lat' dir='ltr'><strong>ad</strong></span> <span class='ocrx_word' id='word_1_247' title='bbox 1394 4287 1641 4381; x_wconf 83' lang='lat' dir='ltr'><strong>superiorem3</strong></span> <span class='ocrx_word' id='word_1_248' title='bbox 1668 4292 1706 4360; x_wconf 91' lang='lat' dir='ltr'><strong>et</strong></span> <span class='ocrx_word' id='word_1_249' title='bbox 1730 4287 1781 4361; x_wconf 86' lang='lat' dir='ltr'><strong>ita</strong></span> <span class='ocrx_word' id='word_1_250' title='bbox 1807 4287 1994 4362; x_wconf 86' lang='lat' dir='ltr'><strong>venientes</strong></span> <span class='ocrx_word' id='word_1_251' title='bbox 2010 4309 2032 4362; x_wconf 92' lang='lat' dir='ltr'><strong>a</strong></span> <span class='ocrx_word' id='word_1_252' title='bbox 2049 4287 2180 4362; x_wconf 84' lang='lat' dir='ltr'><strong>dextro</strong></span> 
     </span>
     <span class='ocr_line' id='line_1_31' title="bbox 1010 4391 2181 4500; baseline 0.003 -22"><span class='ocrx_word' id='word_1_253' title='bbox 1010 4391 1125 4478; x_wconf 75' lang='lat' dir='ltr'><strong>uomu</strong></span> <span class='ocrx_word' id='word_1_254' title='bbox 1160 4405 1357 4479; x_wconf 87' lang='lat' dir='ltr'><strong>obviabant</strong></span> <span class='ocrx_word' id='word_1_255' title='bbox 1386 4396 1697 4500; x_wconf 73' lang='lat' dir='ltr'><strong>venientibus*(‘)</strong></span> <span class='ocrx_word' id='word_1_256' title='bbox 1732 4429 1756 4483; x_wconf 86' lang='lat' dir='ltr'><strong>a</strong></span> <span class='ocrx_word' id='word_1_257' title='bbox 1790 4409 1935 4482; x_wconf 90' lang='lat' dir='ltr'><strong>sinistro</strong></span> <span class='ocrx_word' id='word_1_258' title='bbox 1967 4414 2004 4482; x_wconf 86' lang='lat' dir='ltr'><strong>et</strong></span> <span class='ocrx_word' id='word_1_259' title='bbox 2037 4429 2060 4483; x_wconf 91' lang='lat' dir='ltr'><strong>e</strong></span> <span class='ocrx_word' id='word_1_260' title='bbox 2092 4429 2181 4483; x_wconf 87' lang='lat' dir='ltr'><strong>cou-</strong></span> 
     </span>
     <span class='ocr_line' id='line_1_32' title="bbox 1013 4511 2179 4622; baseline 0.003 -27"><span class='ocrx_word' id='word_1_261' title='bbox 1013 4511 1138 4596; x_wconf 73' lang='lat' dir='ltr'><strong>ierso:</strong></span> <span class='ocrx_word' id='word_1_262' title='bbox 1157 4533 1194 4598; x_wconf 90' lang='lat' dir='ltr'><strong>et</strong></span> <span class='ocrx_word' id='word_1_263' title='bbox 1213 4533 1398 4619; x_wconf 86' lang='lat' dir='ltr'><strong>procerte</strong></span> <span class='ocrx_word' id='word_1_264' title='bbox 1418 4524 1485 4599; x_wconf 88' lang='lat' dir='ltr'><strong>istu</strong></span> <span class='ocrx_word' id='word_1_265' title='bbox 1512 4533 1566 4600; x_wconf 90' lang='lat' dir='ltr'><strong>est</strong></span> <span class='ocrx_word' id='word_1_266' title='bbox 1588 4527 1740 4602; x_wconf 90' lang='lat' dir='ltr'><strong>intentio</strong></span> <span class='ocrx_word' id='word_1_267' title='bbox 1757 4528 1908 4622; x_wconf 88' lang='lat' dir='ltr'><strong>autoris,</strong></span> <span class='ocrx_word' id='word_1_268' title='bbox 1929 4527 2027 4621; x_wconf 89' lang='lat' dir='ltr'><strong>quod</strong></span> <span class='ocrx_word' id='word_1_269' title='bbox 2045 4527 2179 4602; x_wconf 92' lang='lat' dir='ltr'><strong>iudicat</strong></span> 
     </span>
    </p>
   </div>
   <div class='ocr_carea' id='block_1_3' title="bbox 1073 4753 2163 4975">
    <p class='ocr_par' dir='ltr' id='par_1_4' title="bbox 1073 4753 2163 4975">
     <span class='ocr_line' id='line_1_33' title="bbox 1074 4753 1723 4817; baseline 0.009 -15"><span class='ocrx_word' id='word_1_270' title='bbox 1074 4753 1101 4814; x_wconf 76' lang='lat'><strong>(¹)</strong></span> <span class='ocrx_word' id='word_1_271' title='bbox 1119 4753 1149 4803; x_wconf 82' lang='lat' dir='ltr'><strong>E.</strong></span> <span class='ocrx_word' id='word_1_272' title='bbox 1166 4759 1308 4817; x_wconf 77' lang='lat' dir='ltr'><strong>passionom</strong></span> <span class='ocrx_word' id='word_1_273' title='bbox 1325 4758 1429 4808; x_wconf 80' lang='lat' dir='ltr'><strong>Domini</strong></span> <span class='ocrx_word' id='word_1_274' title='bbox 1445 4759 1528 4808; x_wconf 85' lang='lat' dir='ltr'><strong>nostri</strong></span> <span class='ocrx_word' id='word_1_275' title='bbox 1542 4759 1603 4808; x_wconf 78' lang='lat' dir='ltr'><strong>lesu</strong></span> <span class='ocrx_word' id='word_1_276' title='bbox 1619 4758 1723 4808; x_wconf 82' lang='lat' dir='ltr'><strong>Christi.</strong></span> 
     </span>
     <span class='ocr_line' id='line_1_34' title="bbox 1074 4829 2118 4899; baseline 0.008 -21"><span class='ocrx_word' id='word_1_277' title='bbox 1074 4829 1101 4889; x_wconf 78' lang='lat'><strong>(²)</strong></span> <span class='ocrx_word' id='word_1_278' title='bbox 1119 4829 1148 4878; x_wconf 83' lang='lat' dir='ltr'><strong>ii.</strong></span> <span class='ocrx_word' id='word_1_279' title='bbox 1167 4831 1256 4881; x_wconf 78' lang='lat' dir='ltr'><strong>bertus</strong></span> <span class='ocrx_word' id='word_1_280' title='bbox 1271 4833 1432 4898; x_wconf 64' lang='lat' dir='ltr'><strong>franciscus.</strong></span> <span class='ocrx_word' id='word_1_281' title='bbox 1556 4834 1584 4897; x_wconf 84' lang='lat'><strong>(¹)</strong></span> <span class='ocrx_word' id='word_1_282' title='bbox 1600 4835 1631 4884; x_wconf 81' lang='lat' dir='ltr'><strong>E.</strong></span> <span class='ocrx_word' id='word_1_283' title='bbox 1647 4836 1775 4898; x_wconf 72' lang='lat' dir='ltr'><strong>generalis</strong></span> <span class='ocrx_word' id='word_1_284' title='bbox 1791 4837 1869 4886; x_wconf 81' lang='lat' dir='ltr'><strong>huius</strong></span> <span class='ocrx_word' id='word_1_285' title='bbox 1884 4835 1999 4898; x_wconf 73' lang='lat' dir='ltr'><strong>capituti,</strong></span> <span class='ocrx_word' id='word_1_286' title='bbox 2016 4835 2042 4885; x_wconf 88' lang='lat' dir='ltr'><strong>in</strong></span> <span class='ocrx_word' id='word_1_287' title='bbox 2058 4849 2118 4899; x_wconf 75' lang='lat' dir='ltr'><strong>qua.</strong></span> 
     </span>
     <span class='ocr_line' id='line_1_35' title="bbox 1073 4903 2163 4975; baseline 0.011 -21"><span class='ocrx_word' id='word_1_288' title='bbox 1073 4903 1099 4966; x_wconf 62' lang='grc' dir='ltr'><strong>ζ’)</strong></span> <span class='ocrx_word' id='word_1_289' title='bbox 1116 4905 1151 4955; x_wconf 84' lang='lat' dir='ltr'><strong>Lo</strong></span> <span class='ocrx_word' id='word_1_290' title='bbox 1164 4906 1253 4968; x_wconf 81' lang='lat' dir='ltr'><strong>parole</strong></span> <span class='ocrx_word' id='word_1_291' title='bbox 1264 4908 1302 4958; x_wconf 81' lang='lat' dir='ltr'><strong>tra</strong></span> <span class='ocrx_word' id='word_1_292' title='bbox 1312 4909 1321 4958; x_wconf 94' lang='lat' dir='ltr'><strong>i</strong></span> <span class='ocrx_word' id='word_1_293' title='bbox 1331 4910 1382 4960; x_wconf 89' lang='lat' dir='ltr'><strong>due</strong></span> <span class='ocrx_word' id='word_1_294' title='bbox 1391 4911 1523 4962; x_wconf 81' lang='lat' dir='ltr'><strong>asteriscbi</strong></span> <span class='ocrx_word' id='word_1_295' title='bbox 1533 4925 1580 4961; x_wconf 83' lang='lat' dir='ltr'><strong>son</strong></span> <span class='ocrx_word' id='word_1_296' title='bbox 1589 4914 1700 4975; x_wconf 80' lang='lat' dir='ltr'><strong>supplite</strong></span> <span class='ocrx_word' id='word_1_297' title='bbox 1713 4913 1755 4963; x_wconf 75' lang='lat' dir='ltr'><strong>dni</strong></span> <span class='ocrx_word' id='word_1_298' title='bbox 1764 4913 1850 4964; x_wconf 83' lang='lat' dir='ltr'><strong>Codici</strong></span> <span class='ocrx_word' id='word_1_299' title='bbox 1860 4913 2036 4963; x_wconf 78' lang='lat' dir='ltr'><strong>Strozzianoe</strong></span> <span class='ocrx_word' id='word_1_300' title='bbox 2047 4912 2163 4966; x_wconf 79' lang='lat' dir='ltr'><strong>Esteuse.</strong></span> 
     </span>
    </p>
   </div>
   <div class='ocr_carea' id='block_1_4' title="bbox 0 0 2433 6642">
    <p class='ocr_par' dir='ltr' id='par_1_5' title="bbox 0 0 2433 6642">
     <span class='ocr_line' id='line_1_36' title="bbox 0 0 2433 6642; baseline 0 0"><span class='ocrx_word' id='word_1_301' title='bbox 0 0 2433 6642; x_wconf 95' lang='lat' dir='ltr'><strong> </strong></span> 
     </span>
    </p>
   </div>
  </div>
 </body>
</html>
