4842 6642
814 830 969 888 cunnus
991 832 1219 886 nmuusmus.
1515 833 1518 838 ·
1540 817 1612 886 ltu

439 980 588 1070 propter
614 974 710 1050 bella
742 982 877 1070 vestra,
902 983 942 1052 et
971 982 1097 1052 tamen
1128 975 1298 1073 respuitis
1328 995 1547 1052 succursum
1577 981 1614 1050 et

439 1093 646 1170 remedium
673 1096 773 1189 quod
796 1096 994 1190 aliquando
1020 1096 1174 1194 porrigit
1209 1097 1268 1172 vel
1301 1100 1421 1172 mater
1447 1095 1613 1189 ecclesia,

439 1216 497 1290 vel
522 1214 721 1312 imperialis
745 1217 852 1312 aula3
870 1223 1008 1313 tamen,
1023 1217 1200 1313 quidquid
1226 1218 1322 1293 dicat
1347 1223 1467 1311 autor,
1490 1215 1615 1292 nescio

439 1334 526 1428 quid
553 1335 641 1416 utile
666 1336 801 1412 iaciant
823 1338 863 1412 iu
888 1338 989 1412 ltalia
1007 1338 1127 1435 gallici
1149 1339 1208 1414 vel
1234 1337 1447 1436 germanici,
1466 1337 1533 1412 nisi
1550 1358 1613 1412 ru·

440 1455 543 1550 pinus
567 1455 713 1552 publice
736 1465 777 1533 et
801 1458 983 1554 privatim.
997 1499 1046 1514 -
1059 1465 1093 1532 Ε
1111 1461 1173 1553 fio.
1194 1459 1260 1533 llic
1281 1457 1428 1533 Beatrix
1452 1457 1614 1554 assignat

440 1595 592 1653 causam
618 1575 813 1671 specialem
840 1597 958 1672 quare
982 1579 1160 1654 llenricus
1189 1600 1263 1654 non
1294 1578 1413 1675 potuit
1437 1577 1614 1672 consequi

441 1695 552 1770 linem
578 1717 703 1792 suum,
728 1697 865 1772 scilicet
893 1698 1140 1796 illegalitatem
1172 1698 1368 1774 Clementis
1392 1698 1437 1773 tv
1470 1698 1516 1774 de
1541 1699 1615 1773 Va·
1758 1716 1761 1722 ’

441 1815 584 1910 sconia3
614 1816 711 1892 unde
735 1816 840 1892 dicit:
867 1823 901 1890 Ε
914 1822 982 1893 tute
995 1822 1047 1912 ltu
1064 1823 1182 1894 ultore
1202 1823 1355 1915 Presetto
1379 1823 1437 1894 oct
1458 1823 1541 1915 soro
1557 1820 1613 1893 ct-

442 1939 536 2027 oiuo,
559 1937 663 2030 quasi
684 1937 799 2011 dicat:
827 1959 925 2012 unus
950 1938 1020 2013 erit
1045 1944 1136 2014 tunc
1158 1961 1251 2035 papa
1276 1940 1474 2014 Praelectus
1501 1939 1614 2015 rebus

442 2056 574 2131 sacris:
600 2062 639 2134 et
665 2077 738 2132 non
763 2057 873 2152 dicae,
897 2063 1058 2154 perfetto,
1078 2059 1174 2134 sicut
1195 2058 1301 2133 multi
1327 2066 1449 2134 textus
1469 2058 1615 2153 habent,

443 2175 530 2271 quic
555 2185 645 2253 tunc
670 2186 766 2253 esset
797 2179 995 2274 implicatio
1020 2179 1313 2256 contradictionis
1338 2181 1376 2254 in
1401 2181 1528 2275 litera5
1555 2183 1615 2254 cte

442 2288 658 2371 nouondrci
682 2319 748 2371 con
773 2301 822 2372 lui
840 2321 909 2392 per
933 2321 981 2374 uo
1006 2303 1145 2374 cumino
1165 2303 1285 2394 pulcre
1309 2323 1328 2374 e
1352 2309 1504 2393 coocrto,
1526 2301 1612 2396 quia

445 2416 638 2492 manifeste
662 2417 856 2493 videbatur
882 2419 1008 2495 lavere
1032 2420 1111 2514 sibi,
1138 2427 1175 2495 et
1198 2421 1343 2496 occulte
1359 2427 1439 2496 erat
1463 2420 1530 2494 sibi
1555 2421 1612 2494 in-

444 2536 577 2633 iestus3
604 2543 641 2614 et
665 2539 847 2614 ordinavit
871 2547 909 2614 et
934 2541 1116 2616 consensit
1140 2541 1240 2635 quod
1266 2562 1331 2617 rex
1354 2541 1536 2616 Robertus
1554 2561 1614 2618 re-

446 2658 590 2735 sisteret
614 2659 694 2753 sibi,
719 2666 758 2734 et
782 2659 976 2756 impediret
1000 2661 1079 2736 eius
1103 2661 1378 2737 coronationem
1405 2668 1442 2736 et
1467 2681 1615 2757 proces-

444 2797 546 2873 sum3
568 2785 717 2875 propter
737 2779 836 2874 quod
853 2780 1033 2857 Henricus
1049 2781 1236 2856 damnavit
1259 2788 1296 2856 et
1321 2781 1477 2878 privavit
1495 2781 1613 2878 ipsum

444 2899 647 2976 liebertum
673 2899 711 2973 in
736 2900 884 2976 civitate
909 2901 1059 2976 Pisana:
1086 2908 1124 2976 et
1153 2901 1328 2979 continuo
1353 2901 1531 2977 Clemens
1558 2922 1618 2977 re-

444 3020 590 3095 vocavit
614 3027 652 3095 et
675 3021 881 3096 annullavit
905 3021 1122 3097 seutentiam
1143 3023 1302 3117 Henrici‚
1320 3022 1417 3098 sicut
1441 3021 1487 3097 de
1514 3029 1618 3098 utro-

446 3161 521 3234 que
544 3146 632 3216 actu
658 3141 731 3216 vidi
747 3140 892 3238 publica
911 3142 1165 3218 instrumenta.
1179 3183 1229 3198 -
1242 3149 1305 3219 Mo
1323 3165 1422 3238 poco.
1441 3143 1507 3218 llic
1523 3144 1617 3219 Bea-

388 3337 397 3346 ,
447 3261 519 3335 trin
545 3261 765 3357 praenuntiat
787 3269 946 3339 mortem
963 3270 1002 3339 et
1020 3283 1169 3359 poenam
1190 3264 1363 3360 praedicto
1383 3264 1559 3339 Clementi
1580 3264 1616 3338 in

445 3379 560 3474 brevi,
586 3381 730 3456 dicens:
757 3386 833 3475 lla,
859 3383 977 3458 dictus
1008 3382 1177 3458 Clemens
1202 3372 1307 3481 papa,
1334 3373 1423 3457 sard
1442 3387 1508 3477 pot
1525 3405 1618 3477 poco

445 3507 589 3596 colluto
614 3506 664 3577 du
690 3506 759 3576 Dio
791 3505 850 3576 nel
877 3510 981 3576 sunto
1005 3507 1129 3596 officio,
1155 3504 1301 3599 scilicet,
1328 3505 1364 3578 in
1396 3512 1555 3600 papatu3
1583 3511 1620 3580 et

446 3622 540 3697 bene
557 3645 702 3718 parum,
724 3623 811 3718 quia
828 3623 998 3698 Clemens
1015 3623 1218 3719 supervixit
1234 3624 1330 3699 dicto
1347 3625 1503 3700 Henrico
1520 3625 1619 3700 circa

446 3751 587 3839 septem
614 3765 759 3820 menses
785 3765 871 3820 cum
898 3743 1059 3840 dimidio,
1086 3752 1127 3818 ut
1151 3745 1286 3820 audivi.
1320 3747 1364 3820 Et
1392 3744 1494 3820 dicit:
1520 3748 1572 3819 ct’
1589 3749 1623 3820 el

446 3857 534 3938 sarci
551 3867 704 3957 muoso,
718 3864 820 3960 idest,
840 3864 1020 3960 impulsus
1030 3859 1080 3960 (⁴),
1098 3855 1135 3940 lu
1152 3869 1241 3940 dove
1258 3869 1377 3941 Simon
1394 3887 1501 3958 mago
1518 3861 1540 3940 e*
1552 3888 1620 3959 per

446 4006 510 4058 suo
535 3991 658 4078 merto,
686 3985 789 4078 idest,
816 3984 852 4058 in
879 3985 1027 4060 tertiam
1054 3985 1231 4083 bulgiam,
1256 3986 1316 4060 ubi
1342 3985 1547 4082 puniuntur
1573 3985 1621 4058 si-

448 4104 623 4198 moniacl3
644 4111 682 4180 et
702 4105 804 4180 dicit:
824 4097 949 4201 esord
973 4111 1053 4199 quel
1074 4109 1252 4199 cl'Alopoo
1278 4109 1399 4181 undar
1419 4103 1481 4201 pici
1506 4110 1620 4200 pinso,

447 4224 549 4318 idest,
567 4225 793 4300 Boniiacium
809 4227 883 4300 Vlll
909 4226 973 4321 qui
1000 4227 1068 4301 luit
1090 4228 1136 4304 de
1161 4227 1324 4324 Anagnia
1342 4227 1496 4303 'civitate
1513 4228 1621 4303 Cam·
1702 4273 1703 4278 Ν

447 4345 574 4441 pauiae,
592 4353 635 4420 ut
659 4346 835 4443 scriptum
861 4353 917 4422 est
942 4347 1076 4423 lnlerni
1102 4349 1260 4445 capitulo
1279 4347 1414 4444 llllllll,
1433 4346 1495 4422 ubi
1513 4354 1622 4422 autor

446 4467 557 4542 etiam
589 4467 846 4562 praenuntiavit
859 4459 897 4560 (¹)
934 4468 1067 4545 dictam
1099 4475 1257 4545 mortem
1289 4477 1327 4546 et
1352 4490 1499 4566 poenam
1531 4467 1623 4543 inla-

447 4586 531 4661 miae
556 4586 762 4668 Clementis.
792 4587 837 4661 Et
868 4588 927 4664 lric
960 4589 1088 4664 ultimo
1119 4595 1203 4664 nota
1231 4590 1330 4684 quod
1360 4595 1470 4664 autor
1499 4594 1621 4663 tanto·

447 4726 536 4805 pere
559 4706 727 4802 deplorat
747 4707 931 4806 indignam
955 4715 1114 4784 mortem
1139 4708 1296 4805 Henrici,
1324 4715 1361 4784 et
1387 4708 1623 4784 commendat

512 4971 542 5036 i¹i
559 4972 591 5022 Β·
606 4971 704 5035 wlffl·
869 4928 872 4940 Ι
976 4969 1006 5035 (’)
1021 4971 1052 5023 Ε.
1070 4973 1232 5036 pronuntiat.
