4842 6642
885 876 1025 932 esurus
1051 875 1219 932 nummus.
1592 864 1638 931 43

465 1019 619 1112 rarohia,
642 1018 688 1093 de
713 1016 842 1092 divinis
867 1018 1077 1094 nominibus
1103 1026 1171 1094 eto.
1202 1017 1295 1093 llicit
1320 1039 1434 1114 ergo:
1461 1027 1638 1113 Appresso

464 1143 554 1231 ordi,
572 1139 708 1214 scilicet
732 1143 813 1233 post
838 1137 1085 1233 Salomonem,
1109 1141 1138 1213 il
1161 1141 1251 1213 tome
1276 1141 1314 1212 di
1333 1143 1413 1232 puel
1433 1160 1529 1229 cero,
1546 1139 1638 1214 idest

462 1259 667 1334 claritatem
683 1257 779 1332 illius
796 1258 951 1334 lucentis
970 1259 1080 1353 cerei,
1099 1259 1190 1334 idest
1206 1259 1369 1334 ardentis
1387 1258 1535 1353 spiritus
1553 1257 1638 1333 llio·
1725 1339 1730 1346 ,

464 1377 567 1476 nysii,
593 1381 653 1451 rire
677 1385 777 1469 pinso
801 1381 839 1452 in
864 1400 986 1469 corne,
1004 1379 1096 1456 idest
1113 1380 1242 1454 vivens
1259 1380 1296 1452 in
1318 1377 1467 1471 mundo,
1485 1380 1564 1452 vide
1577 1373 1639 1470 ptri

463 1502 649 1591 oddentro,
667 1499 768 1594 idest,
787 1501 1001 1596 profundius
1015 1494 1052 1594 (¹)
1071 1500 1244 1598 cognovit
1261 1501 1480 1595 mentaliter,
1498 1504 1639 1591 lanpe-

463 1623 532 1695 liro
548 1628 680 1695 nomro
696 1624 753 1695 e'l
767 1624 943 1696 ministero
951 1647 967 1717 ,·
984 1622 1071 1716 quia
1089 1622 1224 1697 scilicet
1237 1623 1475 1698 excellentius
1495 1623 1637 1718 scripsit

462 1742 510 1818 de
537 1749 668 1817 natura
694 1749 731 1816 et
756 1741 875 1817 ollicio
904 1745 1138 1840 angelorum,
1163 1765 1276 1837 quarn
1302 1744 1396 1818 alius
1421 1744 1636 1838 quisquam,

464 1863 563 1938 unde
586 1871 696 1937 autor
720 1861 870 1957 praeiert
886 1883 974 1938 eurn
992 1863 1171 1961 Gregorio
1187 1864 1327 1938 doctori
1353 1864 1516 1938 interiori
1537 1863 1638 1959 copi·

462 1983 811 2058 tulo—Nellottro.
825 1983 888 2059 llio
904 1985 1062 2060 Thomas
1075 1984 1246 2059 describit
1262 1985 1375 2059 alium
1393 1977 1430 2077 l')
1444 1986 1633 2060 doctorem

462 2104 520 2180 vel
538 2104 704 2199 spiritum
725 2103 771 2179 de
788 2105 883 2180 dictu
901 2127 1050 2198 corona,
1065 2105 1201 2180 seilicet
1213 2106 1448 2180 Ambrosium
1465 2109 1523 2180 rel
1540 2108 1634 2181 0ro·

461 2224 568 2298 sium.
605 2223 708 2300 Unde
740 2224 787 2298 od
818 2224 1036 2300 evidentiam
1073 2225 1175 2298 istius
1209 2226 1325 2300 literae
1351 2233 1407 2300 est
1433 2227 1634 2300 notandum

460 2344 559 2439 quod
585 2344 689 2419 litera
715 2345 781 2419 istu
808 2351 925 2439 potest
952 2345 1132 2420 verificari
1152 2352 1227 2420 tam
1245 2345 1292 2420 de
1308 2346 1502 2420 Ambrosio
1520 2367 1634 2440 quam

460 2463 508 2539 de
532 2464 672 2539 Orosio
691 2466 745 2540 lle
762 2465 955 2539 Ambrosio
973 2465 1120 2559 quidem
1140 2466 1227 2560 quie
1255 2465 1320 2540 luit
1347 2486 1505 2562 magnus
1521 2466 1636 2540 advo-

460 2591 565 2659 outus
596 2594 806 2682 temporum
833 2587 1128 2680 christianorum,
1155 2586 1242 2681 quia
1267 2593 1436 2682 tempore
1461 2608 1529 2661 suo
1553 2587 1635 2681 pul·
1718 2604 1721 2609 ¹

460 2705 672 2782 lulaverunt
694 2707 797 2781 multi
817 2713 853 2781 et
874 2707 997 2803 magni
1020 2707 1196 2800 haeretioi3
1215 2713 1343 2781 eontra
1363 2727 1457 2800 quos
1474 2708 1632 2781 Ambro-

461 2823 537 2896 sius
553 2823 754 2899 defensarit
771 2824 961 2899 ecclesiam
976 2825 1052 2918 Dei,
1067 2825 1182 2899 immo
1196 2832 1233 2899 et
1246 2832 1373 2900 contra
1387 2826 1631 2901 Theodosium

460 2944 720 3039 imperatorem
748 2945 816 3019 luit
840 2945 1123 3037 audacissimum
1148 2953 1186 3020 et
1217 2946 1370 3020 adeius
1403 2947 1633 3041 predicatio-

461 3084 546 3139 nem
575 3064 802 3160 Augustinus
836 3085 1037 3139 oonrersus
1071 3065 1215 3139 suited
1250 3065 1372 3160 fidem,
1407 3067 1470 3159 qui
1512 3057 1631 3158 luitl³l

458 3184 700 3260 validissimus
726 3185 882 3260 malleus
908 3186 1179 3260 hoereticorum.
1201 3187 1325 3260 Potest
1350 3185 1460 3260 etiam
1482 3185 1631 3282 intelligi

455 3302 503 3379 de
533 3304 648 3379 Paulo
682 3306 821 3400 0rosio,
848 3306 911 3400 qui
943 3305 1011 3378 tuit
1043 3294 1265 3398 defensor(*)
1294 3311 1505 3400 temporum
1536 3306 1635 3380 elui-

456 3424 661 3499 suanorum
687 3425 917 3521 reprobando
944 3433 1111 3521 tempora
1135 3446 1290 3522 pagane,
1317 3427 1411 3500 siout
1442 3426 1633 3500 evidenter

456 3551 606 3640 apparet
633 3566 679 3620 ex
704 3547 784 3620 eius
810 3566 923 3640 opere
949 3547 1048 3641 quod
1075 3545 1281 3619 intitulatur
1301 3547 1470 3620 ormesta
1491 3545 1631 3638 muudi,

455 3685 568 3761 quem
595 3666 730 3740 librum
757 3667 842 3742 ieoit
866 3666 913 3740 ad
937 3667 1149 3761 petitionem
1183 3667 1280 3741 beati
1306 3667 1511 3762 Augustini,
1538 3667 1633 3741 siout

454 3787 531 3882 ipse
565 3787 715 3863 Orosius
747 3793 903 3862 testatur
934 3787 971 3860 in
1002 3787 1195 3882 prohemio
1226 3786 1310 3861 dieti
1349 3787 1441 3860 libri.
1481 3787 1536 3860 Ad
1561 3787 1631 3861 hoc

456 3913 513 3981 est
537 3907 725 3982 sciendum
753 3908 850 4002 quod
879 3914 1045 4002 tempore
1070 3907 1263 4004 Augustini
1289 3909 1406 3982 Roma
1433 3907 1501 3981 tuit
1525 3913 1631 4002 eapte

459 4033 496 4102 et
522 4027 671 4123 spoliata
698 4050 719 4102 a
745 4028 865 4124 gothis
891 4034 974 4122 ete,
1001 4027 1275 4123 propterquod
1302 4028 1445 4102 romoni
1464 4029 1630 4122 blasphe-

457 4147 606 4222 mabant
631 4149 828 4242 Christum,
848 4157 885 4224 et
905 4149 1128 4223 damnabant
1156 4155 1322 4243 tempora
1340 4147 1547 4240 christiana,
1569 4167 1630 4220 as-

456 4273 621 4342 serentes
650 4267 748 4361 quod
781 4268 1008 4363 temporibus
1042 4268 1176 4361 quibus
1211 4266 1380 4343 colebant
1404 4266 1493 4341 deos
1518 4265 1631 4341 hobe-

455 4387 543 4461 bant
569 4407 722 4482 magnas
748 4387 917 4462 victorias
943 4393 979 4462 et
1005 4387 1222 4482 triumphos
1240 4395 1278 4463 et
1300 4386 1478 4461 tlorebant
1499 4385 1630 4481 opibus

454 4511 492 4580 et
517 4505 688 4580 omnibus
706 4506 829 4600 bonis;
848 4514 1015 4601 tempore
1032 4527 1121 4580 vero
1139 4507 1271 4581 Christi
1287 4499 1324 4599 (⁵)
1344 4505 1507 4600 quotidie
1524 4511 1631 4582 erent

455 4627 577 4722 praeda
595 4626 841 4701 barbarorum
861 4631 948 4720 eto,
967 4627 1233 4721 propterquod
1252 4627 1382 4701 beatus
1402 4627 1629 4724 Augustinus

515 4857 543 4921 (¹)
559 4859 590 4910 Ε.
606 4858 743 4922 profunde.
994 4855 1022 4921 (¹)
1039 4858 1070 4908 Ε.
1087 4858 1167 4909 alium
1183 4860 1303 4922 spiritum
1319 4858 1435 4909 doctoris
1450 4858 1482 4909 de
1498 4858 1574 4909 dieu.

517 4935 545 4998 (ἢ
562 4935 593 4986 Ε.
609 4934 659 4987 tuit
676 4941 763 4999 poster
781 4935 958 4988 validissimus.

518 5011 546 5076 (¹)
562 5013 592 5063 Ε.
608 5012 729 5064 defensor
743 5014 860 5064 ecclesie
877 5013 924 5063 Dei
940 5017 1058 5076 tompore
1074 5013 1283 5064 christianorum.
1355 5011 1384 5074 (⁵)
1400 5010 1431 5060 Ε.
1447 5010 1509 5061 Iesu
1525 5007 1628 5060 Christi.
