4842 6642
935 747 985 816 lt
1323 757 1529 816 murdro!
1553 759 1719 814 rnnnnrsr

932 911 1037 980 retur
1062 905 1221 1000 spatium
1247 903 1389 980 dicendi
1421 905 1470 980 illi
1500 903 1652 1000 spiritui.
1685 901 1821 979 Ordina
1854 903 1906 978 sic
1937 903 2104 979 literam:

936 1030 1022 1100 Voce
1045 1029 1077 1100 ri
1101 1046 1214 1098 morse
1238 1027 1295 1098 det
1318 1046 1405 1099 ruer
1424 1029 1584 1100 dettono
1600 1027 1687 1098 delle
1705 1027 1774 1098 tuot
1791 1045 1917 1115 nuooe,
1934 1023 2037 1117 idest,
2055 1024 2103 1100 de

930 1153 1053 1220 mente
1080 1146 1189 1219 unius
1215 1144 1304 1220 clari
1328 1144 1487 1221 doctoris
1512 1146 1608 1220 illius
1632 1144 1803 1220 secundae
1827 1163 1989 1238 eoronae,
2019 1165 2105 1238 quae

931 1286 1003 1342 vox
1030 1265 1078 1341 ita
1104 1265 1237 1341 direxit
1261 1266 1389 1340 oculos
1413 1266 1553 1341 autoris
1578 1265 1625 1341 ad
1650 1264 1913 1360 respiciendam
1939 1263 2101 1340 animam

878 1349 892 1386 ⁹
931 1385 1030 1460 illam
1057 1405 1081 1460 a
1105 1407 1179 1479 qua
1197 1384 1377 1479 veniebat,
1395 1385 1490 1460 sicut
1514 1405 1605 1460 aeus
1629 1383 1809 1460 calamitae
1830 1383 1953 1479 dirigit
1975 1385 2103 1458 oculos

931 1505 1134 1602 navigantis
1158 1505 1203 1580 ad
1231 1505 1424 1580 videndam
1451 1513 1745 1599 tramontanam3
1778 1505 1877 1580 unde
1907 1504 2011 1579 dicit:
2044 1507 2105 1579 rte

931 1629 980 1701 mi
1000 1629 1073 1719 seee
1092 1646 1206 1717 pern
1231 1629 1338 1718 tago
1363 1628 1438 1699 otta
1461 1629 1575 1716 rtetto,
1601 1625 1705 1718 idest,
1730 1645 1839 1700 acum
1865 1624 1913 1698 ad
1938 1630 2103 1700 tramon-

931 1752 1066 1838 tanam,
1083 1748 1120 1818 tn
1141 1747 1312 1836 volgermt
1330 1749 1369 1819 ot
1381 1767 1447 1820 ruo
1466 1748 1566 1836 dove,
1586 1745 1690 1837 idest,
1706 1745 1753 1820 ad
1770 1766 1881 1818 snum
1905 1744 1980 1838 ubi,
1997 1747 2103 1838 quasi

929 1865 1034 1958 dicat,
1053 1865 1102 1940 lta
1119 1866 1270 1940 oculum
1291 1887 1416 1941 meum
1434 1866 1565 1941 direxit
1582 1866 1629 1942 ad
1648 1866 1770 1940 locum
1789 1865 1853 1940 ubi
1877 1871 1958 1939 erat
1982 1865 2104 1940 anima

929 2005 1014 2080 quae
1038 1987 1273 2081 loquebatur,
1292 1986 1386 2060 sicut
1408 2007 1498 2062 aeus
1521 1987 1643 2084 dirigit
1668 1988 1819 2062 oculum
1838 1981 1875 2078 (⁸)
1894 1988 1941 2064 ad
1962 1987 2103 2062 stellam

929 2111 1213 2181 tramontanam.
1239 2107 1285 2182 Et
1310 2107 1380 2182 hoo
1405 2107 1487 2182 dico
1512 2107 1580 2180 luit
1605 2114 1798 2202 postquam
1817 2108 1888 2182 illae
1902 2109 2038 2183 anirnae
2055 2107 2106 2183 si-

931 2227 1008 2302 nrul
1027 2233 1064 2302 et
1081 2228 1196 2303 semel
1221 2227 1454 2304 coneorditer
1470 2227 1643 2322 quietata
1663 2235 1765 2322 sunt;
1784 2228 1882 2302 undo
1901 2228 2006 2302 dicit:
2017 2233 2104 2320 pot-

930 2341 993 2421 ede*
1006 2351 1032 2422 ’t
1046 2351 1212 2442 montio,
1230 2348 1321 2423 idest
1337 2347 1570 2441 circulatio,e
1586 2351 1711 2423 l’ottro
1724 2352 1817 2442 sesto
1831 2351 1983 2442 grande,
1999 2348 2102 2442 idest,

932 2487 1064 2563 magna
1089 2468 1358 2563 nongrntulatio
1381 2489 1496 2562 qnam
1523 2469 1684 2546 fecerant
1711 2471 1822 2544 simul
1856 2469 2036 2544 cantando
2060 2477 2100 2543 et

930 2586 1038 2661 sirnul
1065 2586 1259 2681 radiand03
1293 2588 1402 2683 unde,
1426 2580 1458 2661 si
1481 2591 1539 2662 det
1564 2598 1693 2664 cantor
1723 2583 1799 2664 esi
1832 2593 1890 2666 del
1918 2593 2100 2682 finalmen-

895 2714 902 2728 '
928 2709 1054 2798 giardi,
1080 2707 1284 2801 hincinde,
1310 2712 1383 2782 tuce
1412 2711 1578 2784 contere
1607 2714 1776 2802 goudtooe
1806 2733 1826 2786 e
1853 2712 1980 2786 blande
2009 2715 2103 2804 ostie·

930 2821 1019 2902 torst
1042 2831 1196 2920 insieme,
1214 2831 1301 2923 quia
1327 2838 1567 2906 cessaverunt
1590 2852 1613 2906 a
1640 2839 1743 2906 motu
1761 2840 1799 2907 et
1814 2841 1939 2927 cantu,
1958 2855 1981 2906 α
1993 2841 2104 2926 protto

930 2950 974 3022 ed
997 2969 1022 3020 o
1047 2953 1157 3039 noter,
1174 2949 1277 3044 idest,
1298 2950 1345 3024 ad
1373 2973 1491 3025 unum
1518 2957 1696 3046 punctum
1723 2959 1760 3026 ot
1784 2953 1831 3026 ad
1858 2975 1975 3026 unum
1997 2955 2102 3030 vello

928 3070 972 3143 Et
997 3069 1067 3144 hoc
1092 3070 1254 3145 declarat
1278 3091 1345 3165 por
1370 3072 1583 3167 exemplum
1609 3060 1778 3150 naturale
1802 3076 2015 3167 oculorum,
2037 3075 2102 3168 qui

928 3189 1037 3264 simul
1063 3190 1286 3265 clauduntur
1310 3199 1349 3266 et
1372 3192 1482 3266 simul
1506 3193 1743 3289 aperiuntur3
1771 3194 1869 3269 unde
1895 3195 2004 3270 dicit:
2030 3217 2103 3289 pur

927 3329 1023 3384 conte
1045 3313 1097 3401 gli
1120 3313 1216 3384 oceli
1239 3314 1384 3385 convert
1407 3315 1568 3386 edium
1591 3335 1611 3385 e
1636 3315 1766 3387 tenero
1786 3317 1938 3406 rueme,
1965 3335 2098 3392 secun·

927 3429 1016 3504 dum
1038 3437 1181 3506 molum
1201 3432 1419 3526 naturalem,
1439 3433 1505 3507 nisi
1524 3434 1606 3527 quis
1622 3433 1721 3508 alind
1740 3434 1788 3510 de
1805 3435 1981 3511 industria
2003 3437 2103 3529 velit,

927 3552 1175 3647 uoluente
1192 3555 1369 3642 limeooe,
1387 3552 1533 3646 scilieet,
1552 3554 1632 3628 illos
1653 3554 1790 3648 oculos,
1810 3560 1852 3628 ut
1866 3555 1914 3630 de
1934 3577 1975 3632 se
1991 3563 2103 3652 patet.

930 3669 974 3743 Et
999 3677 1053 3746 ost
1077 3672 1305 3766 eomparatio
1330 3673 1495 3767 propria:
1520 3673 1614 3772 siout
1639 3675 1737 3748 enim
1764 3675 1861 3749 oculi
1887 3676 2099 3762 innomine

929 3791 1175 3866 communiter
1200 3792 1310 3867 simul
1344 3801 1552 3887 moventur,
1585 3794 1634 3868 ita
1667 3794 1873 3870 intellectus
1905 3797 2101 3872 doctorum

929 3910 1040 3984 simul
1070 3912 1294 3986 conveniunt
1319 3921 1357 3988 et
1381 3913 1605 3988 concordant
1631 3919 1673 3986 ut
1698 3915 1914 4009 plurimum,
1939 3917 2007 3990 nisi
2037 3938 2104 4012 per

928 4030 1096 4105 accidens
1121 4032 1220 4105 alind
1246 4033 1319 4106 fiat.
1334 4039 1429 4106 -Ε
1455 4026 1633 4107 commod.
1666 4033 1730 4108 llic
1763 4041 1873 4109 autor
1902 4035 2050 4111 adducit
2063 4029 2101 4128 (²)

928 4153 1133 4228 orationem
1154 4153 1249 4228 illins
1266 4154 1424 4248 spiritns.
1444 4154 1498 4228 ad
1515 4153 1613 4248 quod
1632 4160 1687 4229 est
1705 4155 1983 4249 praesciendum,
2003 4157 2101 4250 quod

928 4271 995 4348 iste
1020 4280 1100 4350 erat
1125 4273 1274 4369 spiritus
1299 4276 1569 4350 Bonaventurae
1593 4274 1640 4350 de
1664 4275 1800 4351 Balnen
1825 4275 1951 4372 Regio,
1972 4276 2020 4352 de
2039 4299 2102 4352 or·

928 4393 1012 4470 dine
1036 4395 1239 4489 minorum,
1263 4395 1328 4490 qui
1354 4395 1422 4468 luit
1447 4394 1623 4491 magister
1640 4395 1677 4469 in
1694 4417 1799 4471 sacra
1821 4397 2015 4494 theologia,
2036 4399 2100 4492 qni

928 4512 1047 4607 primo
1071 4514 1187 4608 aperit
1214 4515 1451 4590 intentionem
1478 4535 1601 4608 suam,
1624 4515 1819 4592 ostendens
1844 4517 1932 4611 quid
1955 4524 2102 4596 moreat

928 4655 1015 4710 oum
1043 4633 1089 4709 ad
1115 4636 1353 4729 loquendum.
1381 4635 1474 4710 Dicit
1499 4655 1609 4732 ergo:
1637 4640 1674 4712 L'
1688 4658 1805 4728 amon
1831 4637 1980 4733 scilieet,
2005 4638 2103 4714 eari-

931 4803 1153 4812 Μ*
1164 4805 1281 4811 -.—-......
1290 4805 1417 4812 ———·.-——
1427 4807 1431 4810 .

991 4898 1018 4959 (¹)
1034 4895 1065 4946 B.
1081 4857 1194 4946 oculum¹
1206 4903 1292 4948 mulo
1307 4898 1349 4948 ud.
1536 4896 1565 4959 (²)
1581 4899 1613 4952 lt.
1628 4901 1710 4963 mult.
